2888 4934
184 464 296 544 [1087]
560 460 678 521 LIBER
697 460 901 523 SEPTIMUS.
1200 464 1261 527 243
1351 477 1353 480 ‘

186 623 268 670 sum
276 653 289 685 ,
309 610 343 668 et
359 599 395 665 in
411 597 514 693 citjus
526 619 640 665 manu
653 611 740 666 sunt
753 595 901 681 omnia,
923 593 1021 664 illud
1034 597 1258 671 continendo.

187 713 279 786 Non
295 719 392 783 enim
409 727 549 782 tantum.
566 710 677 784 decus
693 710 1002 806 bereditariojure
1012 714 1183 814 possedi,
1199 720 1267 789 sed

190 833 278 904 diro
292 830 464 928 eorfiiotu
480 847 513 902 et
531 831 646 903 multa
663 831 837 929 effusione
854 830 1009 902 liumani
1024 834 1164 905 cruoris
1173 861 1265 935 per-

183 949 275 1048 jum
298 949 377 1046 regi
399 945 563 1017 Heraldo
580 945 733 1033 obstuli,
754 964 788 1018 et
803 942 998 1043 inteffectis
1017 948 1077 1020 vel
1092 948 1266 1049 effugatis

176 1063 399 1164 fautoribus
431 1066 529 1163 ejus,
563 1064 768 1136 dominatui
794 1091 872 1136 meo
898 1064 1038 1165 subegi.
1066 1065 1267 1140 Naturales

192 1181 409 1280 regnifilios
421 1179 510 1281 plus
531 1207 634 1280 aequo
654 1207 785 1253 exosos
803 1180 927 1253 babai.
952 1182 1107 1255 Nobiles
1124 1201 1159 1255 et
1178 1185 1268 1256 vul·

189 1326 303 1400 gates
320 1297 514 1370 crudeliter
531 1301 681 1387 vexavi,
701 1299 834 1399 injuste
849 1296 984 1370 multos
1004 1299 1270 1388 exhereditavi;

191 1419 423 1503 innumeros,
448 1420 610 1486 maxime
632 1416 671 1487 in
690 1442 793 1516 pago
816 1416 1065 1504 Eboracensi‚
1079 1419 1191 1511 fame
1207 1444 1270 1491 seu

177 1534 289 1631 ferro
316 1537 423 1605 morti
451 1538 542 1605 cavi.
572 1533 679 1605 Deiri
702 1535 799 1604 enim
830 1551 864 1606 et
894 1536 1270 1609 Trans-Humbranse

186 1669 315 1752 gentes
339 1653 539 1723 exercitum
558 1649 691 1739 Sueni,
713 1652 908 1723 Danorum
932 1654 1047 1753 regis,
1070 1670 1198 1728 contra
1214 1679 1272 1726 me

190 1785 446 1870 susceperunt,
466 1784 501 1840 et
523 1767 719 1840 Robertum
736 1769 783 1839 de
806 1770 972 1840 Cuminis
989 1795 1073 1843 cum
1092 1771 1191 1842 mille
1208 1775 1270 1843 mi·

193 1887 315 1959 litibus
345 1889 441 1959 intra
465 1886 690 1958 Dunelmum
702 1943 714 1977 ,
739 1887 907 1986 aliosque
932 1914 1096 1987 proceres
1120 1915 1216 1962 meos
1239 1906 1273 1962 et

193 2009 329 2079 tirones
341 2004 623 2103 probatissimos
637 2009 676 2074 in
689 2004 840 2077 diversis
856 2004 948 2077 lovis
957 2011 1215 2105 peremerunt(
1239 2009 1269 2105 ).

194 2120 302 2198 Unde
321 2122 563 2195 immoderato
566 2119 704 2221 furore
720 2140 935 2212 commotus,
956 2127 996 2196 in
1017 2123 1177 2198 boreales
1196 2129 1274 2197 An·

187 2243 275 2342 glos
300 2258 339 2314 ut
362 2268 521 2314 vesanus
541 2241 598 2314 leo
608 2243 821 2343 properavi.
848 2249 986 2317 Damas
1010 2268 1133 2315 eorum
1150 2246 1271 2344 jussi,

189 2375 404 2459 segetesque
416 2375 450 2432 et
464 2385 604 2432 omnem
619 2374 846 2459 apparatum
859 2379 970 2461 atque
981 2361 1270 2463 suppellectilem

186 2474 385 2576 confestim
402 2477 570 2564 incendi,
593 2493 628 2550 et
640 2482 805 2577 copiosos
820 2496 1062 2552 armentorum
1071 2481 1274 2583 pecudum·

185 2619 266 2696 que
293 2621 425 2694 greges
456 2599 596 2695 passim
635 2597 805 2667 mactan'.
848 2596 1118 2669 Multitudinem
1152 2598 1273 2698 itaque

184 2716 382 2811 utriusque
392 2737 504 2783 senus
515 2732 590 2782 tam
602 2709 818 2809 dirrefamis
833 2739 1007 2786 mucrone
1018 2713 1191 2786 mulctavi
1201 2714 1270 2813 (2),

183 2851 225 2906 et
248 2832 306 2903 sie
330 2830 448 2904 multa
465 2830 583 2901 millia
594 2829 851 2925 puleberrimre
874 2833 993 2928 gentis
1016 2857 1143 2902 senum
1163 2835 1272 2930 juve-

183 2971 374 3044 numque,
397 2944 491 3048 prob
507 2945 634 3017 dolor!
638 2943 815 3044 funestus
838 2945 1032 3019 trucidavi.
1054 2949 1191 3019 Fasces
1208 2949 1274 3045 igi-

184 3083 259 3137 tur
270 3062 379 3164 hujus
401 3065 523 3160 regni,
544 3089 637 3162 quos
655 3089 739 3136 cum
757 3078 808 3135 tot
816 3065 983 3164 peccatis
1000 3063 1160 3152 obtinui,
1180 3064 1276 3136 nulli

188 3181 322 3256 audeo
345 3180 510 3268 tradere,
538 3183 613 3253 nisi
632 3181 715 3253 Deo
735 3181 825 3266 soli,·
847 3207 893 3253 ne
908 3199 994 3281 post
1004 3177 1131 3281 funus
1156 3209 1277 3255 meum

192 3298 328 3373 adbuc
352 3298 533 3370 deteriora
553 3299 654 3400 fiant
683 3301 878 3372 occasione
901 3300 987 3371 mei.
1017 3300 1273 3388 Guillelmum,

175 3417 317 3509 filium
333 3443 466 3506 meum,
483 3417 548 3516 qui
559 3416 652 3488 milii
664 3443 689 3489 a
699 3418 830 3515 primis
842 3421 950 3489 annis
961 3443 1105 3518 semper
1114 3415 1276 3504 inlicesit,

198 3551 234 3606 et
258 3532 352 3604 milti
373 3561 441 3636 pro
463 3560 575 3635 posse
598 3561 665 3607 suo
688 3560 757 3634 per
779 3540 904 3608 omnia
926 3534 1078 3606 libenter
1101 3533 1277 3627 obedivit,

198 3665 293 3752 opto
307 3653 346 3724 in
356 3652 486 3752 spiritu
499 3650 574 3722 Dei
583 3649 649 3723 diu
662 3650 811 3740 valere,
826 3668 860 3722 et
871 3655 908 3722 in
924 3652 1029 3747 regni
1037 3650 1149 3741 solio,
1164 3654 1199 3725 si
1208 3653 1282 3724 Dei

200 3768 380 3842 voluntas
396 3786 449 3842 est
455 3826 468 3859 ,
473 3767 645 3868 feliciter
642 3767 811 3868 fulgere.

238 4076 279 4146 (ι)
295 4079 387 4150 Voyez
400 4078 553 4146 ci-dessus,
571 4089 592 4134 t.
606 4080 651 4147 11,
676 4101 703 4152 p.
725 4080 774 4135 166
787 4093 817 4136 ot
835 4098 893 4154 ¹90·
916 4081 1027 4137 L’ordre
1044 4082 1093 4138 des
1110 4087 1286 4139 e'vbnements

215 4179 254 4223 est
268 4170 414 4224 interverti
428 4169 496 4223 dans
510 4189 542 4225 ce
556 4189 680 4244 passage.

246 4261 284 4329 (v)
298 4258 391 4323 ibid..
408 4279 436 4333 p.
457 4278 515 4334 ¹9¹·
