2888 4934
104 363 198 438 {rear
216 361 306 435 1098]
493 356 613 418 LIBER
632 358 769 420 NONUS.
1109 361 1169 424 529

105 484 264 558 buslibet
274 488 452 560 mortibus
461 489 695 561 funestarent.
710 487 915 580 Christiani,
929 504 1062 587 praeter
1078 489 1170 580 hmo,

107 605 246 702 maguis
257 604 505 704 affligebantur
519 602 766 694 incommodis,
778 604 861 703 quia
872 629 938 678 nec
951 605 1175 681 obsidionem

107 717 287 807 deserere,
306 744 374 792 nee
385 720 543 818 procula
559 720 681 791 eastris
693 719 872 792 audebant
887 720 1094 819 procedere.
1110 724 1176 796 Re-

108 837 234 934 giones
251 839 464 909 circumsitae
476 837 603 937 jamin
622 853 755 909 tantam
773 837 925 911 redactae
937 856 1039 911 erant
1054 842 1177 913 solitu-

107 951 249 1037 dinem,
271 970 310 1022 nt
338 954 474 1025 nullam
492 955 540 1025 eis
565 953 833 1052 suppeditarent
851 955 1066 1053 pabulorum
1087 958 1176 1031 sub-

109 1069 424 1140 ministrationem.
467 1071 576 1142 Turei
618 1072 808 1159 nimirum,
849 1071 979 1171 quibus
1014 1074 1175 1148 locorum

109 1187 396 1283 opportunitates
424 1189 577 1287 cognitae
601 1205 722 1282 erant,
742 1191 1001 1263 frumentatum
1026 1195 1177 1266 cursita-

110 1301 218 1389 bant,
246 1319 283 1375 et
308 1304 517 1376 Christianis
543 1307 712 1377 attentius
754 1307 1024 1381 insidiabantur.
1060 1310 1179 1384 Porro

110 1445 347 1520 quaecumque
364 1423 541 1510 civitates,
558 1449 794 1523 quaecumque
808 1426 969 1515 castella,
988 1451 1178 1525 quaecum-

109 1562 180 1635 que
195 1539 410 1635 municipia,
431 1539 586 1637 quilibet
602 1537 730 1627 homo,
748 1538 919 1640 quaelibet
935 1542 1080 1632 mulier,
1096 1569 1179 1616 om-

112 1679 194 1740 ues,
216 1656 276 1753 qui
300 1654 356 1727 rel
376 1681 490 1754 prope
513 1656 566 1727 vel
584 1658 712 1754 procul
730 1675 850 1746 erant,
870 1658 1080 1733 Christianis
1104 1661 1178 1734 ini-
1266 1675 1269 1679 ’

113 1770 354 1843 mirabantur.
383 1773 507 1845 Omnis
536 1774 635 1846 locus
660 1774 865 1848 obstructus
891 1793 987 1866 erat,
1016 1803 1062 1850 ne
1086 1780 1180 1853 lorte

113 1890 355 1985 negotiatores
378 1888 421 1962 ad
442 1915 503 1963 eos
527 1892 764 1963 accessissent.
784 1894 908 1992 ltaque
934 1893 1179 1992 perhorrenda

112 2004 413 2101 periclitabantur
428 2007 632 2081 eduliorum
650 2009 782 2106 inopia.
807 2010 983 2083 Nobilitas
1000 2011 1124 2110 igitur,
1140 2027 1181 2083 nt

111 2120 210 2218 plebi
229 2123 475 2209 consulerent,
496 2123 777 2197 misericorditer
793 2125 1046 2198 anxiabantur.
1061 2126 1182 2198 Consi·
1270 2143 1273 2150 “

113 2237 202 2310 lium
223 2238 382 2311 inierunt
407 2256 447 2312 ut
471 2238 748 2313 Machomariam
768 2243 971 2331 munirent,
993 2256 1028 2314 et
1054 2242 1181 2315 Turris

114 2354 303 2424 transitum
334 2380 399 2452 per
426 2371 576 2453 pontem
613 2359 795 2430 auferrent
832 2359 899 2456 (1).
937 2359 1182 2430 Decreverunt

113 2472 221 2542 etiam
246 2487 284 2542 ut
308 2470 537 2544 Buamundus
559 2472 651 2562 dux,
672 2489 708 2546 et
724 2472 965 2561 Raimundus,
984 2475 1181 2548 Tolosanus

114 2609 247 2674 eomes,
264 2586 307 2656 ad
321 2587 471 2658 Portum
486 2587 604 2659 Sancti
623 2587 798 2660 Simeonis
809 2589 863 2685 (2)
881 2589 995 2679 irent,
1008 2604 1044 2661 et
1060 2614 1182 2687 popu-

115 2700 213 2791 lum,
234 2703 295 2802 qui
316 2703 364 2774 ibi
392 2702 619 2800 expectabat,
638 2701 682 2774 ad
706 2702 932 2775 obsidionem
950 2703 1179 2778 adducerent.

116 2816 257 2916 ltaque,
271 2819 332 2919 qui
349 2820 384 2891 in
400 2821 523 2891 eastris
536 2835 807 2908 remanserunt,
821 2819 969 2891 accincti
985 2819 1122 2919 gladiis,
1138 2819 1182 2892 ad

115 2935 297 3007 castellum
340 2935 580 3007 inchoandum
622 2935 842 3006 unanimiter
879 2960 916 3007 se
961 2961 1184 3035 praeparave-

116 3066 203 3121 runt
215 3051 283 3148 (3).
299 3052 409 3124 Turci
423 3069 556 3139 autem,
571 3078 637 3125 nec
651 3077 803 3124 numero
815 3077 882 3124 nec
892 3054 1001 3125 armis
1013 3054 1180 3153 impares,

151 3326 189 3394 (ι)
207 3323 287 3378 Cette
304 3323 454 3378 resolution
474 3342 509 3377 ne
526 3324 568 3377 sut
584 3324 672 3397 prise,
689 3342 726 3378 ou
739 3343 773 3378 au
792 3325 882 3379 moins
895 3327 1039 3394 executee,
1056 3325 1184 3398 qu’apres

114 3431 170 3486 que
183 3412 222 3467 les
236 3412 408 3466 musulmans
420 3423 519 3467 eurent
533 3415 643 3467 entered
656 3412 729 3466 leurs
742 3423 829 3467 morts
840 3423 940 3467 autom·
952 3412 987 3467 de
998 3412 1025 3467 la
1037 3415 1183 3485 mosquee,

114 3512 144 3557 et
161 3521 215 3575 que
228 3501 267 3557 les
285 3502 433 3556 Chretiens
448 3513 547 3556 curent
564 3501 685 3555 exhume
702 3519 748 3583 ces
762 3501 890 3555 cadarres
903 3519 975 3573 pour
987 3501 1135 3573 s'emparer
1149 3501 1184 3556 de

116 3592 191 3645 leurs
204 3593 295 3645 riclres
308 3591 474 3663 depouilles,
489 3609 597 3645 comme
609 3609 644 3643 on
658 3591 683 3643 le
696 3608 773 3643 verra
785 3590 910 3662 ciapres.
924 3591 960 3643 La
973 3592 1104 3663 mosquee
1117 3591 1185 3645 etait

113 3700 166 3737 aur
177 3681 201 3736 la
215 3683 272 3736 rive
285 3681 390 3747 droite‚
406 3683 486 3753 lpeu
501 3681 537 3735 de
550 3680 672 3734 distance
685 3688 714 3733 et
726 3679 873 3753 presqu'en
886 3680 944 3734 sace
956 3679 995 3734 du
1009 3691 1088 3753 pont.

152 3772 190 3842 (a)
208 3774 252 3825 Au
273 3771 345 3842 sujet
363 3771 398 3825 de
417 3790 448 3825 ce
468 3780 533 3843 port
551 3768 746 3840 (aujourd'hui
762 3768 914 3840 Souedie),
929 3786 1013 3843 voyez
1030 3769 1183 3836 ci·dessus‚

115 3871 138 3915 t.
151 3861 193 3928 ΙΙ,
209 3879 235 3933 p.
249 3860 298 3926 66,
314 3871 343 3915 et
355 3871 465 3915 surtout
477 3860 502 3914 la
515 3857 751 3931 correspondance
760 3857 892 3914 d'Orient
905 3848 1004 3931 (lettre
1017 3861 1133 3931 ctum).
1148 3863 1185 3917 Le

115 3949 198 4021 trajet
209 3968 281 4022 pour
290 3951 328 4022 s'y
339 3949 440 4005 rendre
452 3948 628 4017 d'rlntioche‚
641 3958 681 4003 est
691 3948 726 4002 de
735 3948 802 4022 cinq
813 3947 923 4017 heures,
934 3968 984 4022 par
991 3948 1016 4003 la
1026 3951 1084 4005 rire
1093 3950 1185 4006 droitu

24 4052 26 4061 '
112 4038 150 4093 de
162 4037 302 4094 l'Oronte.

150 4126 194 4197 (ἢ
210 4129 248 4184 Ce
264 4128 305 4183 lut
320 4129 347 4182 le
364 4137 454 4183 comte
475 4127 510 4182 de
528 4126 669 4182 Toulouse
686 4129 736 4201 qni
754 4145 783 4183 se
799 4128 918 4202 chnrgea
931 4127 966 4184 de
981 4129 1115 4202 poun‘oir
1129 4132 1143 4182 t
1161 4128 1184 4182 la

190 4244 242 4294 ιιι.
989 4223 1034 4305 54
