2872 4920
195 429 253 488 tet
467 427 648 488 HISTORIA
671 423 974 486 tect,EsttsTlct.

191 574 285 643 rant,
303 573 342 628 ut
357 555 434 629 haec
446 556 650 644 audierunt,
665 557 861 630 Dominum
872 555 989 627 Deum
1004 553 1173 646 Sabaoth,
1190 559 1251 657 qui

190 696 270 745 suos
285 695 427 769 semper
443 673 662 761 consolatur,
683 667 987 771 glorificaverunt.

238 789 341 862 Tunc
357 787 537 862 Guarinus
550 789 661 863 abbas
679 788 845 861 Uticense
858 785 1070 861 coenobium
1085 784 1250 887 regebat,

190 922 226 979 et
247 905 436 1004 pressatum
461 908 582 980 virum
605 932 673 1006 pro
696 931 823 1004 magna
844 904 1053 993 devotione,
1078 930 1148 1005 qua
1168 928 1252 1005 erga

189 1023 305 1095 Deum
320 1021 499 1113 fervebat,
522 1023 753 1096 vehementer
770 1021 960 1121 diligebat,
983 1038 1020 1093 et
1038 1037 1255 1094 veneranter

188 1135 403 1214 benorabat.
423 1138 522 1214 ldem
543 1162 697 1240 namque
712 1155 814 1238 pater
834 1162 918 1236 erga
940 1138 1004 1210 Dei
1023 1138 1161 1210 cultum
1176 1138 1254 1211 fer-

187 1255 289 1329 vidus
313 1272 411 1348 erat,
441 1273 548 1358 atque
573 1255 774 1357 hujusmodi
803 1254 985 1328 sediminis
1006 1255 1189 1353 specimen
1214 1256 1251 1327 in

187 1372 330 1446 assiduis
345 1373 658 1447 exercitationibus
681 1371 849 1472 agitabat.
869 1371 1068 1470 Religiosos
1088 1369 1253 1445 homines

187 1487 407 1580 honorabat,
429 1489 566 1589 sibique
583 1505 790 1562 reverenter
806 1486 1038 1586 praelerebat,
1057 1485 1253 1587 studiisque

186 1604 291 1678 bonis
304 1606 455 1679 solerter
466 1606 677 1680 inhaerebat.
690 1608 769 1704 lpse
781 1607 968 1692 nimirum,
982 1605 1145 1704 quamvis
1159 1605 1252 1704 peri·

186 1723 233 1794 tia
244 1722 447 1795 litterarum
455 1721 817 1797 admodumimbutus
826 1740 928 1809 esset,
938 1746 1013 1795 sese
1023 1718 1249 1808 humiliabat,

184 1853 221 1909 et
244 1838 439 1936 postposite
464 1828 657 1939 magisterii
679 1837 876 1938 dignitate,
899 1838 944 1912 ad
960 1837 1099 1910 diversa
1115 1838 1249 1925 officia,

183 1977 265 2054 quas
281 1954 486 2055 junioribus
507 1972 735 2056 competunt,
761 1957 862 2028 velut
880 1980 972 2028 unus
994 1981 1037 2028 ex
1057 1952 1128 2027 illis
1148 1953 1250 2028 avide

183 2072 375 2163 currebat,
401 2074 639 2174 alacriterque
664 2097 857 2173 peragens,
877 2072 1055 2146 laudabile
1084 2070 1250 2172 subjectis

183 2186 387 2288 exemplum
408 2188 616 2265 exhibebat.
644 2190 798 2264 Staturae
824 2188 969 2290 quidem
996 2188 1187 2263 mediocris
1213 2205 1248 2263 et

182 2305 325 2403 gracilis
341 2333 384 2380 ac
402 2308 616 2381 macilentus
633 2324 730 2399 erat,
749 2305 921 2407 agilisque
935 2305 980 2378 ad
1000 2306 1121 2379 omnia
1141 2329 1247 2378 com-

182 2421 307 2512 mods,
326 2439 451 2523 utpote
468 2427 530 2526 qui
550 2425 776 2525 corpulentia
792 2423 893 2497 nulla
910 2421 1142 2523 gravabatur,
1158 2446 1248 2521 pro-

181 2539 342 2639 perabat.
369 2540 427 2614 Ab
450 2543 528 2616 aliis
547 2543 725 2618 doctrine
743 2558 780 2615 ct
803 2540 1052 2616 instructionis
1072 2539 1245 2630 verbnm,

181 2655 392 2732 humilitatis
420 2680 543 2749 causa,
569 2660 701 2760 cupide
723 2658 908 2749 audiebat,
936 2675 973 2732 et
999 2658 1185 2731 multoties
1208 2681 1247 2730 ea

181 2775 307 2864 etiam,
329 2800 411 2876 quse
430 2778 557 2852 melius
574 2793 744 2869 noverat,
765 2803 785 2849 a
804 2775 950 2876 paribus
969 2778 1024 2848 vel
1044 2802 1063 2847 a
1082 2774 1249 2875 sulsjeetis

180 2888 372 2990 diligenter
385 2894 608 2994 inquirebat,
623 2911 731 2995 atqne
743 2893 843 2967 velut
855 2890 1049 2992 discipulus
1060 2890 1249 2964 humiliter

181 3007 414 3081 auscultabat.
436 3008 652 3112 Eloquentia
674 3013 712 3083 in
726 3010 940 3083 disserendis
958 3007 1175 3083 lectionibus
1188 3005 1249 3080 di-

180 3124 275 3197 vinea
294 3125 384 3225 legis
402 3127 559 3201 ubertim
574 3127 758 3217 allluebat,
777 3143 818 3201 et
834 3126 1011 3227 profunda
1028 3140 1248 3227 syntagmata

181 3240 298 3316 lucide
311 3241 508 3317 discutiens
524 3244 717 3319 reserabat.
739 3243 956 3318 Adolescens
972 3246 1047 3317 lere
1064 3267 1159 3317 xxm
1179 3268 1250 3317 an-

180 3381 314 3433 norum
343 3357 387 3431 ad
418 3359 674 3434 monachatum
700 3361 819 3451 venit,
856 3361 892 3433 in
921 3383 996 3460 quo
1028 3382 1112 3432 xcvi
1145 3357 1251 3431 annis

179 3496 320 3550 summo
339 3477 415 3577 regi
436 3477 605 3551 militavit
621 3479 694 3576 (1),
716 3468 921 3577 ingeniique
941 3477 1072 3576 sagacis
1084 3491 1122 3548 et
1134 3473 1248 3548 seduli

179 3590 360 3667 sediminis
381 3595 622 3668 emolumenta
642 3596 801 3668 metricis
817 3593 1037 3668 carminibus
1058 3610 1095 3666 et
1113 3592 1250 3665 dicaci-

179 3705 246 3779 bus
257 3710 434 3806 epistolis,
449 3712 596 3812 aliisque
608 3710 799 3784 dictatibus
813 3710 1028 3809 propalavit.
1045 3709 1102 3781 Ex
1118 3707 1251 3809 quibus

181 3849 292 3895 unum
321 3825 535 3899 miraculum
565 3828 646 3900 buic
672 3843 798 3900 nostro
824 3827 923 3899 nitor
948 3825 1075 3898 libello
1102 3823 1248 3912 indere,

214 4032 253 4102 (ι)
270 4032 309 4086 Ce
328 4034 501 4106 paragrapbe
519 4054 535 4089 a
553 4038 597 4091 ete
614 4037 685 4091 ecrit
702 4037 782 4109 apres
797 4034 821 4089 la
838 4044 912 4090 mort
927 4034 961 4090 de
974 4034 1063 4089 l’abbe
1076 4033 1187 4089 Guerin
1201 4031 1252 4087 das

181 4121 300 4189 Essarts,
318 4122 367 4196 qui
383 4123 472 4178 arriva
488 4125 514 4179 le
528 4143 557 4180 ar
573 4127 635 4198 juin
653 4123 727 4201 1137.
743 4124 766 4179 ll
781 4126 852 4180 avait
866 4103 937 4181 alors
950 4125 1127 4181 soixante-six
1142 4142 1206 4194 ans,
1222 4133 1251 4178 et

179 4229 214 4265 eu
227 4212 298 4267 avait
309 4215 387 4286 passe
398 4215 590 4287 quaranta-six
603 4214 671 4271 dans
685 4215 709 4270 le
724 4214 829 4270 cloltrc.
