2888 4934
83 410 177 488 [rutro
196 408 286 483 1098]
482 402 598 463 LIBER
619 401 756 462 NONUS.
860 427 863 431 ·
1091 407 1151 465 573

83 538 214 610 milites
231 564 273 609 ac
291 535 439 635 pedites.
458 535 620 609 Collecto
645 536 756 634 igitur
776 535 953 622 exercitu,
975 553 1151 634 quantum

82 656 221 753 potuit,
251 672 387 726 terram
413 652 696 727 sarracenorum
725 650 894 725 audacter
920 653 1086 743 intravit,
1115 672 1151 727 et

84 773 177 844 ultra
201 771 286 844 duas
313 772 490 858 civitates,
509 770 554 842 ad
576 769 758 869 quoddam
782 785 938 842 castrum
956 771 1149 867 Syrorum,

82 890 138 963 eui
170 915 303 961 nomen
332 888 535 960 Telamonia
562 889 640 986 (1),
668 887 825 960 devenit.
849 887 1146 986 Surianinautem,

83 1006 300 1078 habitatores
312 1008 399 1105 ejus,
410 1021 538 1104 sponte
551 1030 612 1078 sua
628 1005 840 1078 Christianis
850 1031 886 1078 se
899 1005 1147 1096 reddiderunt,

83 1120 204 1220 ibique
216 1121 344 1192 Franci
359 1123 433 1193 sere
446 1119 572 1193 diebus
587 1138 671 1194 octo
688 1121 957 1221 requieverunt.
1033 1151 1034 1155 ¹

130 1234 267 1307 Deinde
305 1235 458 1335 cingulis
494 1233 711 1308 militaribus
743 1236 914 1327 accincti,
943 1237 1150 1334 proximum

82 1354 267 1427 castellum
277 1353 531 1452 Agarenorum
542 1354 697 1453 aggressi
713 1369 810 1441 sunt,
826 1369 1151 1452 coangustaverunt

81 1486 117 1543 et
133 1471 420 1569 praevaluerunt,
440 1469 637 1569 depraedati
659 1486 744 1542 sunt
764 1486 801 1542 et
822 1471 971 1543 colonos
987 1497 1150 1568 pessum-

81 1587 271 1661 dederunt.
299 1589 334 1658 Si
361 1588 424 1687 qui
456 1604 574 1660 tamen
606 1585 649 1659 ad
684 1586 792 1659 fidem
826 1587 959 1660 Christi
987 1590 1151 1663 converti

81 1708 292 1795 voluerunt,
307 1707 436 1778 itlaesos
451 1722 698 1778 servaverunt.
714 1707 777 1777 His
795 1706 842 1777 ita
856 1707 1026 1804 peractis,
1040 1709 1150 1806 gavisi

50 1908 51 1911 Ἴ
81 1837 182 1910 sunt,
201 1849 243 1895 ac
261 1821 304 1894 ad
321 1822 420 1920 prius
433 1821 618 1894 castellum
636 1821 770 1894 reversi
795 1837 892 1893 sunt.
916 1823 1052 1894 lterum
1072 1839 1150 1896 ter-

81 1939 128 2010 tia
145 1938 201 2012 die
218 1941 401 2026 exierunt,
417 1956 454 2012 et
470 1939 630 2011 Murram
647 1941 702 2036 (α)
721 1939 920 2024 civitatem,
938 1965 1019 2039 quae
1036 1967 1151 2040 prope

81 2057 162 2129 illos
186 2072 283 2144 erat,
315 2071 504 2128 venerunt.
532 2053 637 2129 Unde
663 2055 769 2127 multi
800 2056 969 2154 gentiles,
991 2059 1068 2155 .qui
1105 2058 1151 2130 ab

82 2172 200 2271 Aleph
226 2189 263 2245 et
286 2173 365 2244 aliis
391 2170 605 2252 circumsitis
631 2170 783 2244 urbibus
811 2191 1082 2264 convenerunt,
1111 2176 1149 2248 in

80 2317 140 2363 eos
166 2289 209 2362 ad
235 2289 371 2363 bellum
396 2290 644 2389 prosilierunt.
670 2289 820 2379 Franci,
844 2307 1070 2390 pugnaturos
1091 2317 1152 2366 eos
1209 2366 1218 2376 ,

81 2407 266 2497 arbitrati,
287 2433 324 2480 se
342 2406 387 2480 ad
405 2432 565 2506 pugnam
582 2430 687 2479 more
712 2408 946 2480 castrensium
972 2434 1152 2507 praepara-

79 2542 210 2597 verunt
232 2525 410 2613 militum,
434 2522 494 2597 sed
521 2522 652 2596 delusit
671 2548 731 2598 eos
752 2524 933 2599 exinanita
957 2550 1035 2623 spes
1062 2527 1150 2601 illo-

80 2669 175 2715 rum.
202 2643 310 2715 Turci
339 2666 493 2740 namque
516 2665 659 2712 versum
685 2641 866 2712 civitatem
890 2657 992 2713 caute
1016 2646 1149 2715 reversi

79 2775 180 2846 sunt,
207 2784 282 2831 non
306 2757 498 2856 fugientes,
530 2780 647 2855 neque
674 2757 838 2828 cominus
859 2774 1148 2856 propugnantes3

77 2877 138 2950 sed
160 2875 317 2977 quodam
344 2891 420 2946 astu
447 2899 578 2972 pugnae
608 2898 644 2945 se
669 2870 926 2958 subducentes,
955 2891 992 2946 et
1018 2877 1150 2949 iterum

77 2995 234 3067 Francos
250 2992 357 3065 celeri
375 3006 475 3091 gestu
494 2991 765 3090 impugnantes,
784 2988 1003 3063 invadebant
1018 3017 1095 3080 eos,
1114 3010 1151 3067 et

81 3137 171 3210 gyro
194 3111 366 3184 facillimo
393 3107 670 3182 revertebantur
683 3137 694 3196 ;
726 3123 763 3179 et
789 3134 874 3181 mox
905 3109 1043 3184 reducti
1066 3115 1150 3214 equi

80 3255 203 3301 rursus
218 3228 446 3300 indifficulter
460 3224 694 3325 gyrabantur.
712 3224 842 3299 Franci
856 3226 1060 3326 frequentes
1072 3258 1151 3303 sus-

83 3344 247 3416 tinebant
270 3346 442 3442 impetus,
460 3368 527 3416 nec
544 3358 624 3415 tuto
644 3340 805 3415 devitare
827 3360 996 3442 poterant
1014 3347 1151 3421 instan-

83 3463 173 3534 tium
196 3485 401 3535 concursus.
423 3461 458 3533 Si
476 3461 575 3533 enim
600 3458 768 3533 recedere
793 3475 1035 3549 attentarent,
1066 3490 1152 3565 gen·

82 3579 314 3676 tilesatergo,
324 3575 704 3678 qucdacciditpostea,
714 3574 922 3650 cedentibus
932 3580 1148 3654 insisterent.

82 3695 338 3767 sustinuerunt
350 3719 438 3793 ergo
456 3718 567 3793 usque
579 3692 624 3765 ad
636 3717 826 3791 vesperum
845 3693 1008 3768 laborem
1021 3713 1058 3769 et
1075 3699 1150 3772 sitis

119 3925 157 3994 (ι)
170 3923 209 3978 Μ.
225 3921 373 3994 Poujoulat
384 3940 468 3994 pense
480 3940 536 3995 que
546 3933 620 3978 cette
633 3921 709 3994 place
722 3921 813 3979 devait
823 3923 885 3978 etre
895 3920 963 3978 dans
973 3924 1000 3980 le
1011 3928 1150 4003 voisinage

85 4014 123 4069 du
143 4023 222 4067 mont
240 4015 376 4077 Amanus,
395 4022 422 4066 et
442 4029 497 4085 que
514 4021 586 4066 cette
602 4010 791 4068 circonstance
808 4023 852 4068 est
872 4013 993 4087 sigualee
1013 4016 1081 4073 daus
1100 4037 1149 4075 son

86 4121 165 4169 nom,
184 4103 251 4176 qu’ii
263 4102 383 4157 faudrait
397 4102 503 4157 ecrite:
521 4102 720 4158 Tel-Aroania.

20 4221 24 4225 >
121 4195 161 4265 (a)
176 4194 302 4262 Marrah,
318 4205 397 4248 entre
411 4192 531 4248 Hamath
544 4201 572 4247 et
584 4190 664 4265 Alep.
