2888 4934
196 427 251 490 lll
464 426 647 488 HISTORIA
671 423 975 486 ECCLESth‘llCh.
1045 428 1247 503 [lutumst]

190 583 276 631 vero
295 558 464 656 temporis
481 558 544 654 (ut
559 559 595 630 in
610 557 718 630 tertio
734 556 837 654 hujus
854 557 974 655 operis
986 553 1084 630 libro
1095 556 1248 655 pleniter

190 672 1249 774 notatumest),apraelatoGuillelmoctlratribusacnepoti

188 790 254 867 bus
267 794 340 893 ejus
353 793 518 866 Uticense
532 790 738 866 coenobium
752 808 990 865 restauratum
998 808 1065 881 est,
1076 809 1115 865 et
1128 791 1248 869 labora

188 909 375 1010 studioque
388 909 725 983 Gemmeticensium
739 909 953 1009 regulariter
966 910 1172 983 institutum
1183 925 1244 983 est.

237 1025 344 1100 Anno
353 1024 528 1126 siquidem
540 1026 738 1099 Dominicae
752 1026 1009 1099 incarnationis
1022 1037 1155 1114 n⁰·1.⁰1·,
1165 1026 1247 1101 Teo

186 1144 341 1231 dericus,
358 1144 650 1217 Gemmeticensis
665 1141 860 1218 monachus
874 1143 889 1240 (
897 1143 943 1240 t),
958 1141 1112 1216 abbatiae
1125 1168 1245 1217 curam

186 1261 357 1358 suscepit,
373 1275 410 1333 et
425 1258 647 1358 neophytum
663 1284 811 1359 gregem
827 1284 892 1358 per
911 1276 995 1334 octo
1007 1284 1121 1333 annos
1138 1259 1199 1358 pie
1213 1274 1247 1332 et

185 1374 382 1474 prudenter
399 1374 580 1465 educarit,
599 1392 705 1476 atque
722 1375 917 1449 secuudum
934 1402 1102 1449 normam
1119 1376 1159 1449 S.
1179 1376 1246 1450 Be-

185 1491 315 1565 nedicti
349 1492 533 1565 ambulare
566 1493 602 1565 in
634 1492 712 1591 lege
742 1492 889 1564 Domini
923 1491 1080 1592 digniter
1109 1489 1242 1567 docuit

184 1608 320 1681 Deinde
341 1610 402 1705 (ut
421 1609 458 1680 in
475 1607 761 1707 precedentibus
783 1607 920 1680 dictum
941 1609 1013 1705 est)
1034 1632 1127 1680 onus
1150 1608 1243 1709 regi·

185 1726 290 1797 minis
318 1723 502 1815 fastidivit,
521 1725 659 1798 moestis
690 1723 925 1823 praesulibus:
943 1723 1113 1796 Maurilio
1136 1721 1245 1798 Roto-

183 1843 341 1942 magenti
356 1857 392 1915 et
403 1843 554 1942 Hugone
566 1842 774 1916 Lexoviensi
793 1842 892 1914 ultro
908 1841 1087 1940 deposuit,
1105 1854 1245 1915 terrent

182 1984 352 2056 spernens
369 1959 516 2032 erilium
534 1959 656 2057 petiit,
674 1959 928 2059 coelestemque
944 1958 1140 2030 Jerusalem
1158 1954 1246 2030 desi·

181 2074 328 2165 deraus,
346 2093 554 2151 terrestrem
566 2076 688 2150 videre
701 2077 890 2150 laborarit.
906 2075 1067 2148 Tandem
1081 2075 1118 2147 in
1130 2074 1246 2173 Cypro

184 2194 296 2267 insula
321 2196 357 2268 in
380 2196 526 2269 ecclesia
550 2196 587 2267 S.
610 2193 747 2267 Nicolai
771 2208 855 2267 aute
881 2194 993 2265 altare
1017 2192 1089 2265 lral.
1108 2191 1244 2290 augusti

182 2310 293 2400 obiit,
317 2310 438 2412 ibique
461 2340 481 2384 a
506 2327 686 2385 conventu
711 2311 972 2384 monachorum
992 2306 1248 2383 venerabiliter

182 2426 324 2525 sepeliri
342 2428 495 2516 meruit,
517 2444 553 2499 et
570 2425 816 2527 frequentibus
832 2426 1013 2500 miraculis
1032 2426 1067 2497 in
1085 2439 1247 2524 egroto-

183 2571 266 2618 rum
293 2543 537 2619 curationibus
565 2546 765 2618 coruscavit
786 2546 854 2644 (a).
883 2545 1078 2619 Hernicum
1103 2565 1247 2642 quoqne

182 2688 288 2761 super
307 2662 369 2736 illo
387 2661 609 2762 epitaphium
624 2662 674 2734 sic
691 2660 785 2734 edidi
803 2692 811 2731 :

322 2823 472 2881 Ecclesiam
485 2824 593 2898 primus
606 2823 767 2879 Uticensem
780 2821 951 2878 Tendericus

322 2912 417 2980 Rexit,
431 2922 460 2967 et
472 2912 584 2968 edocuit
597 2911 668 2967 bona
680 2930 741 2986 quae
751 2912 829 2984 prius
842 2911 901 2982 ipse
914 2909 1031 2982 peregit.

323 3002 412 3055 Annis
426 3001 540 3056 tricenis
551 3001 732 3055 monachatus
745 3003 803 3072 ipse
815 3000 938 3073 rigorem

322 3089 431 3155 Gessit,
448 3100 476 3144 et
489 3091 517 3143 iu
532 3090 650 3146 Satanan
663 3088 790 3143 toleravit
801 3099 913 3144 oranter
926 3104 1052 3160 agonem.

325 3174 455 3231 Officium
470 3179 557 3250 patris
567 3179 674 3232 octonis
686 3175 726 3249 (3)
737 3178 861 3232 exercuit
873 3177 964 3240 annis,
1043 3200 1049 3207 ·

322 3267 401 3321 Inter
413 3266 564 3335 silvestres,
579 3267 627 3322 ubi
642 3286 747 3340 pauper
759 3268 876 3334 mansit,
890 3268 1024 3321 homones
1036 3266 1083 3334 (l).
1156 3250 1162 3261 ⁸

322 3356 398 3428 lpse,
413 3373 498 3410 manu
512 3357 624 3430 propria
637 3356 784 3410 scribendo
796 3355 935 3410 volumina
950 3354 1045 3427 plura,

142 3662 146 3683 ‚
216 3601 525 3676 (1)V0yezci·rlessus‚
542 3612 563 3655 t.
577 3601 620 3668 Il,
636 3621 664 3673 p.
683 3599 721 3656 18.
739 3600 762 3654 ll
774 3618 791 3672 y
804 3619 818 3653 a
833 3599 869 3652 ici
886 3615 941 3652 une
953 3612 1051 3650 erreur
1066 3592 1135 3647 d'un
1150 3609 1194 3646 an.
1210 3589 1246 3645 Gt

184 3707 218 3743 ue
230 3691 273 3744 lut
285 3710 332 3762 pas
345 3709 380 3745 en
396 3689 471 3758 1051,
483 3708 591 3745 comme
605 3689 727 3745 Orderic
739 3688 765 3743 le
778 3688 821 3742 dit
831 3705 866 3741 en
880 3705 910 3739 ce
924 3693 1061 3750 moment,
1075 3681 1146 3735 mais
1156 3698 1191 3734 eu
1201 3694 1246 3732 oc·

183 3777 263 3833 tobre
280 3777 360 3846 1050,
378 3798 433 3853 que
452 3779 478 3834 le
495 3780 687 3834 bienheurcux
706 3777 819 3833 'lhierri
836 3776 871 3829 de
888 3772 1048 3829 Matouville
1064 3771 1109 3825 int
1125 3765 1246 3842 appelit

183 3865 424 3921 l’administration
438 3867 476 3921 du
490 3887 614 3923 nouveau
631 3868 795 3922 monestere.

219 3955 258 4028 (a)
275 3956 367 4027 Voyez
379 3957 531 4024 ci-dessus,
546 3969 566 4011 t.
579 3959 622 4026 ll,
637 3979 664 4031 p.
679 3957 724 4012 66.

218 4043 256 4114 (3)
268 4045 333 4099 Ceci
347 4055 390 4099 est
403 4064 504 4099 encore
521 4066 576 4101 une
594 4064 701 4101 errem.
718 4045 817 4099 L’abbe
829 4043 942 4097 Tlrierri
955 4060 990 4095 nc
1005 4055 1145 4112 gonterus
1157 4035 1247 4092 Saint-

184 4121 298 4187 Erronlt
309 4151 364 4205 que
376 4131 414 4187 du
426 4132 443 4187 3
455 4135 568 4190 octobre
585 4133 652 4189 1050
665 4153 698 4188 au
712 4152 746 4205 aq
759 4132 825 4188 amit
841 4130 917 4207 1057.

218 4223 256 4293 (l)
271 4222 364 4277 Lisez:
380 4222 511 4278 homines.
