2888 4934
182 484 242 544 358
458 482 645 541 HtS'rottta
668 480 977 541 ECCLESIASTlCA.
1150 485 1258 561 [1090]

181 611 372 686 subdentes
387 611 571 713 dejiciunt.
588 614 685 685 Laeta
702 611 948 686 obsecundant
962 611 1128 703 libidini,
1144 613 1256 687 tristia

179 758 269 805 vero
289 731 468 804 inhaerent
495 731 711 804 crudelitati.
738 731 879 805 llorum
900 732 1069 805 meminit
1084 732 1258 834 Virgilius

182 850 218 922 iu
238 867 495 949 poematesuo,
517 849 666 923 diceus:

270 1017 344 1071 Hinc
358 1027 504 1082 metuunt,
521 1017 708 1090 cupiuntque,
723 1016 831 1085 dolcat,
847 1016 1040 1090 gaudentque,
1055 1034 1149 1092 neque
1161 1035 1242 1072 auras

269 1106 449 1180 Respiciunt,
465 1106 549 1161 clausi
564 1107 701 1175 tenebris,
716 1117 744 1162 et
757 1124 867 1162 carcere
879 1125 949 1163 caeco
961 1108 1009 1180 (a).

181 1246 248 1338 Qui
267 1248 366 1321 euim
389 1246 707 1346 perturbationum
729 1247 889 1321 tenebris
910 1246 1163 1337 involvuntur,
1182 1246 1254 1320 cla·

181 1389 264 1437 rum
281 1365 467 1463 sapientiae
483 1365 605 1437 lumen
619 1367 695 1464 jam
713 1390 787 1437 non
806 1365 927 1437 valent
945 1363 1100 1453 intueri,
1119 1389 1186 1437 nec
1201 1363 1253 1436 ria

183 1481 317 1554 tiorum
335 1481 477 1580 glutino
491 1482 587 1552 exui.
606 1481 720 1553 Multa
740 1480 885 1554 intueor
903 1481 939 1552 in
962 1479 1083 1553 divina
1104 1480 1252 1579 pagina,

182 1622 263 1695 quae
275 1595 459 1669 subtiliter
472 1613 634 1696 coaptata
647 1598 762 1670 nostri
778 1598 950 1695 temporis
963 1599 1122 1687 eventui,
1136 1595 1255 1669 riden-

182 1727 243 1782 tur
261 1712 404 1784 similia.
425 1712 605 1785 Caeterum
623 1712 834 1813 allegoricas
853 1713 1103 1812 allegationes,
1125 1729 1164 1786 et
1181 1711 1255 1787 ido·

182 1855 265 1902 neas
273 1829 438 1903 humanis
451 1829 613 1904 moribus
623 1831 937 1931 interpretationes
947 1829 1114 1904 studiosis
1127 1831 1255 1903 riman-

181 1945 243 2019 das
260 1949 465 2048 relinquam
475 2005 486 2039 ,
502 1950 776 2050 simplicemque
792 1948 1128 2022 Narmaunicarum
1146 1948 1256 2023 histo-

181 2067 274 2139 riam
292 2093 415 2141 rerum
432 2067 547 2142 adhuc
564 2069 830 2169 aliquantulum
847 2068 1029 2167 protelare
1044 2085 1216 2169 satagam.

232 2183 335 2257 xvl.
364 2185 446 2257 Jam
476 2184 663 2283 descriptis
692 2184 877 2259 laboribus
901 2184 1199 2275 Ebroiceusium,
1223 2201 1256 2259 et

182 2300 398 2374 factionibus
426 2303 667 2402 periculisque
695 2303 1037 2402 Rotomagensinm,
1074 2302 1255 2403 expediam

184 2416 371 2491 conllictus
384 2435 420 2491 ct
433 2418 563 2492 damna
578 2420 826 2494 Oximensium
839 2422 910 2519 (2)
927 2419 1134 2493 liodbertus
1146 2421 1257 2494 Beles-

184 2537 333 2625 mensis,
348 2538 384 2608 in
398 2538 572 2610 eminenti
587 2538 681 2628 loc0,
698 2540 760 2639 qui
774 2536 906 2611 Furcas
919 2538 1029 2638 vulgo
1043 2537 1206 2636 dicitur(
1227 2538 1255 2636 ),

184 2654 369 2728 castellum
397 2654 578 2744 condidit,
603 2674 639 2728 et
670 2657 755 2728 illuc
787 2655 1005 2729 habitatores
1036 2654 1181 2730 Vinacii
1209 2658 1255 2752 (4)

186 2774 388 2863 transtulit,
404 2800 531 2848 ornnes
548 2774 720 2847 [initimos
737 2772 926 2871 tyrannide
938 2801 998 2846 sua
1012 2772 1080 2845 sibi
1096 2772 1257 2873 subigere

184 2892 324 2990 sategit.
346 2892 454 2964 Aliud
472 2919 617 2993 quoque
634 2893 828 2991 oppidum,
843 2892 940 2992 quod
957 2892 1152 2965 Castellum
1169 2892 1257 2964 Gan·

188 3007 267 3078 terii
288 3007 343 3105 (5)
364 3027 607 3107 nuncupatur,
632 3035 741 3108 super
757 3009 888 3081 Oluam
913 3009 1085 3098 lluvium,
1107 3008 1153 3081 ad
1169 3010 1256 3081 Cur·

185 3121 269 3194 bam
284 3124 338 3222 (6)
350 3128 571 3215 construxit,
586 3154 653 3226 per
667 3126 766 3228 quod
782 3128 1001 3200 Holmetiam
1012 3128 1201 3228 regionem
1209 3127 1253 3226 (7)

185 3242 272 3331 sibi,
294 3244 378 3316 licet
397 3245 539 3344 injuste,
559 3249 701 3345 penitus
719 3245 909 3347 subjugare
929 3247 1080 3344 putavit.
1098 3247 1159 3321 Sic
1171 3246 1252 3319 ultra

187 3363 321 3435 natales
337 3388 420 3435 suos
443 3379 479 3434 et
496 3390 648 3437 avorum
675 3366 711 3437 iu
732 3366 887 3437 nimium
906 3365 1017 3437 elatus
1042 3364 1250 3448 insurrexit,

186 3498 221 3553 et
239 3507 333 3581 pene
351 3507 417 3581 per
434 3499 547 3556 totam
567 3484 651 3584 justi
674 3484 878 3581 patrocinio
894 3481 1057 3557 advocati
1081 3498 1251 3557 carentem

222 3746 261 3814 (ι)
275 3747 368 3818 virg,
387 3730 507 3804 [incide.
525 3747 542 3799 Ι.
559 3765 600 3811 vr,
619 3764 679 3799 vers
692 3745 743 3819 734
758 3758 785 3800 et
798 3745 859 3821 735.

222 3838 261 3899 (a)
276 3834 325 3886 les
338 3833 481 3888 habitante
496 3835 530 3888 de
545 3834 700 3888 l’Hienrois.

223 3919 261 3993 (5)
277 3923 429 3976 Fourchrs.

224 4012 264 4084 (4)
281 4012 408 4084 l'ignats.

223 4099 262 4171 (5)
277 4101 401 4155 Chdteau
414 4103 545 4169 Gotatier,
560 4107 574 4157 d
588 4104 703 4159 l'eutree
716 4104 801 4159 d'unr
815 4104 961 4178 peninsula
974 4103 1082 4160 forme'e
1093 4124 1144 4180 par
1156 4104 1247 4160 l'Omt·

221 4191 261 4264 (6)
276 4194 312 4247 La
327 4192 454 4262 Courbe,
469 4205 570 4249 canton
582 4183 749 4251 d'Ecouche.

222 4285 259 4357 (7)
275 4283 311 4336 le
327 4299 392 4355 pays
406 4281 444 4336 du
462 4283 597 4352 Houlme,
614 4288 725 4357 portion
737 4284 909 4341 occidentale
923 4285 957 4339 dc
971 4284 1093 4342 l'erecbe'
1105 4285 1141 4341 de
1152 4285 1221 4342 seez.
