2888 4934
181 433 242 496 278
461 432 643 494 Hrs‘rottm
665 432 972 494 Eccrrmltsrlct.
1140 434 1243 514 [1088]

181 565 382 664 Anglorurn
390 621 401 653 ‚
413 566 655 667 enrsospitem
667 568 807 666 pateris
817 564 919 637 abire
934 571 1153 638 incentorem
1166 591 1244 639 nta-

184 680 331 755 lorum?
343 681 430 754 Non
444 679 549 752 debet
559 686 675 755 vivere
687 683 860 782 perjurus
874 680 1083 772 homicida,
1100 678 1168 780 qui
1178 681 1244 755 do·

184 796 230 869 lis
245 813 280 870 et
301 796 576 870 crudelitatibus
588 800 739 894 peremit
761 797 946 870 hominnm
973 797 1090 869 multa
1113 797 1241 870 mittio.

182 915 268 988 Haec
283 931 319 988 et
341 914 407 986 alia
430 911 567 1013 probra
582 929 733 987 moestus
752 914 896 986 antistes
912 939 994 986 cum
1009 913 1080 985 sui‘s
1096 910 1242 985 audivit.

181 1030 250 1104 Sed
267 1031 427 1131 quamvis
441 1027 566 1103 acerba
584 1031 796 1117 minaretur,
813 1028 1049 1128 indignationi
1066 1054 1142 1101 snae
1154 1028 1244 1101 satis·

180 1150 295 1221 lacere
319 1173 394 1221 non
419 1149 550 1247 potnit.
574 1148 632 1220 Sic
657 1148 874 1246 irreligiosus
890 1147 1021 1245 praesul
1047 1144 1092 1218 de
1120 1145 1245 1246 Anglia

182 1266 348 1365 expulsus
370 1281 439 1354 est,
466 1283 502 1339 et
527 1266 752 1364 amplissimis
776 1263 1053 1364 possessionibus
1077 1263 1246 1362 spoliatus

183 1398 247 1455 est.
264 1385 368 1456 Tunc
383 1385 557 1457 maximos
570 1400 744 1484 quaestns,
764 1408 854 1483 quos
871 1409 953 1455 cum
972 1383 1135 1455 facinore
1149 1379 1245 1455 obti-

184 1500 283 1586 nuit,
295 1502 393 1599 justo
408 1500 472 1571 Dei
484 1498 620 1599 judicio
633 1527 716 1574 cum
735 1500 870 1598 ingenti
883 1497 1057 1571 dedecore
1070 1496 1242 1597 perdidit,

182 1633 219 1689 et
235 1616 398 1690 confusus
411 1617 553 1717 Bajocas
567 1615 691 1708 rediit,
706 1642 771 1689 nec
786 1615 823 1688 in
837 1616 1006 1715 Angliam
1019 1613 1244 1713 postmodum

183 1730 366 1831 repedavit
384 1732 452 1830 (ι).

218 2037 257 2106 (ι)
270 2035 307 2090 le
320 2036 391 2090 tecit
402 2034 451 2090 des
464 2035 614 2089 historiens
626 2034 741 2107 Angleis
753 2045 794 2088 est
807 2035 863 2089 sort
878 2032 1022 2100 different,
1036 2042 1065 2086 et
1081 2050 1154 2088 nous
1165 2030 1243 2105 pant

182 2123 618 2198 beaucoupplnsvraisernblable.
628 2123 741 2179 Florent
749 2123 784 2178 de
792 2125 964 2191 Worcester,
973 2124 1052 2196 apres
1061 2123 1140 2177 avoir
1150 2115 1243 2196 sigmtt

183 2214 273 2286 parmi
285 2211 324 2267 les
336 2213 464 2285 conjures
478 2213 597 2281 Robert‚
612 2224 703 2268 comte
718 2212 754 2267 de
768 2212 903 2279 Mortain,
918 2208 1043 2267 Geoliroi
1057 2210 1095 2265 de
1109 2209 1242 2274 Monbru,

183 2319 234 2357 son
246 2319 335 2356 neven
350 2301 471 2367 Robert,
487 2313 578 2359 comte
591 2301 626 2358 de
638 2301 911 2370 Northumberlsnd,
926 2301 1021 2376 Roger
1036 2301 1073 2356 de
1089 2301 1242 2374 Montgon·

184 2393 269 2459 meri,
282 2402 311 2446 et
324 2391 414 2447 rueme
426 2379 601 2460 Guillaunre,
613 2393 716 2467 rivique
731 2392 766 2447 de
780 2393 919 2459 Durhsm,
934 2392 983 2466 qui
999 2391 1072 2445 avait
1085 2392 1131 2446 e'te
1139 2390 1245 2465 jusque·

183 2481 210 2536 ls
222 2481 248 2536 le
261 2481 397 2555 principal
409 2480 554 2537 conseiller
565 2481 603 2536 dn
612 2482 699 2554 jenne
711 2484 768 2551 roi,
782 2484 875 2554 ejonte
888 2501 943 2557 que
957 2481 1080 2556 leveque
1093 2481 1129 2536 de
1145 2481 1243 2554 Bapent

183 2571 286 2627 tortilia
305 2571 473 2638 Roehester,
491 2582 520 2627 et
538 2589 641 2644 envoys
657 2574 758 2627 inviter
777 2572 885 2627 Robert
903 2572 1121 2627 Come-Hense
1141 2573 1159 2624 a
1178 2568 1245 2624 venit

184 2663 306 2734 prendre
320 2662 473 2735 possession
487 2660 554 2716 d’un
572 2679 703 2733 royaume
716 2660 777 2733 deja
793 2672 856 2717 tout
870 2663 885 2716 a
897 2678 925 2716 sa
940 2660 1116 2733 disposition.
1134 2661 1172 2714 Le
1183 2657 1243 2724 duc,

184 2753 297 2808 char-me
311 2751 395 2807 d’une
410 2752 548 2826 conquisto
559 2752 581 2805 si
594 2751 686 2818 facile,
700 2752 798 2807 envoie
810 2755 824 2805 i
838 2750 903 2807 Odo
916 2770 955 2805 un
972 2768 1052 2822 corps
1068 2747 1246 2804 d’suxiliaire

185 2842 348 2897 commende
362 2862 412 2916 par
424 2843 463 2898 les
475 2853 579 2898 comtes
591 2841 627 2896 de
640 2841 782 2913 Boulogne
793 2852 823 2896 et
836 2841 870 2896 de
884 2841 1018 2908 Bellisme,
1033 2847 1209 2914 promettant
1217 2835 1247 2891 te

184 2930 225 2986 les
236 2931 326 2986 suirre
338 2931 373 2987 de
386 2934 457 3005 pres.
474 2933 547 2988 C'est
558 2932 631 2988 alors
643 2932 797 2987 seulement
808 2950 864 3005 que
880 2931 906 2986 le
920 2933 962 2987 roi
975 2950 991 2985 a
1004 2931 1204 2986 connaissance
1214 2925 1249 2982 dn

185 3021 256 3094 peril
268 3022 318 3094 qni
330 3023 356 3077 le
370 3040 490 3078 menace.
504 3022 529 3076 Il
541 3040 683 3096 convoqne
695 3040 764 3076 ceux
777 3040 824 3076 sur
837 3021 862 3075 la
876 3022 914 3077 soi
927 3020 1055 3095 desquels
1068 3019 1090 3074 it
1102 3021 1179 3075 croit
1189 3033 1249 3092 pou·

185 3111 246 3166 voir
257 3123 391 3184 compter,
405 3130 434 3167 se
446 3112 517 3167 send
530 3116 546 3166 a
561 3113 696 3179 Londres,
710 3132 728 3184 y
741 3112 889 3167 rassemble
902 3131 940 3166 un
957 3112 1028 3185 petit
1039 3127 1122 3183 corps
1134 3108 1249 3164 d’arme

185 3205 315 3272 compost
323 3218 358 3255 en
368 3199 430 3272 plns
440 3199 546 3272 grande
555 3202 643 3273 partie
652 3199 793 3274 d'Anglais
805 3200 907 3274 quode
918 3199 1090 3266 Normands,
1103 3208 1134 3253 et
1144 3195 1250 3252 marche

185 3310 234 3347 sur
246 3290 399 3346 Rochester
412 3310 462 3363 par
476 3290 650 3364 Tunbridge.
663 3291 713 3359 La,
729 3309 765 3345 an
777 3291 847 3346 bont
858 3290 926 3345 d'un
937 3291 1012 3363 siege
1023 3288 1059 3343 de
1073 3291 1151 3342 deux
1160 3287 1248 3360 jones,

184 3380 309 3437 Richard
322 3380 358 3436 de
373 3380 522 3444 Bieniaite,
538 3380 594 3434 l'un
605 3379 653 3435 des
663 3382 806 3452 conjures,
821 3391 862 3434 est
872 3379 960 3435 blesse
971 3388 999 3433 et
1008 3375 1140 3448 eapitule.
1153 3378 1179 3432 A
1189 3374 1251 3448 l’sp

184 3469 290 3542 proebe
299 3469 338 3524 dn
350 3470 393 3525 roi
406 3469 572 3535 victoricus,
587 3468 652 3524 Odo
664 3486 692 3523 se
705 3469 813 3539 refugie
822 3473 838 3523 t
848 3469 984 3539 Pevensey
996 3467 1059 3539 pres
1070 3465 1106 3520 de
1117 3483 1170 3520 son
1181 3463 1251 3520 tren

184 3559 211 3613 le
222 3568 313 3614 comte
325 3557 361 3612 de
375 3558 510 3624 Mortain,
525 3557 592 3631 qu’il
603 3574 711 3611 sassure
722 3575 758 3610 en
770 3555 810 3610 lui
823 3565 981 3628 annoneant
993 3571 1048 3627 que
1060 3551 1251 3626 pendantque

183 3645 345 3701 Gnillanme
355 3664 414 3702 sere
424 3645 515 3700 arrete
524 3664 559 3699 au
570 3645 644 3717 siege
654 3644 689 3698 de
705 3644 869 3711 Rochcster,
881 3641 988 3697 Robert
997 3641 1123 3695 arrivera
1131 3656 1197 3695 arec
1205 3635 1251 3692 des

184 3733 274 3789 forces
287 3736 471 3808 superieures.
488 3736 558 3790 Mais
573 3734 599 3789 le
612 3735 669 3803 roi,
687 3733 800 3789 laissant
813 3733 839 3788 l'a
852 3721 878 3788 la
894 3732 1023 3806 garnison
1035 3730 1072 3786 de
1087 3729 1248 3791 Rechester¹

185 3823 235 3894 qui
248 3822 347 3894 profire
358 3822 393 3876 de
407 3841 438 3877 ce
450 3823 528 3877 loisis
541 3841 615 3895 pour
629 3839 743 3894 ravager
756 3832 819 3877 tout
832 3822 858 3876 le
872 3838 938 3895 pays
953 3820 1155 3887 environnant,
1168 3834 1198 3870 se
1209 3813 1250 3870 di-

185 3910 247 3983 rige
258 3928 322 3964 avec
335 3920 412 3965 toute
424 3929 474 3966 son
487 3914 580 3966 armes
592 3930 641 3965 sur
651 3911 801 3982 Pevensey.
814 3909 942 3965 Pendant
953 3927 984 3963 ce
995 3918 1100 3981 temps,
1114 3905 1142 3960 le
1156 3905 1248 3976 conjn-

186 3998 276 4053 ration
294 3998 380 4053 celate
398 4016 446 4053 sur
464 4019 503 4053 un
523 3999 612 4074 grand
627 3999 745 4055 nombre
758 3998 793 4053 de
807 3999 908 4071 points.
925 3997 1021 4071 Roger
1036 3996 1073 4051 de
1089 3997 1246 4068 Montgom-

186 4089 269 4156 meri,
289 4105 323 4143 au
341 4087 396 4142 lien
415 4079 449 4141 de
467 4089 605 4160 repondre
618 4092 634 4143 a
649 4088 747 4162 l’appel
762 4088 801 4143 dn
819 4089 877 4154 roi,
899 4097 971 4144 reete
984 4085 1053 4141 dans
1068 4102 1119 4140 son
1135 4084 1245 4140 chitetn
