2888 4934
182 414 243 474 3³6
458 408 643 471 HISTORIA
664 406 972 470 Ecctttslusrlcn.
1139 409 1238 486 [1092]

160 622 163 628 A
182 541 347 619 hostilem
360 542 557 614 exercitum
571 538 755 612 contrivit.
768 536 1004 610 Guillelmum
1014 553 1152 626 autem,
1164 561 1241 610 oum

182 659 305 732 multis
325 657 404 731 aliis
426 673 589 755 captum,
617 658 653 727 in
679 655 828 727 vinculis
853 656 997 755 injecit,
1018 671 1057 728 et
1080 655 1241 754 squalore

149 787 152 790 ’
182 776 333 851 carueris
349 775 510 875 sequenti
531 771 797 874 quulragesimn
817 773 872 870 (r)
889 770 1086 851 crudeliter
1100 771 1240 858 afflixit,

181 909 217 964 et
239 892 400 992 rigorem
421 889 734 992 quadragesimalis
749 887 981 992 poenitentiae
1002 889 1160 963 invitum
1179 911 1243 986 pro

181 1009 335 1109 peccatis
348 1009 420 1081 suis
431 1007 553 1081 subire
569 1007 700 1107 coegit.
719 1007 885 1107 Denique
902 1033 969 1105 per
986 1006 1079 1079 hanc
1095 1005 1244 1080 occasio·

185 1152 265 1200 nem
284 1110 456 1200 Ricardus
482 1124 526 1198 de
546 1125 755 1198 Montesorti
783 1139 818 1197 et
839 1125 946 1224 Hugo
970 1122 1014 1196 de
1031 1123 1160 1196 Monte
1179 1121 1245 1195 Go

182 1245 306 1318 merici
332 1245 407 1343 (α),
433 1243 622 1316 Gervasius
645 1241 688 1314 de
711 1241 817 1316 Novo
838 1240 991 1315 Casteilo
1015 1244 1089 1340 (ὅ),
1116 1241 1244 1340 aliique

182 1362 303 1460 plures
314 1361 537 1435 Francorum
548 1377 584 1433 et
593 1359 888 1433 Nomnunnorum
898 1386 970 1432 unu
983 1373 1244 1443 convenerunt,

182 1495 218 1551 et
234 1503 358 1577 pacem
375 1479 470 1551 inter
488 1477 722 1550 Guiilelmum
739 1492 775 1549 et
795 1476 963 1549 Goellum
979 1474 1073 1574 apud
1089 1473 1247 1548 Breher-

69 1676 71 1680 Α
182 1597 316 1669 vallum
327 1598 378 1694 (4)
390 1611 683 1695 composuerunt.
699 1595 801 1667 Tunc
815 1593 1042 1681 Guilielmus,
1055 1610 1097 1665 ut
1105 1608 1248 1691 paetum

182 1712 365 1815 exigebat,
388 1710 517 1789 Goello
536 1711 778 1786 lubet-filiam
793 1739 889 1784 suam
909 1713 945 1784 in
965 1713 1176 1811 conjugium
1191 1735 1249 1783 so-

184 1832 314 1920 ciavit,
347 1848 383 1905 et
412 1857 483 1931 pro
512 1830 759 1930 redemptione
790 1858 849 1904 suu
884 1831 984 1904 mille
1013 1829 1251 1906 Drocensium

58 1938 61 1944 ’
183 1947 354 2023 libraset
369 1975 480 2050 equos
501 1965 539 2024 et
561 1975 659 2021 arma
679 1964 715 2021 et
736 1949 804 2021 alia
829 1948 942 2020 multu
967 1947 1130 2021 donavit.
1156 1945 1248 2040 Quin

184 2066 291 2139 etium
307 2093 426 2141 urcem
443 2066 550 2140 Ibreii
574 2067 684 2140 tristis
702 2082 739 2138 et
759 2082 908 2139 moestus
924 2064 1065 2163 adjecit.
1088 2064 1251 2138 Nesurius
1291 2121 1294 2134 .

186 2184 304 2282 itaque
321 2182 446 2282 praedo
462 2182 661 2282 hiuopibus
677 2181 871 2255 admodum
886 2180 1035 2272 ditatus,
1059 2181 1249 2266 intumuit,

185 2315 222 2368 et
247 2299 431 2391 castelium
456 2325 578 2385 suum,
606 2297 706 2398 quod
729 2323 851 2371 revera
876 2298 1041 2395 spelunca
1068 2297 1248 2369 latronum

185 2429 280 2500 erut,
298 2411 397 2486 fossis
413 2412 450 2487 et
462 2412 579 2487 densis
592 2414 734 2512 sepibus
749 2414 793 2487 ad
806 2416 1007 2488 multorum
1021 2406 1152 2486 damna
1169 2439 1246 2487 oon

186 2529 307 2618 clusit,
326 2531 388 2603 ubi
407 2547 520 2605 totam
537 2532 648 2604 vitam
669 2558 768 2603 suam
787 2533 923 2630 rapinis
939 2549 975 2603 et
993 2531 1151 2604 coedibus
1168 2528 1245 2605 fini-

187 2647 358 2719 timorum
367 2649 542 2720 exercuit.
558 2648 613 2719 Ex
625 2650 704 2746 conj
710 2674 776 2747 uge
789 2675 849 2720 sua
862 2664 996 2746 septem
1008 2648 1102 2721 filios
1112 2647 1243 2747 gennit,

185 2761 341 2863 quorum
359 2765 517 2864 nequitia
538 2766 644 2838 nimis
667 2767 845 2852 excrevit,
865 2782 902 2837 et
917 2765 1050 2838 multos
1069 2765 1244 2837 fletus'vi-

186 2879 338 2953 (luorum
354 2899 391 2954 et
407 2909 605 2980 pauperum
621 2885 723 2956 saevis
739 2883 907 2982 operibus
926 2884 1057 2956 excivit
1075 2884 1145 2981 (5).

235 2998 335 3070 Xlll.
368 2998 506 3073 Eodem
537 3016 701 3098 tempore
732 3001 799 3073 alia
831 3000 990 3074 turbatio
1022 3003 1058 3073 in
1089 2999 1248 3074 Neustria

223 3289 411 3360 (1JCesdeur
427 3300 498 3344 rnots
510 3309 546 3345 ne
562 3292 703 3363 signifient
716 3312 764 3366 pas
778 3295 812 3348 ici
826 3294 949 3366 pendant
965 3294 991 3348 le
1007 3294 1117 3348 cardine
1130 3268 1248 3352 suiiant.

188 3379 257 3433 mais
273 3377 338 3434 bien
356 3379 518 3452 prudentie
532 3380 656 3436 restedu
670 3385 792 3452 camme,
809 3385 856 3458 qui
875 3386 946 3439 avait
961 3387 1122 3439 commence
1140 3384 1166 3438 ie
1183 3400 1252 3438 mer·

188 3469 263 3524 credi
282 3489 308 3523 11
327 3468 437 3524 se'nier.

225 3561 263 3630 (α)
276 3560 379 3632 Hugne
393 3559 428 3614 de
443 3562 674 3635 Moutgommeri‚
691 3576 782 3619 comte
796 3565 831 3619 de
845 3565 1040 3638 Shrewsbury.

224 3646 262 3718 (3)
279 3649 410 3718 Gerrais,
434 3652 564 3723 seigneur
585 3651 620 3707 de
640 3653 1071 3719 Chiteauneuf-en-Thinrerais‚
1095 3654 1202 3728 gendre
1222 3653 1255 3708 de

189 3738 305 3809 Bogus,
320 3741 442 3811 premier
454 3741 491 3795 du
506 3760 586 3809 noni,
600 3761 655 3815 que
669 3761 739 3797 nous
748 3763 831 3798 avons
844 3764 878 3799 vu
893 3746 996 3818 sigurer
1009 3747 1162 3811 cidessus,
1179 3757 1199 3802 t.
1214 3743 1252 3807 ΙΙ,

190 3844 219 3896 Ρ·
232 3841 295 3900 ²97·

207 3917 265 3986 x(4)
284 3915 390 3983 Bromi,
412 3936 459 3972 sur
477 3919 516 3973 les
532 3921 638 3975 cousins
656 3921 691 3976 de
707 3921 732 3976 la
748 3923 919 3978 Normandie
937 3935 966 3980 et
982 3923 1020 3978 du
1041 3942 1106 3999 pays
1125 3926 1252 3980 Mantois.

193 4003 285 4076 Voyez
300 4006 448 4074 ‹ti-deestis,
467 4021 486 4063 t.
500 4011 542 4075 tl,
558 4032 585 4083 p.
601 4013 661 4086 469.

226 4093 264 4164 (5)
278 4095 319 4149 De
334 4114 378 4150 ces
392 4100 587 4170 septenium,
606 4122 675 4159 nous
689 4108 866 4161 connaissons
880 4107 999 4175 Robert,
1015 4108 1146 4181 seigneur
1158 4108 1252 4171 d'lrri,

191 4186 352 4241 Guiilaume
365 4189 465 4243 Louvei
479 4201 507 4244 ot
521 4191 775 4269 Roger-ie·Begne.
