2888 4934
185 419 242 476 182
459 414 643 473 HISTORIA
665 414 970 474 ECCle'lAS'slCA.
1142 418 1248 494 [1⁰85]

182 545 343 618 licitavit.
381 540 562 617 Archiatri
590 543 766 617 detectam
796 544 957 618 fraudem
985 561 1022 618 et
1049 547 1247 646 angustiam

182 663 333 736 herilem
357 663 557 752 audientes,
583 680 619 735 et
643 664 856 735 infuturum
875 688 919 736 ne
940 662 1118 737 terribiles
1139 666 1267 739 minae-

181 782 280 855 ducis
296 782 526 880 explerentur
544 799 749 879 precantes,
776 799 853 855 toto
879 784 959 854 nisu
972 783 1115 881 juveni,
1142 808 1254 883 quem

182 900 364 987 laeserant,
386 900 423 970 in
440 899 539 970 omni
554 899 724 972 exercitio
742 898 896 997 physicae
909 899 995 970 artis
1012 896 1149 971 mederi
1168 924 1256 972 cer-

183 1016 319 1090 tabant.
345 1017 551 1114 Opitulante
575 1017 670 1105 Deo,
693 1017 754 1115 qui
778 1043 843 1114 per
866 1015 1032 1089 eumdem
1054 1017 1194 1089 Turcos
1216 1034 1261 1091 et

182 1131 380 1232 Agarenos,
395 1131 608 1207 Christianae
624 1131 704 1203 lidei
720 1131 850 1220 hostes,
870 1132 1110 1231 comprimere
1126 1129 1255 1205 decre·

182 1266 302 1338 verat,
317 1275 414 1350 aeger
431 1250 626 1323 convaluit.
646 1248 714 1321 Sed
735 1251 883 1323 inomni
902 1251 972 1320 vita
990 1276 1050 1321 sua
1061 1303 1072 1336 ,
1092 1274 1171 1346 prae
1186 1272 1252 1321 vo-

182 1391 295 1456 neno,
311 1392 385 1466 quo
403 1368 551 1438 inlectus
568 1370 703 1455 suerat,
719 1364 871 1464 pallidus
883 1365 1092 1463 permansit.

231 1487 370 1557 Interea
384 1484 580 1582 versipellis
597 1501 633 1556 et
652 1484 835 1583 ingeniosa
854 1462 984 1555 mulier
1000 1482 1115 1554 multa
1132 1506 1248 1555 secum

182 1600 409 1689 revolvebat,
439 1603 624 1701 nimioque
654 1618 752 1673 metu
780 1600 1023 1673 indesinenter
1048 1600 1246 1687 stimulata,

183 1716 431 1792 considerabat
451 1717 547 1817 quod
572 1719 597 1789 si
620 1719 754 1818 legatus
775 1732 857 1791 suus
879 1716 922 1790 ad
949 1715 1249 1791 transfretandum

183 1860 282 1908 mare
296 1833 471 1924 tardaret,
486 1852 522 1907 et
534 1852 690 1934 aegrotus
704 1852 786 1908 ante
804 1834 998 1908 adventum
1015 1836 1088 1934 ejus
1103 1835 1251 1932 emigra·

184 1969 258 2040 ret,
279 1953 338 2025 illa
352 1955 508 2052 juratam
524 1953 590 2025 sibi
609 1970 766 2026 mortem
781 1978 863 2026 ense
885 1953 1004 2025 mariti
1023 1978 1098 2025 non
1124 1949 1253 2025 evado-

183 2087 252 2143 ret.
271 2071 387 2170 lgitur
408 2071 516 2143 aliam
533 2096 552 2142 e
575 2086 701 2142 contra
722 2070 1054 2168 tergiversationem
1070 2069 1252 2143 truculen-

185 2203 259 2260 tam
298 2203 335 2259 et
374 2188 525 2261 omnino
563 2186 799 2260 execrabilem
837 2186 1065 2286 excogitavit.
1103 2185 1254 2265 Veneno

184 2305 430 2391 virumsuum‚
446 2305 675 2404 prohdolor!
690 2304 823 2378 iniecit.
835 2306 1005 2378 Protinus
1017 2321 1057 2377 ut
1069 2305 1255 2403 illeaegro·

186 2438 262 2496 tare
280 2423 411 2520 coepit,
430 2423 553 2520 etipsa
574 2422 618 2494 de
632 2422 829 2495 inevitabili
844 2449 926 2495 casu
936 2424 1010 2521 ejus
1024 2446 1098 2493 non
1117 2419 1257 2493 dubita-

185 2539 260 2625 vit,
274 2539 478 2611 convocatis
490 2540 651 2636 parasitis
666 2539 737 2610 suis
750 2565 832 2610 cnm
847 2539 994 2637 reliquis
1011 2533 1255 2635 Langobardis

185 2672 297 2730 noctu
311 2656 489 2746 surrexit,
509 2672 545 2727 et
569 2653 613 2727 ad
630 2681 728 2728 mare
749 2680 955 2754 progressa,
977 2679 1083 2727 naves
1103 2654 1257 2751 optimas

187 2800 269 2846 cum
283 2772 452 2847 omnibus
469 2774 540 2846 suis
564 2774 734 2860 intravit,
755 2789 791 2846 et
807 2798 931 2846 omnes
952 2773 1108 2871 reliquas
1126 2794 1253 2858 naves,

187 2913 233 2961 ne
247 2890 448 2963 Normanni
463 2916 541 2963 eam
554 2907 865 2990 persequerentur,
880 2888 1050 2962 incendit.
1067 2890 1164 2960 Dum
1173 2912 1258 2961 vem

189 3004 289 3078 littus
314 3006 455 3107 Apuliae
482 3009 623 3107 attigit,
642 3007 787 3106 quidam
807 3008 909 3080 miles
930 3006 975 3081 de
997 3006 1167 3080 satellitio
1186 3005 1258 3104 ejus

190 3123 283 3194 clam
291 3148 463 3222 egressus,
478 3124 696 3195 Psalerniam
711 3141 818 3196 noctu
832 3124 943 3210 venit,
960 3140 996 3196 et
1006 3118 1258 3195 Buamundum

188 3241 398 3314 festinanter
424 3265 627 3339 aggressus,
655 3242 738 3312 ait:
766 3241 885 3338 Surge
910 3247 997 3330 cito,
1027 3256 1061 3313 et
1073 3239 1195 3338 fuge,
1224 3252 1259 3312 et

189 3357 352 3433 salvate.
373 3357 535 3457 Cumque
553 3357 613 3429 ille
627 3383 765 3428 causam
782 3358 1000 3459 inquireret,
1021 3355 1172 3428 nuntius
1186 3378 1259 3429 res·

189 3474 319 3574 pondit
347 3477 494 3549 :Pater
514 3492 595 3547 tuus
621 3493 781 3548 mortuus
804 3493 874 3566 est,
893 3496 927 3547 et
952 3499 1103 3547 noverca
1130 3491 1195 3546 tua
1221 3473 1260 3544 in

191 3597 334 3696 Apulia
348 3612 412 3668 est.
433 3596 521 3666 Huc
537 3609 659 3665 autem
663 3590 824 3692 festinat
839 3596 961 3666 venire
968 3649 981 3682 ,
1001 3610 1039 3663 ut
1052 3590 1256 3665 occidam.

191 3711 266 3784 Nec
290 3738 392 3785 mora
414 3709 662 3798 Buamundus,
689 3727 761 3783 tam
779 3712 877 3811 gravi
902 3733 1049 3782 rumore
1070 3707 1258 3796 turbatus,

192 3829 330 3901 asinum
343 3829 517 3918 ascendit,
535 3830 626 3902 clam
643 3828 772 3902 urbem
789 3831 913 3917 exivit,
931 3826 975 3899 ad
990 3824 1194 3900 Jordanum
1208 3828 1259 3920 (1)

224 4053 266 4120 (ι)
280 4048 429 4118 Jourdain,
445 4051 542 4123 prince
560 4050 595 4104 de
608 4052 722 4125 Capoue
738 4051 770 4125 (5
789 4052 857 4106 avril
875 4051 1041 4127 1078·190u
1061 4068 1096 4105 ao
1111 4048 1261 4105 decembre

195 4144 291 4216 1091),
308 4139 544 4210 cousin-germain
562 4141 596 4196 de
614 4140 756 4197 Boemond
770 4161 819 4214 par
831 4161 858 4197 sa
872 4143 948 4196 mere
959 4137 1122 4209 Fredeline,
1137 4156 1215 4194 eoear
1226 4136 1261 4193 (le

194 4231 300 4287 Robert
312 4227 460 4284 Guiscard.
