2888 4934
81 445 171 518 [ctam
186 442 261 522 560]
461 441 578 502 Llssltn
600 439 757 502 SEXTUS.
1098 443 1137 499 59

82 590 116 643 ut
141 599 265 646 corum
292 572 508 672 quandoque
534 571 796 673 impudentium
817 585 978 668 potenter
992 574 1136 668 puniat.

80 685 183 761 'l'uuc
197 687 275 775 ille,
292 687 328 759 in
343 686 397 760 bis
412 686 634 761 sermonibus
651 710 802 784 superna
818 700 1051 782 compunctus
1063 710 1140 783 gra-

81 804 150 892 tia,
164 828 327 877 reversus
339 821 391 876 est
403 803 447 876 ad
458 806 616 904 propria.
635 804 742 875 Mane
752 817 871 874 autem
882 803 992 889 lactc,
1010 827 1140 874 renun-

79 924 179 996 ciatis
205 920 373 995 omnibus
401 949 480 1022 quae
506 921 678 1009 habebat,
704 919 897 1018 deportans
925 944 1044 991 secum
1070 934 1141 990 tres

77 1055 221 1112 tantum
252 1038 504 1113 subcinericios
530 1063 638 1138 panes
664 1053 700 1110 et
724 1040 839 1109 larum
868 1034 1006 1124 mellis,
1032 1036 1140 1108 citato

75 1156 171 1229 calle
187 1155 371 1254 repedavit
383 1155 427 1228 ad
442 1182 561 1230 servos
576 1156 660 1243 Dei,
678 1171 714 1228 et
733 1152 921 1254 procidens
936 1169 1020 1227 ante
1037 1151 1142 1252 pedes

73 1274 115 1345 S.
138 1271 302 1360 Ebrulfi,
321 1273 473 1371 protulit
495 1273 650 1373 eulogias
667 1271 926 1344 benedictionis
945 1269 1002 1368 (1)
1013 1299 1023 1358 ;
1043 1296 1142 1344 mox·

71 1413 153 1490 que
169 1390 301 1462 Sancto
313 1391 447 1464 afflatus
458 1390 613 1489 Spiritu,
627 1388 907 1462 emendatiorem
919 1389 1028 1459 vitam
1041 1388 1144 1486 polli-

74 1506 194 1592 citus,
222 1505 353 1578 ibidem
383 1506 621 1580 monachilem
643 1505 790 1604 adeptus
813 1521 865 1577 cst
888 1505 1142 1603 professionem

77 1623 234 1721 primus.
250 1621 366 1714 Quem
378 1623 556 1696 imitantes
569 1624 674 1696 multi
686 1621 841 1722 ejusdem
857 1622 954 1694 silvae
973 1622 1142 1707 latrones,

78 1763 151 1837 per
162 1736 446 1812 admonitionem
460 1739 553 1812 beati
571 1742 639 1812 viri
657 1757 718 1812 aut
735 1738 869 1812 fiebant
884 1736 1070 1824 monachi,
1083 1756 1145 1809 aut

77 1853 285 1929 deserentes
303 1856 490 1931 latrocinia
502 1856 745 1930 efficiebantur
756 1857 910 1928 cultores
920 1856 1012 1954 agri.
1027 1854 1083 1926 Ex
1096 1856 1147 1925 vi·

80 1973 174 2047 cinis
193 1974 300 2045 ctiam
323 1973 409 2047 locis
427 1977 517 2046 lama
540 1973 745 2074 divulgante
761 1973 855 2046 beati
873 1972 941 2044 viri
965 1996 1096 2044 nomen
1111 1987 1147 2042 et

82 2092 273 2175 meritum,
299 2093 467 2164 nonnulli
495 2091 686 2165 veniebant
713 2092 757 2165 ad
782 2118 884 2180 eum,
908 2088 1146 2162 desiderantes

83 2211 159 2309 ejus
172 2210 408 2308 contemplari
426 2212 622 2309 angelicam
640 2213 764 2283 faciem
774 2265 784 2299 ,
807 2226 842 2281 ct
853 2206 1146 2308 jocundissimum

84 2324 209 2397 audire
223 2350 437 2398 sermonem.
454 2327 616 2427 Cumque
629 2327 660 2400 ei
671 2327 962 2399 administrarent
973 2350 1054 2424 quae
1069 2348 1148 2395 cor-

87 2444 165 2542 pori
186 2459 289 2515 crant
307 2445 521 2530 necessaria,
540 2445 661 2518 relecti
679 2441 919 2542 spiritualibus
933 2468 1014 2514 cum
1027 2440 1150 2513 alacri-

88 2575 158 2632 tate
173 2560 303 2631 mentis
320 2559 528 2633 remeabant
540 2559 583 2632 ad
595 2588 667 2632 sua.
683 2559 834 2656 Quidam
848 2575 967 2630 autem
983 2583 1026 2629 ex
1044 2556 1149 2654 ipsis,

89 2693 127 2748 ut
148 2693 362 2749 meruerunt
386 2679 521 2776 perfrui
545 2679 618 2777 ejus
642 2679 843 2777 colloquio,
863 2674 1148 2775 deprecabantur

91 2793 217 2867 ascribi
246 2811 319 2865 tam
345 2795 519 2892 spirituali
544 2796 714 2894 collegio,
737 2798 880 2894 jamque
903 2809 1053 2890 propter
1074 2793 1149 2863 lre·

91 2911 272 3009 quantiam
289 2912 512 2984 venientium
531 2909 698 3009 praedicta
724 2911 809 2983 silva
834 2906 1034 2982 solitudinis
1058 2908 1150 2978 ami-

93 3041 182 3098 serat
197 3024 426 3098 vocabulum.
448 3058 466 3094 n

138 3174 158 3211 a
180 3142 414 3217 Accresccnte
435 3145 552 3245 itaque
574 3170 725 3216 numero
740 3144 911 3225 lratrum,
931 3140 1151 3215 accrescebat

94 3277 125 3332 ct
141 3260 181 3334 in
198 3260 304 3335 beato
320 3260 473 3335 Ebrullo
489 3263 601 3361 gratia
615 3263 804 3334 virtutum.
824 3257 1006 3332 Patientiae
1020 3258 1152 3358 quippe

519 3467 668 3474 ..--.-—.-
972 3460 1148 3471 ....-...—.-

125 3584 163 3650 (r)
172 3581 224 3634 les
237 3580 359 3654 eulogias
369 3582 473 3635 etaient
484 3581 553 3635 daus
566 3581 590 3636 la
603 3582 743 3654 primitive
750 3570 843 3654 Eglise
853 3581 900 3635 des
913 3582 991 3653 pains
1000 3579 1093 3634 offerts
1105 3599 1154 3652 par

98 3669 130 3724 les
143 3669 238 3725 fideles
249 3681 278 3724 et
290 3671 369 3726 benis
383 3692 432 3744 par
449 3673 475 3726 le
489 3673 596 3745 pretre,
611 3672 681 3727 dont
694 3690 730 3726 ou
749 3671 880 3726 reservait
893 3690 947 3724 une
966 3681 1027 3743 part
1044 3690 1115 3744 pour
1128 3672 1153 3726 la

98 3761 287 3826 communion,
312 3772 340 3815 et
361 3760 431 3816 dont
443 3762 468 3816 lc
481 3774 551 3816 reste
565 3764 632 3817 e'tait
644 3767 658 3816 a
670 3761 694 3816 la
709 3762 746 3815 lin
763 3760 798 3815 de
812 3761 835 3816 la
852 3780 937 3816 messe
950 3759 1085 3817 distribue
1102 3781 1154 3816 aux

98 3851 248 3914 assianum
271 3852 376 3904 ceux-ci
397 3869 432 3904 ne
444 3852 592 3923 pouvaient
602 3852 641 3906 les
652 3863 779 3925 accepter
790 3863 819 3907 et
832 3852 887 3906 s’en
900 3853 1012 3906 nnurrir
1026 3871 1080 3927 que
1091 3872 1153 3908 sous

98 3937 118 3991 la
131 3937 277 3993 condition
290 3939 404 3994 d’etrca
419 3941 503 4010 jeun;
523 3941 588 3995 elles
607 3942 755 3996 tenaientb
770 3959 824 4015 peu
841 3943 903 4014 pres
917 3943 972 3997 lieu
985 3942 1020 3996 de
1036 3941 1060 3996 la
1082 3961 1156 3997 com·

98 4028 211 4080 munion
225 4030 239 4079 a
251 4046 319 4081 ceux
340 4029 388 4101 qui
405 4029 539 4083 n’araient
552 4048 589 4102 pu
606 4049 624 4101 y
639 4032 798 4104 participer.
820 4034 860 4087 Ce
879 4031 974 4086 lurent
986 4032 1094 4086 ensuite
1107 4031 1154 4085 des

98 4117 172 4186 paim
183 4136 220 4172 ou
235 4128 328 4172 autres
339 4117 466 4173 alimenta
477 4119 580 4186 bonite,
594 4121 676 4194 qu'on
689 4121 837 4193 s'envoyait
848 4123 1105 4194 reciproquement‚
1118 4139 1154 4174 ou

97 4208 178 4278 qu'on
193 4207 351 4262 distribuait
364 4213 378 4262 a
391 4209 472 4263 table.
