2872 4920
181 405 243 464 saa
459 398 643 460 msroma
665 393 973 497 ncccnsnsrica.
1042 382 1247 480 [resartae]

180 549 449 635 processerunt,
464 549 500 606 et
511 559 594 607 cum
603 533 653 605 eis
666 532 825 604 militum
835 545 872 606 et
878 529 1044 632 peditum
1056 533 1139 631 plus
1148 556 1247 634 qum

180 679 230 727 xx
257 652 371 725 millia
397 676 463 750 per
488 652 771 724 sarracenorum
795 649 954 724 colonias
977 647 1132 749 dispersi
1159 664 1245 724 snut

117 830 120 837 .
180 769 318 843 Arabes
343 784 463 841 autem
480 783 517 841 et
539 768 649 840 Turci
667 766 712 839 ab
735 767 933 841 Jerusalem
948 782 986 841 et
1007 768 1202 856 Damasco,
1218 780 1248 842 et

180 889 225 961 ab
239 889 316 960 aliis
332 889 530 960 multarum
554 887 745 987 regionum
759 884 965 986 municipiis
987 882 1248 976 convenerant,

179 1022 221 1078 ut
238 1004 443 1080 Antiochiae
462 1002 710 1077 subvenirent.
723 1002 806 1095 Qui,
823 1017 865 1074 ut
879 999 1107 1075 Christianos
1118 1024 1248 1100 perre-

179 1123 325 1222 gionem
341 1148 441 1195 suam
455 1120 633 1220 dispersos
646 1121 698 1218 (r)
710 1117 903 1193 audierunt
911 1174 922 1209 ‚
936 1117 1138 1192 admodum
1148 1118 1248 1220 gavisi

180 1253 281 1328 sunt,
296 1253 480 1338 sperantes
497 1262 534 1311 se
548 1237 619 1309 illis
631 1261 700 1335 pro
717 1251 818 1311 certo
835 1235 1110 1335 praevalituros,
1123 1250 1249 1335 utpote

181 1380 271 1454 quos
296 1352 542 1454 opinabantur
568 1378 700 1451 paucos
723 1366 761 1424 et
785 1350 1013 1426 adventitios.
1039 1352 1248 1451 Intempesta

183 1474 424 1572 igiturnocte,
443 1469 530 1544 duas
546 1472 637 1544 acies
654 1472 692 1549 in
707 1469 843 1543 insidiis
856 1469 1137 1560 ordinaverunt,
1150 1493 1249 1542 unam

181 1592 321 1679 asacie,
340 1592 490 1663 alteram
507 1619 525 1662 a
542 1596 659 1691 tergo.
684 1589 918 1688 Armipotens
939 1612 1063 1662 comes
1078 1586 1249 1660 flandrie

181 1726 218 1782 et
241 1709 472 1782 Buamundus
494 1707 655 1782 diluculo
673 1707 711 1780 in
729 1732 789 1780 eos
807 1705 1029 1778 unanimiter
1048 1706 1247 1791 irruerunt,

181 1842 218 1899 et
241 1827 409 1903 invocato
426 1826 575 1899 nomine
595 1826 680 1898 Jesu
697 1850 780 1898 cum
803 1824 906 1924 signo
929 1823 1067 1909 crucis,
1088 1834 1251 1896 constan.

182 1942 316 2014 tissime
349 1941 504 2040 proeliati
537 1956 641 2028 sunt,
671 1955 708 2013 et
733 1939 837 2012 multi
868 1963 1095 2039 paganorum
1123 1935 1249 2010 mortni

181 2077 278 2139 sunt.
296 2060 433 2134 Verum
445 2059 489 2133 de
503 2060 625 2159 spoliis
637 2085 765 2132 eorum
778 2072 905 2156 parum
918 2055 1021 2130 ditati
1034 2071 1122 2129 sunt
1135 2054 1251 2128 Chris-

183 2178 291 2267 tiani,
312 2180 394 2279 quia
409 2180 526 2253 otium
543 2204 616 2251 non
636 2176 839 2250 habuerunt
852 2201 912 2250 cos
928 2172 1251 2276 persequendi,rei

182 2293 360 2391 spoliandi
388 2294 457 2391 (a).
486 2294 626 2366 interea
656 2293 786 2382 Turci,
813 2292 932 2392 quiin
958 2287 1132 2389 praesidio
1162 2285 1251 2361 urbis

183 2406 344 2500 stabant,
373 2409 556 2483 audientes
579 2409 832 2485 Buamundum
849 2407 1073 2497 abscessisse,
1094 2387 1252 2480 audadtcr

184 2517 351 2617 exibant,
370 2544 406 2600 et
424 2529 460 2600 in
481 2527 565 2626 ipsis
577 2530 652 2627 jam
666 2528 790 2602 castris
803 2524 1071 2601 discurrebant.
1086 2526 1252 2625 Explora-

184 2661 317 2716 verunt
335 2644 432 2716 enim
460 2670 542 2745 quae
566 2646 725 2718 tentoria
749 2643 974 2745 languidiora
992 2644 1249 2740 reperirentur.

184 2757 345 2852 Quadam
358 2760 429 2850 die,
446 2763 669 2835 unanimiter
680 2764 718 2835 in
737 2764 859 2836 castris
872 2762 1080 2849 irruerunt,
1098 2777 1134 2834 et
1147 2758 1252 2832 comi·

120 2959 123 2964 ¹
184 2900 252 2947 nus
266 2876 303 2948 in
320 2874 540 2952 Christianos
558 2878 807 2979 impegerunt,
824 2875 986 2950 nondum
999 2870 1253 2975 scientesquod

185 2992 238 3063 sui
264 2991 396 3067 devicti
422 3011 551 3067 essent.
571 2996 637 3067 Die
655 2995 734 3083 illa,
753 2992 984 3066 vehementer
1007 2990 1197 3064 ismaelitae
1222 2989 1252 3060 in

186 3110 309 3182 castris
332 3109 589 3201 desaevierunt,
610 3129 646 3184 et
663 3112 767 3184 multi
793 3137 837 3184 ex
855 3109 1067 3182 Christianis
1083 3103 1252 3207 perempti

221 3470 259 3537 (1)
281 3467 344 3522 Une
364 3478 443 3522 autre
463 3468 652 3522 circonstance
672 3466 764 3520 devait
779 3481 881 3520 encore
900 3462 1008 3517 relever
1027 3461 1196 3534 l'espe'rance
1213 3459 1256 3515 det

188 3558 374 3624 musulmans;
388 3557 482 3614 c’etait
494 3559 519 3613 la
534 3559 727 3614 continuation
743 3556 778 3611 de
793 3556 869 3610 i'e'tat
885 3552 1088 3609 valetudinaire
1104 3551 1143 3605 dn
1159 3548 1213 3605 dne
1226 3547 1256 3603 de

188 3649 334 3718 bouillon,
348 3667 404 3704 non
418 3667 519 3705 encore
534 3649 619 3702 remis
632 3647 681 3702 des
694 3648 778 3701 suites
796 3646 831 3700 de
846 3663 875 3699 sa
890 3646 961 3698 tutte
974 3659 1039 3697 avec
1057 3641 1160 3706 l’onrs,
1177 3651 1207 3696 et
1222 3639 1256 3694 du

188 3749 279 3793 comte
292 3738 327 3794 de
341 3738 499 3806 Touiouse‚
516 3739 564 3813 qui
580 3749 652 3793 resta
667 3736 774 3792 malade
786 3735 916 3810 jusqu’an
930 3734 1097 3808 printemps.

224 3827 263 3897 (a)
277 3826 316 3882 Ce
330 3828 440 3882 combat
452 3837 502 3882 eut
513 3826 572 3882 lieu
586 3826 613 3881 le
625 3824 656 3881 31
673 3825 830 3882 decembre.
846 3824 935 3878 Notre
948 3831 1051 3876 auteur
1061 3837 1092 3874 se
1105 3831 1215 3893 trompe
1225 3817 1257 3873 id

190 3937 238 3974 sur
258 3919 284 3974 la
300 3921 490 3977 circonstance
508 3924 559 3997 qni
573 3920 708 3995 empecha
725 3918 868 3977 Boemond
884 3929 914 3974 et
932 3916 959 3971 le
976 3926 1068 3972 comte
1085 3915 1122 3971 de
1144 3911 1258 3971 mandre

190 4009 226 4064 de
239 4011 380 4066 recueiiiir
392 4012 431 4066 les
450 4014 533 4070 fruits
550 4013 585 4069 de
602 4014 663 4070 leur
679 4013 804 4069 victoira.
825 4013 866 4068 Ce
882 4029 919 4066 ne
932 4010 978 4064 fut
994 4027 1044 4082 pas
1063 4007 1089 4062 le
1111 4017 1201 4080 temps
1215 4003 1258 4080 qui

190 4100 252 4154 leur
266 4119 398 4174 nunqua,
414 4103 547 4157 maiades
563 4104 695 4158 chevaux.
711 4104 734 4158 ΙΙ
747 4124 764 4175 y
780 4122 813 4158 cn
831 4102 902 4159 avait
919 4103 933 4154 i
952 4100 1034 4172 peine
1052 4116 1089 4151 un
1111 4095 1213 4151 miilier
1228 4109 1258 4148 ει

192 4191 247 4255 bon
261 4193 317 4249 ctat
331 4189 398 4247 dans
412 4201 490 4245 toute
502 4191 624 4248 Pavorem
