2888 4934
561 397 678 460 LIBER
698 397 884 460 OCTAVUS.
1195 406 1254 467 435

189 561 272 609 rum
285 533 441 606 sectione
453 555 620 617 suorum,
635 529 680 601 ab
694 529 771 600 aliis
783 528 985 628 discrepare
997 536 1198 633 appetunt(
1223 539 1252 635 ).

188 652 401 729 Voluntaria
416 664 625 748 paupertas,
644 645 842 747 mundique
855 665 1099 748 contemptus,
1117 667 1158 722 ut
1173 656 1256 752 opi-

188 797 277 859 nor,
298 771 335 842 in
362 769 542 868 plerisque
562 768 676 840 servet
702 793 742 839 ac
772 791 854 838 vera
876 768 1026 867 religio,
1052 768 1112 841 sed
1136 771 1257 869 plures

188 889 239 963 eis
255 887 450 986 hypocritae
464 883 727 983 seductoriique
740 883 965 956 simulatores
977 886 1255 982 permiscentur,

188 1022 230 1078 ut
239 1005 366 1079 lolium
379 1002 511 1076 tritico.
524 1001 699 1100 Paganns,
715 1000 945 1073 Carnotensis
958 1004 1162 1092 canonicus,
1177 1031 1259 1106 cog-

189 1136 365 1195 nomento
377 1120 580 1206 Bolotinus,
593 1115 787 1216 pulchrum
801 1143 945 1190 carmen
964 1117 1128 1194 Adonico
1139 1139 1258 1198 metro
1338 1186 1343 1195 .

190 1265 306 1337 nuper
334 1235 446 1308 edidit
469 1238 540 1333 (a),
574 1237 609 1307 in
635 1260 707 1335 quo
731 1235 892 1333 palliatas
921 1235 1053 1310 horum
1081 1236 1256 1336 hypocrisi

189 1356 459 1465 superstitiones
489 1352 670 1425 subtiliter
699 1367 735 1424 et
765 1353 907 1450 copiose
936 1355 1150 1454 propalavit.
1181 1360 1258 1457 Ego

189 1487 308 1543 autem
332 1471 367 1542 in
393 1471 562 1568 praesenti
589 1467 877 1567 chronographia
902 1495 999 1541 nunc
1021 1470 1123 1542 nitor
1140 1472 1257 1569 palam

189 1589 378 1661 enucleare
401 1588 556 1687 qualiter
573 1601 642 1658 eta
663 1584 793 1685 quibus
816 1585 956 1685 antiqui
973 1585 1159 1659 schematis
1183 1615 1260 1661 mu-

190 1706 279 1778 tatio
298 1731 415 1804 nuper
437 1704 590 1802 coeperit
608 1703 805 1801 pullulare,
827 1705 1000 1802 quoniam
1017 1706 1169 1801 posteris
1186 1706 1259 1779 lec-

190 1820 330 1895 toribus
347 1821 415 1894 hoc
431 1837 578 1892 autumo
594 1834 738 1919 gratum
754 1819 844 1891 lore.

201 1938 210 1955 ⁴
239 1938 280 2009 ln
300 1934 505 2035 Burgundia
528 1936 625 2008 locus
646 1949 717 2023 est,
743 1933 806 2034 qui
829 1932 962 2006 dicitur
979 1933 1166 2009 Molismus
1183 1937 1254 2035 (δ).

190 2054 295 2128 Unde
312 2051 505 2127 Rainaldus
523 2054 590 2140 ait,
609 2051 847 2151 lingonensis
863 2051 1049 2148 episcopus
1065 2053 1120 2150 (4)
1140 2083 1149 2123 :
1267 2126 1270 2134 ,

296 2222 344 2276 Est
356 2220 434 2295 qnasi
448 2220 615 2292 baptismus,
629 2218 732 2292 quibus
743 2227 786 2272 est
798 2218 827 2272 in
840 2235 934 2272 amore
947 2216 1101 2273 Molismus.

236 2361 306 2449 lbi,
324 2379 486 2460 ternpore
498 2359 670 2459 Philippi,
686 2359 779 2459 regis
792 2358 1033 2447 Francorum,
1043 2359 1257 2434 venerabilis

187 2478 391 2552 Rodbertus
402 2477 511 2550 abbas
524 2476 735 2552 coenobium
744 2474 906 2550 condidit
919 2477 994 2575 (5),
1012 2491 1048 2548 et
1063 2476 1258 2576 inspirante

149 2687 151 2691 ¹
185 2600 298 2698 gratia
328 2599 482 2698 Spiritus
515 2598 656 2685 Sancti,
682 2594 874 2692 discipulos
901 2620 1041 2693 magnae
1072 2596 1258 2697 religionis

185 2716 410 2815 aggregavit,
430 2713 618 2813 studioque
634 2713 812 2784 virtutum
828 2713 865 2784 in
883 2726 1003 2783 sancta
1024 2729 1252 2811 paupertate,

179 2832 282 2931 juxta
302 2858 405 2905 usum
422 2832 577 2904 aliorum
597 2828 871 2914 coenobiorum,
890 2828 1041 2901 comiter
1068 2829 1250 2903 instruxit.

183 2948 269 3022 Post
281 2948 419 3049 aliquot
432 2973 558 3034 annos,
573 2947 685 3020 sancti
696 2944 879 3018 Benedicti
891 2945 1052 3044 regulam
1062 2944 1255 3047 diligenter

184 3081 426 3162 perscrutatus
448 3081 522 3151 est,
550 3065 775 3163 aliorumque
799 3079 1006 3137 sanctorum
1029 3062 1254 3140 documentis

183 3197 329 3280 patrum
343 3183 556 3280 perspectis,
572 3206 774 3256 convocans
790 3181 919 3256 fratres
927 3235 938 3270 ,
962 3181 1011 3253 sic
1024 3181 1151 3255 allatus
1172 3201 1249 3257 est:

182 3296 428 3395 Nor,frutres
444 3301 637 3388 carissimi,
658 3297 857 3370 secundum
871 3324 1036 3370 normam
1049 3303 1253 3400 sanctipa-

217 3555 257 3626 (ι)
269 3553 293 3608 Il
308 3573 342 3608 ne
355 3554 414 3608 saut
427 3572 475 3627 pas
487 3553 597 3609 oublier
608 3572 663 3628 que
676 3553 732 3608 ceci
748 3564 790 3607 cst
801 3551 873 3606 ecrit
886 3570 936 3624 par
948 3570 987 3604 un
1001 3552 1095 3606 moine
1107 3554 1180 3608 noir.

218 3644 257 3714 (a)
269 3643 322 3698 Ces
334 3660 393 3696 vers
405 3662 441 3697 ne
455 3652 518 3697 sont
532 3661 579 3715 pas
592 3643 694 3697 arrives
704 3642 816 3716 jusqu'a
827 3657 907 3695 nous.
915 3639 1036 3694 -Nous
1051 3658 1169 3712 pensons
1181 3646 1249 3718 qu’il
1340 3716 1343 3721 Ι

181 3732 241 3788 saut
253 3732 305 3787 lire
321 3758 326 3786 z
342 3733 487 3787 Belotinus
502 3752 538 3788 ou
548 3734 706 3789 Balotinur.

217 3820 256 3893 (3)
270 3822 402 3891 Moleme,
417 3823 652 3879 arrondissement
663 3823 698 3878 de
710 3819 861 3878 Chatillou.

216 3915 256 3985 (4)
271 3913 407 3980 hainard,
427 3914 462 3968 de
478 3913 504 3968 la
518 3914 620 3968 lamille
633 3913 681 3968 des
692 3923 796 3967 comtes
808 3910 843 3965 de
858 3910 1067 3968 Bar-sur-Seiue
1079 3923 1108 3967 et
1121 3912 1157 3969 de
1171 3916 1249 3971 Ton-
1356 3984 1359 3989 .

182 4019 265 4058 uerre
277 4002 335 4071 (fils
344 4004 379 4058 de
391 4003 507 4059 Renaud
520 4006 553 4058 1⁶
561 4015 590 4059 et
601 4003 755 4071 d'Ervide),
768 4002 871 4074 evlque
880 4000 916 4056 de
926 4002 1047 4075 Langres
1057 4002 1111 4071 (fin
1122 4003 1158 4060 de
1172 4005 1250 4061 1065-

181 4093 405 4165 premicrsjours
418 4094 513 4149 d’arril
530 4092 620 4164 1685).

216 4183 256 4253 (⁵)
270 4183 312 4237 En
328 4182 403 4256 ¹⁰75·
