2888 4934
182 391 293 472 [ross]
553 395 670 455 ursus
691 395 879 455 oevsvus.
1195 401 1250 460 sn

183 527 319 613 crevit,
343 524 550 624 callidisque
576 525 951 625 tergiversationibus,
972 545 1007 598 et
1025 531 1162 628 argutis
1179 555 1258 602 ver·
1338 549 1340 560 ·

184 643 318 718 borum
344 643 671 718 machinationibus
694 646 773 744 plus
800 671 908 744 quam
936 649 1004 719 arti
1034 648 1259 721 litteratoriae

184 759 335 833 studuit.
348 761 397 832 Et
407 764 490 861 quia
505 763 736 861 semetipsum
750 765 786 835 in
805 762 902 835 curia
919 765 1040 862 magni
1056 766 1150 863 regis
1162 765 1262 837 Guil-

187 879 291 952 lerrni
320 895 535 978 arroganter
565 880 764 952 illustribus
796 881 966 978 praelerre
999 879 1164 970 ardebat,
1194 909 1261 955 ne-

184 997 321 1070 sciente
342 1024 416 1071 non
435 1001 572 1097 jussus,
590 999 704 1071 multa
728 998 939 1085 inchoabat,
959 998 1102 1072 insectus
1122 1002 1157 1070 in
1182 1003 1259 1073 aula

185 1116 281 1215 regis
300 1117 421 1214 plures
441 1118 643 1214 procaciter
664 1116 869 1203 accusabat,
891 1133 1095 1217 temereque
1112 1120 1262 1218 majori-

185 1231 377 1332 bus,quasi
391 1234 531 1332 regiavi
542 1234 666 1321 lultus,
681 1233 893 1333 imperabat.
907 1232 1014 1306 Unde
1025 1261 1044 1306 a
1057 1233 1258 1321 Rodberto,

185 1347 431 1445 dispensatore
445 1351 547 1447 regio
566 1351 636 1447 (r),
649 1348 885 1422 Flamhardus
896 1352 1169 1448 cognominatus
1188 1371 1259 1439 est,

186 1462 284 1562 quod
312 1463 529 1537 vocabulum
565 1465 596 1537 ei
632 1465 827 1538 secundum
858 1490 977 1538 mores
1005 1468 1079 1563 ejus
1104 1485 1140 1538 et
1163 1484 1262 1539 actus

185 1581 288 1680 quasi
302 1579 512 1679 prophetice
532 1582 704 1654 collatum
721 1599 786 1654 est.
807 1583 967 1659 Flamma
982 1584 1117 1681 quippe
1133 1584 1263 1656 ardens

186 1696 313 1768 multis
322 1698 423 1771 sactis
434 1700 485 1796 (2)
497 1700 620 1771 intulit
629 1700 727 1798 genti
741 1724 856 1773 novos
869 1700 976 1786 ritus,
989 1699 1120 1799 quibus
1131 1701 1262 1774 crude-

187 1814 274 1888 liter
297 1816 474 1914 oppressit
499 1817 720 1914 populorum
744 1833 880 1905 coetus,
901 1834 936 1890 et
960 1818 1116 1891 ecclesiae
1139 1837 1262 1891 cantus

187 1933 404 2030 temporales
420 1936 575 2006 mutavit
592 1937 629 2006 in
646 1936 824 2033 planctus.
845 1936 913 2008 llic
926 1936 1098 2034 juvenem
1116 1938 1263 2010 lraudu-

186 2049 296 2124 lentis
317 2051 622 2127 stimulationibus
647 2053 860 2152 inquietavit
886 2077 1028 2152 regem,
1054 2056 1206 2128 incitans
1224 2074 1263 2129 ut

187 2167 298 2242 totius
327 2166 471 2268 Angliae
497 2170 670 2242 reviseret
698 2168 997 2269 descriptionem,
1029 2169 1264 2272 Anglicaeque

186 2284 329 2359 telluris
346 2284 588 2384 comprobans
608 2287 755 2360 iteraret
770 2287 1023 2386 partitionem,
1042 2285 1264 2391 subditisque

187 2399 367 2475 recideret
382 2416 456 2474 tam
472 2400 618 2475 advenis
631 2429 741 2502 quam
757 2403 953 2502 indigenis,
968 2402 1143 2504 quidquid
1158 2407 1263 2479 inve-

188 2520 333 2592 niretur
360 2520 455 2593 ultra
480 2536 615 2594 certam
638 2520 914 2595 dimensionem.
941 2524 1133 2594 Annuente
1157 2549 1259 2624 rege,

187 2661 315 2711 omnes
327 2655 541 2729 carrucatas,
552 2667 639 2739 quas
651 2639 760 2739 Angli
775 2638 874 2711 hidas
884 2640 940 2737 (3)
952 2657 1095 2730 vocant,
1104 2641 1264 2716 funiculo

188 2779 334 2828 mensus
364 2772 416 2828 est
452 2773 488 2828 et
521 2758 726 2855 descripsit,
758 2759 1033 2856 postpositisque
1068 2760 1262 2846 mensuris,

223 3116 264 3184 (r)
278 3111 596 3186 Robert-leDespenser
608 3112 819 3185 (dispensator)
836 3114 966 3184 occuparit
987 3122 1031 3167 eet
1051 3110 1128 3168 office
1146 3117 1161 3167 a
1181 3113 1266 3188 l'epo-

190 3222 246 3279 qus
270 3204 306 3258 ‹le
328 3204 353 3258 la
375 3204 532 3258 conlection
555 3203 594 3258 du
616 3201 891 3276 Domesday-Boolr.
914 3202 939 3256 Il
962 3204 1030 3257 etait
1051 3204 1124 3258 frere
1145 3203 1266 3260 d’Urson

191 3293 334 3351 d’Abetot.
352 3295 390 3349 Le
407 3295 525 3349 chiteau
541 3293 577 3349 de
589 3293 770 3362 Tamworth,
785 3293 935 3348 l¹honneur
952 3293 988 3348 de
1001 3293 1164 3366 Scrivelsby,
1181 3305 1210 3348 et
1226 3313 1268 3350 ses

190 3396 286 3441 autres
300 3385 360 3440 liefs
375 3385 585 3460 d’Angleterre,
600 3385 696 3440 iurent
712 3383 857 3458 possedes,
873 3402 937 3440 sous
949 3369 1038 3439 Herivi
1051 3384 1096 3451 I“,
1112 3404 1162 3457 par
1174 3383 1269 3458 Roget·

192 3477 347 3546 llarmion,
367 3475 409 3531 lils
427 3477 463 3533 de
480 3477 588 3532 Robert
604 3476 757 3544 llarnrion,
773 3485 803 3529 et
820 3475 925 3548 gendre
939 3492 976 3529 ou
994 3474 1124 3547 petit-fils
1139 3493 1175 3529 en
1193 3473 1269 3549 ligno

192 3567 330 3625 feminine
342 3569 383 3624 du
395 3569 560 3642 Desponser.

227 3659 269 3729 (a)
283 3658 361 3713 Nous
372 3676 490 3731 pensons
505 3656 573 3731 qu’il
587 3657 647 3712 lant
660 3658 711 3713 lire
727 3683 732 3711 :
738 3657 851 3730 factus.

228 3745 270 3820 (3)
286 3750 323 3802 La
336 3760 506 3803 contenance
520 3749 556 3803 de
570 3748 657 3804 l'hide
674 3748 764 3822 paralt
781 3747 857 3801 avoir
873 3747 918 3800 ete
936 3745 972 3799 de
990 3755 1054 3799 cent
1067 3763 1156 3813 acres,
1175 3746 1197 3800 si
1214 3746 1269 3801 l’on

196 3853 230 3890 en
242 3837 316 3891 croit
328 3837 445 3892 Gerrais
457 3836 492 3890 de
507 3836 642 3910 Tilbury;
656 3837 722 3890 e'est
735 3839 749 3889 h
762 3852 815 3908 peu
828 3835 892 3907 pres
903 3831 970 3887 celle
983 3831 1018 3886 de
1030 3843 1110 3887 notre
1124 3834 1268 3889 charrude.

197 3923 291 4000 hoger
309 3925 345 3980 de
362 3926 532 3993 Beaumont,
553 3926 621 3979 (lans
641 3926 664 3980 la
683 3926 779 3979 charte
795 3923 830 3977 de
847 3921 994 3977 fondation
1011 3920 1049 3976 du
1065 3924 1178 3995 prieurs}
1195 3921 1230 3976 dc
1246 3923 1270 3977 la

198 4014 418 4070 sainte-'trinus
430 4016 466 4069 de
476 4026 549 4070 cette
560 4015 638 4083 ville,
651 4017 732 4087 apres
742 4015 818 4068 avoir
830 4012 922 4066 donnd
933 4010 980 4065 des
992 4012 1140 4066 charruc'es
1152 4012 1186 4065 de
1198 4023 1271 4066 terrc

199 4122 233 4158 en
246 4103 339 4159 divers
356 4104 445 4171 lieux,
466 4105 558 4176 ajoute
577 4130 581 4158 :
605 4107 758 4178 Unicuique
777 4113 869 4158 aulem
885 4102 984 4156 barrum
1003 4122 1184 4157 carrucarum
1205 4122 1271 4155 corr·

201 4195 265 4251 cedo
282 4214 349 4250 cxxx
363 4206 390 4250 et
404 4215 418 4249 x
430 4215 516 4269 agros
530 4205 623 4251 terrm.
