2888 4934
245 120 304 177 190
520 111 704 173 msronn
726 108 1031 174 rcccrsnsrrcr.
1201 90 1377 192 [taint

243 249 335 350 gatis
351 246 390 319 in
415 245 494 318 aula
520 245 629 345 rogali
647 243 870 345 primoribus
886 244 988 344 regni
1010 266 1076 319 rex
1097 245 1147 318 ita
1171 241 1396 319 tamne&

245 379 311 438 w·
826 388 829 393 .

292 481 450 578 Egregii
468 505 653 579 proceres,
674 478 785 550 verba
803 504 885 550 mea
905 478 1098 574 diligenter
1117 476 1259 567 audite,
1272 496 1299 549 et
1355 473 1423 531 Ἦ

242 598 386 672 salabre
404 598 592 670 consiliam
620 596 724 682 milri,
754 623 877 696 quceso
886 653 898 685 ,
926 596 1080 668 tribuite.
1104 599 1302 695 Antequam
1379 605 1433 652 st

245 713 534 815 transfretassem
574 717 610 787 in
648 714 935 804 Narmanniam,
973 717 1134 813 regimen
1165 714 1305 813 Anglia
1403 759 1435 774 «-

230 830 354 931 fratri
368 859 463 922 mco,
482 834 683 931 Bajocensi
699 835 882 931 episcope,
899 831 1250 905 commendaveram.
1268 837 1306 902 ln
1405 851 1436 896 ε

244 951 479 1026 Normaania
497 950 603 1023 malti
621 968 747 1023 contra
772 977 829 1021 me
848 966 1101 1043 surrexerunt,
1121 964 1176 1039 et,
1205 963 1247 1021 ut
1263 950 1308 1020 ita
1411 973 1433 1017 a

245 1066 388 1154 dicam,
404 1069 523 1138 intimi
534 1066 548 1163 (
556 1067 589 1163 t)
607 1064 820 1162 etsorinseci
832 1091 890 1136 me
901 1067 1120 1136 invaserunt.
1137 1063 1310 1135 Bobenia
1416 1090 1427 1104 ·

235 1181 344 1281 filius
367 1163 486 1271 meas,
514 1197 547 1253 et
565 1186 693 1252 tirones
713 1189 801 1279 quos
818 1181 987 1269 enutrivi,
1007 1197 1040 1252 et
1058 1179 1191 1278 quibus
1212 1202 1309 1250 arma

245 1298 354 1388 dedi,
385 1315 509 1370 contra
534 1324 589 1368 me
614 1297 895 1388 rebellaverunt,
923 1303 1042 1396 eisque
1065 1301 1135 1368 mei
1159 1293 1314 1393 malqici

248 1415 397 1490 clientes
416 1433 450 1487 et
453 1416 610 1514 finitimi
627 1414 746 1487 liostes
759 1431 953 1513 gratanter
973 1414 1216 1486 adlzaeserunt.
1240 1412 1282 1483 V
1277 1437 1314 1482 e-

248 1559 330 1605 rum
344 1533 445 1621 Dea,
461 1535 565 1624 cujus
582 1559 816 1621 servassem,
835 1559 892 1604 me
908 1548 1138 1631 protegente,
1157 1529 1215 1602 nil
1228 1554 1311 1630 pm·

235 1647 430 1749 secernam
448 1676 515 1721 nec
528 1650 575 1720 de
591 1677 667 1721 mco
683 1649 842 1748 aliquid,
864 1647 1086 1749 nisiserrum
1101 1652 1139 1721 im
1154 1647 1315 1722 uulneri·

250 1765 658 1856 bussuis,obtinuerant.
671 1767 965 1866 Conglobatosin
974 1793 1030 1840 me
1037 1767 1316 1865 Andegaremses

196 1973 198 1982 Ι
244 1903 402 1986 paratus
422 1884 476 1956 ad
500 1885 630 1957 bellam
655 1901 786 1957 terrore
804 1888 1017 1987 compressi,
1035 1886 1196 1986 parique
1211 1882 1316 1955 modo

250 2000 462 2073 rebellantes
497 2002 748 2072 Cenomannos
779 2002 893 2073 amnis
924 2019 957 2074 et
984 2001 1123 2074 uiribus
1152 2022 1324 2100 compes·

251 2120 327 2189 cui.
351 2118 423 2189 His
450 2119 621 2188 nimirum
648 2118 950 2214 occupationibus
981 2119 1078 2190 ultra
1099 2141 1204 2187 mare
1231 2118 1328 2186 irre-

250 2234 336 2307 titus
349 2233 437 2334 fui,
471 2234 591 2333 ibique
620 2237 688 2306 diu
711 2254 889 2325 moratas,
911 2237 1072 2336 publicis
1100 2230 1329 2307 utilitatibus·

251 2350 433 2425 laboriose
446 2353 628 2425 deserviri.
644 2360 787 2425 Interea
784 2350 912 2450 frater
922 2380 1022 2425 meus
1029 2353 1210 2450 Angliam
1222 2346 1329 2420 velu-

251 2484 389 2543 menter
414 2475 612 2572 oppressit,
643 2488 677 2542 et
709 2470 878 2543 ecclesias
893 2469 1032 2569 fandis
1058 2486 1092 2541 ct
1120 2465 1341 2540 redditibaf

251 2589 484 2687 exspoliavit,
507 2591 726 2660 ornamentis
747 2588 795 2660 ab
813 2587 1100 2686 antecessoribus
1119 2584 1229 2658 editis
1250 2606 1345 2655 nu·-

252 2703 371 2794 davit,
393 2707 597 2804 militesque
619 2732 736 2794 meos,
755 2711 817 2802 qui
840 2722 965 2776 contra
984 2711 1110 2776 Danas
1132 2717 1168 2774 et
1185 2699 1362 2772 Hiber-r

252 2845 398 2908 nenses,
419 2837 453 2892 et
470 2822 566 2892 alios
584 2821 698 2893 bostes
718 2821 806 2891 milti
822 2825 931 2893 nimis
950 2818 1100 2920 irp'estos
1108 2877 1120 2909 ,
1144 2818 1381 2918 Angttanrr

253 2940 364 3008 tutari
382 2937 595 3028 debuerant,
616 2938 786 3026 seducit,
809 2955 843 3009 et
860 2957 959 3011 trans
987 2940 1102 3037 Alpes
1130 2939 1169 3008 in
1194 2946 1391 3008 extertb

252 3078 387 3154 regna,
415 3081 473 3126 me
501 3070 725 3148 contempto,
740 3056 949 3156 pertrahere
975 3057 1145 3157 disponit.
1175 3053 1392 3127 Nimim&

260 3186 1378 3214 ————————-—..—-——-—-—-‘

253 3270 393 3343 Gregoire
406 3270 477 3336 vll,
495 3287 531 3322 au
544 3268 640 3322 milieu
653 3268 688 3323 de
702 3279 764 3322 tous
777 3268 816 3322 les
829 3268 969 3323 embarras
983 3280 1011 3324 et
1024 3268 1060 3322 de
1074 3279 1137 3322 toas
1151 3264 1193 3320 lea
1206 3263 1395 3338 danger?

253 3375 309 3431 que
323 3358 414 3413 laisait
428 3358 517 3412 naltre
530 3357 554 3410 la
568 3375 681 3431 guerre,
697 3355 770 3411 alors
785 3356 847 3429 plus
861 3358 997 3412 acharne'e
1011 3374 1066 3431 que
1075 3354 1190 3427 jamnia,
1205 3363 1292 3408 entre
1302 3350 1391 3405 W

254 3447 322 3503 ohel
331 3447 366 3503 de
379 3437 491 3521 l’Eglise
502 3461 530 3504 et
544 3449 711 3518 l’empercur
724 3448 842 3503 seconde
854 3468 904 3521 par
923 3449 1072 3521 l'antipape
1086 3444 1222 3504 Guibert.
1243 3444 1375 3499 rent!

255 3535 327 3602 ctre,
342 3534 400 3591 mal
408 3539 523 3593 instruit
536 3539 583 3593 des
595 3538 729 3593 obstacles
742 3557 797 3613 que
808 3556 852 3593 ces
865 3538 937 3594 deux
949 3554 1134 3612 per-sonaages
1146 3534 1373 3609 appamienl

255 3629 271 3681 i
283 3625 310 3680 la
321 3625 392 3681 libre
402 3631 636 3684 communication
646 3648 710 3684 avec
720 3629 745 3684 le
757 3631 901 3684 souverain
912 3630 1018 3703 pontise
1032 3627 1172 3700 legitime,
1187 3623 1317 3679 roulant-i
1326 3614 1356 3671 Ι

256 3715 409 3771 seulement
422 3718 488 3772 aller
502 3720 587 3774 etaler
600 3738 650 3774 son
668 3721 736 3775 laste
757 3740 791 3774 au
811 3720 916 3775 concile
933 3720 1075 3790 convoqne
1088 3734 1160 3789 pour
1173 3716 1356 3771 l'automne

256 3804 293 3860 de
305 3805 413 3862 l’annbe
425 3810 558 3864 suivante.

290 3901 331 3968 (1)
346 3899 396 3952 Ms.
412 3898 446 3951 de
462 3899 485 3953 la
499 3901 574 3953 reinc
587 3900 621 3954 de
635 3900 734 3954 Suede.
750 3903 784 3955 Le
798 3912 870 3956 texte
883 3902 1014 3973 imprime
1027 3909 1106 3971 porte
1121 3923 1126 3951 :
1143 3901 1261 3952 inimici.
