2888 4934
155 399 240 473 [ano
256 400 349 474 1097]
555 393 670 484 nram
692 393 828 454 nouus.
1163 400 1221 459 501

159 529 395 628 tentoriisque
411 523 688 600 occidentalium
702 524 843 611 locatis,
861 523 1000 598 obsessa
1018 541 1070 599 est
1087 527 1224 618 Nicaea,

159 648 268 720 totius
281 645 466 719 Romaniae
480 659 603 742 caput,
617 642 704 716 urbs
716 644 967 735 munitissima,
980 661 1106 744 utpote
1118 673 1227 746 quam

157 761 389 835 ostentabant
406 756 829 859 inexpugnabilemne,
850 761 885 832 in
908 761 1044 834 coelum
1062 780 1227 861 porrecta

157 881 312 975 moenia,
332 881 498 978 lacusque
516 876 677 977 adjacens
693 880 767 976 (1),
787 879 967 959 civitatem
985 905 1003 951 a
1020 879 1130 952 latere
1146 881 1229 953 cin-

158 1023 258 1097 gens.
279 1000 319 1068 ln
338 998 465 1095 primis
487 995 536 1067 ibi
558 1013 631 1067 tam
655 996 858 1068 calamitosa
878 995 946 1068 suit
966 997 1087 1095 inopia
1104 997 1226 1095 panis,

156 1129 349 1212 antequam
367 1127 544 1184 mercatus
570 1111 616 1182 ab
639 1112 856 1209 imperatore
875 1109 1107 1210 dirigeretur,
1134 1129 1174 1184 ut
1199 1114 1226 1184 si

155 1228 302 1328 quando
329 1256 420 1301 unus
445 1231 547 1328 panis
570 1228 833 1317 inveniebatur,
855 1230 983 1330 viginti
1005 1229 1062 1303 vel
1080 1231 1228 1330 triginta

154 1346 310 1421 denariis
325 1363 519 1420 emeretur.
541 1345 609 1418 Sed
623 1348 699 1419 Deo
719 1346 764 1419 de
784 1347 854 1419 suis
877 1363 1115 1445 procurante,
1136 1373 1228 1420 corr-

152 1463 270 1537 testim
287 1464 516 1537 Boamundus
533 1465 652 1552 venit,
674 1481 711 1538 et
733 1467 917 1563 copiosum
944 1482 1039 1538 terra
1065 1467 1228 1567 marique

152 1583 352 1655 exercitum
369 1580 529 1654 deduxit.
549 1583 699 1680 lnopina
719 1584 839 1683 itaque
855 1582 1063 1656 victualium
1083 1582 1228 1655 ubertas

151 1716 303 1797 repente
321 1701 410 1772 sacta
435 1716 486 1772 est
505 1700 542 1772 in
560 1714 634 1772 tota
653 1699 784 1771 Christi
803 1700 944 1773 militia.
967 1701 1010 1772 ln
1033 1699 1228 1773 dicantem

152 1814 352 1889 Dominicae
371 1817 597 1890 Ascensionis
615 1819 630 1914 (
635 1819 668 1913 2)
686 1818 839 1917 aggressi
865 1835 949 1891 sunt
967 1817 1097 1891 urbem
1113 1844 1228 1917 expu-

153 1956 285 2031 gnare,
304 1947 340 2003 et
355 1933 488 2031 ligneas
504 1949 631 2005 contra
649 1934 826 2005 muralem
842 1932 1070 2007 altitudinem
1089 1931 1227 2006 machi·
1334 2016 1339 2023 .

155 2072 218 2118 nas
235 2047 387 2146 erigere.
408 2049 477 2120 Per
491 2046 580 2120 duos
594 2049 704 2147 igitur
722 2047 795 2122 dies
811 2048 944 2121 acriter
961 2049 1164 2121 infestantes
1181 2050 1228 2122 ci·

154 2161 322 2249 vitatem,
347 2165 465 2236 conati
484 2181 568 2236 sunt
584 2163 742 2238 ell'odere
766 2192 925 2237 murum.
956 2165 1135 2256 Gentiles,
1163 2168 1226 2267 qui
1297 2184 1299 2188 “

153 2278 250 2351 intus
267 2295 390 2368 erant,
407 2297 565 2354 econtra
584 2282 739 2355 viriliter
757 2282 907 2370 instare,
924 2308 1048 2356 muros
1068 2300 1228 2382 penates·

153 2421 224 2494 que
247 2422 329 2470 suos
352 2425 479 2497 magna
497 2402 532 2471 vi
549 2398 751 2487 defensare,
780 2399 913 2498 lapides
929 2414 965 2474 et
988 2401 1123 2501 spicula
1140 2400 1227 2474 diri-

151 2538 254 2612 gere,
273 2515 404 2613 clypeis
422 2542 458 2589 se
485 2533 695 2616 protegere,
714 2533 751 2591 et
775 2519 1043 2616 supervenienti
1068 2520 1222 2593 telorum

152 2629 281 2705 nimbo
296 2630 465 2706 audacter
478 2660 513 2706 se
527 2660 726 2733 opponere.
744 2635 776 2707 E
792 2636 940 2734 regione
954 2635 1047 2709 Galli
1063 2635 1153 2709 nihil
1173 2638 1223 2713 in·

152 2762 331 2821 tentatum
345 2750 569 2851 relinquere,
586 2768 838 2825 consertorum
852 2751 1028 2826 testudine
1040 2770 1223 2826 scutorum

151 2890 189 2938 se
210 2866 409 2957 occultare,
430 2886 466 2943 et
482 2871 532 2942 sic
545 2870 748 2969 jaculorum
765 2872 967 2969 ingruentia
991 2871 1169 2960 devitare,
1189 2883 1225 2945 et

151 3007 312 3082 persaepe
335 2984 537 3059 fatiscentes
553 2986 713 3060 obsessos
730 2988 913 3060 lacessere.
934 2987 1036 3061 Cives
1053 2988 1220 3078 interim,

151 3101 266 3175 missis
279 3104 440 3193 nunciis,
457 3133 474 3176 a
494 3104 762 3178 contribulibus
778 3106 848 3178 suis
865 3122 901 3178 et
916 3106 1080 3179 affinibus
1090 3106 1224 3207 adjuto

148 3217 248 3291 rium
273 3237 539 3314 convocarunt,
570 3222 754 3298 dicentes:
775 3224 1005 3311 Aradarum,-
1025 3250 1092 3324 per
1114 3228 1224 3296 meri-

149 3332 303 3408 dianum
310 3356 475 3439 portum,
484 3337 834 3437 nr'lrilformidantes,
850 3343 995 3429 intrate,
1008 3367 1091 3439 quoe
1100 3339 1223 3412 adhuc

148 3450 199 3525 ab
211 3459 309 3526 amnt
319 3473 429 3528 vacat
447 3456 659 3531 obsidione!
671 3458 800 3544 Porro,
821 3456 1014 3529 auxiliante
1027 3458 1116 3545 Deo,
1133 3457 1224 3529 mul·

139 3582 231 3671 „tum
243 3569 351 3644 aliter
363 3575 484 3646 evenit
498 3574 574 3647 baec
591 3575 829 3674 sperantibus.
848 3575 930 3672 Ipso
944 3574 1042 3646 enim
1054 3573 1130 3664 die,
1147 3575 1224 3647 sab-

148 3678 238 3759 bato
253 3687 388 3760 scilicet
405 3706 486 3787 post
503 3691 757 3765 Asceusionem
775 3691 941 3777 Domini,
957 3690 1139 3765 Podiensis
1151 3693 1224 3791 epi·

151 3866 1215 3898 —-—-—---——-—--·-—--—---..

137 4036 147 4049 ,
182 3934 335 4043 (illaebc
347 3974 489 4028 Ascanius.

98 4142 102 4147 Ι
185 4058 385 4134 (a)lae7mai.
