2888 4934
314 471 372 528 152
583 464 765 525 HISTORIA
786 464 1087 525 ECCLESIISTICII.
1197 438 1365 548 [987-9911

309 623 381 669 sua.
408 594 540 667 Exiens
564 618 650 666 vero
674 593 826 666 Karqus
841 592 885 666 de
906 595 1066 684 civitate,
1086 596 1221 695 fugavit
1243 598 1359 698 Hugo-

310 738 481 787 nemcum
493 711 649 784 exercitu
662 735 738 783 suo.
750 710 893 783 Incensa
908 710 1077 809 hospitia,
1094 710 1155 783 uhi
1168 712 1359 786 manebant

308 829 435 904 hostes.
454 830 610 901 Cernens
624 828 742 927 itaque
756 828 860 927 Hngo
876 827 949 899 dux
966 826 1062 927 qnod
1080 830 1230 901 minime
1245 846 1357 928 posset

307 947 480 1019 Karqum
497 946 658 1033 vincere,
674 945 862 1017 consilium
875 942 1000 1016 habuit
1016 970 1097 1017 cum
1114 943 1281 1018 Ascelino
1294 962 1359 1018 tra·

305 1061 424 1138 ditore
443 1063 580 1148 vetulo,
608 1063 670 1161 qui
696 1077 771 1133 erat
795 1062 977 1159 episcopus
996 1061 1099 1133 salsus
1122 1061 1303 1151 lauduni,
1326 1078 1359 1134 et

308 1178 526 1252 consiliarius
549 1178 686 1251 Karoli.
705 1178 826 1276 Itaque
851 1177 991 1250 tradens
1015 1176 1198 1251 Ascelinus
1219 1179 1359 1279 episco-

306 1321 371 1393 pus
386 1293 598 1366 Laudunum
615 1309 743 1380 noctu,
760 1291 1024 1393 quiescentibus
1039 1294 1195 1384 cunctis,
1216 1294 1358 1394 IIugoni

306 1407 386 1483 duci
404 1410 645 1497 Francorum,
664 1410 803 1481 vinctus
820 1424 872 1480 est
884 1407 1035 1481 Karolus
1053 1434 1133 1480 cum
1149 1433 1263 1481 uxore
1278 1433 1356 1498 sua,

306 1543 341 1599 et
354 1524 478 1599 ductus
493 1525 530 1597 in
545 1524 702 1598 custodia
721 1524 919 1598 Aurelianis
936 1525 1091 1598 civitate.
1105 1524 1275 1598 Nondum
1291 1552 1358 1598 au-

307 1659 379 1714 tem
393 1641 465 1739 ipse
481 1641 633 1713 Karqus
646 1657 722 1713 erut
739 1658 865 1714 unctus
883 1642 918 1712 in
931 1666 1070 1740 regem,
1090 1642 1274 1714 resistente
1286 1643 1360 1714 IIu-

307 1784 399 1857 gone
415 1758 517 1832 duce.
538 1760 779 1833 Manensvero
797 1758 889 1832 idem
905 1761 1056 1833 Karolus
1071 1761 1107 1832 in
1122 1759 1279 1834 custodia
1292 1760 1363 1833 Au·

307 1875 449 1947 reliauis
470 1877 506 1948 in
534 1876 682 1966 turrim,
707 1876 830 1975 genuit
853 1876 903 1948 iIIi
929 1901 1020 1948 uxor
1046 1904 1104 1948 suu
1131 1876 1222 1950 filios
1245 1875 1358 1950 duos:

307 1989 525 2063 Ludovicum
548 2006 584 2062 et
612 1991 798 2063 Karqum.
827 1988 964 2063 Eodem
985 2017 1080 2063 anno
1101 2007 1231 2063 unctus
1253 1990 1363 2063 estin

306 2131 427 2206 regem
444 2106 562 2178 Remis
578 2107 719 2178 civitate
735 2106 839 2205 Ilugo
856 2105 940 2178 dux.
952 2107 1000 2178 Et
1010 2108 1045 2178 in
1059 2108 1134 2204 ipso
1149 2131 1247 2181 anno
1261 2104 1364 2180 Rod-

307 2220 441 2311 bertus,
457 2221 549 2292 fiIius
562 2222 647 2320 ejus,
661 2246 723 2293 rex
733 2220 915 2294 ordinatus
924 2238 988 2294 est.
1005 2223 1070 2294 Hic
1079 2220 1198 2294 deficit
1209 2247 1362 2322 regnum

307 2337 430 2410 IIar0Ii
451 2338 605 2436 Magni(
630 2339 659 2436 ).

219 2482 223 2486 ·
339 2455 396 2526 In
413 2454 482 2526 illis
499 2453 623 2526 diebus
640 2471 715 2526 erat
729 2455 956 2527 Remensium
968 2457 1108 2528 civitate
1123 2454 1359 2554 archiepisco-

306 2597 371 2670 pus
394 2570 451 2642 vir
473 2568 591 2641 bonus
608 2586 644 2643 et
667 2570 863 2657 modestus,
882 2572 992 2643 frater
1017 2569 1176 2643 Lotharii
1201 2570 1297 2670 regis
1319 2596 1358 2644 ex

306 2687 516 2771 concubina,
535 2688 680 2760 nomine
692 2686 875 2759 Arnulsus.
895 2690 1001 2786 Hugo
1014 2704 1134 2760 autem
1145 2713 1208 2760 rex
1223 2686 1358 2761 invide-

306 2805 367 2878 bat
384 2807 434 2894 ei,
453 2806 576 2878 volens
592 2807 829 2878 exterminare
843 2807 1050 2904 progeniem
1071 2803 1229 2877 Lotharii
1252 2805 1355 2904 regis.

307 2920 602 3021 congregansque
617 2923 653 2993 in
665 2920 755 2994 urbe
765 2921 930 2993 Remensi
941 2920 1133 3018 synodum,
1150 2920 1243 2993 idem
1257 2921 1358 3020 IIugo

307 3062 371 3108 rex
386 3037 549 3109 invitavit
565 3036 869 3135 archiepiscopum
886 3037 1069 3110 Senonicae
1085 3037 1195 3123 urbis,
1216 3039 1359 3110 nomine

306 3153 507 3240 Sewinum,
527 3178 608 3223 cum
623 3151 851 3252 suffraganeis
864 3154 943 3224 suis.
959 3155 1000 3226 In
1019 3181 1091 3252 quo
1108 3153 1262 3227 concilio
1279 3152 1359 3226 fecit

305 3266 497 3368 degradare
510 3266 685 3340 domnum
699 3268 904 3359 Arnnlsum,
917 3270 1222 3370 archiepiscopum
1234 3269 1360 3343 IIemo-

306 3414 401 3476 rum,
417 3384 500 3460 dolo
513 3387 563 3483 (2)
577 3387 714 3485 nepotis
731 3388 798 3475 sui,
810 3414 917 3487 quem
933 3387 1074 3460 tenebat
1091 3389 1294 3475 incarcere,
1314 3385 1361 3459 di·

307 3531 388 3578 cens
406 3532 480 3579 non
501 3503 630 3577 debere
650 3530 721 3577 esse
738 3507 941 3603 episcopum
953 3523 1077 3577 natum
1091 3503 1358 3579 exconcubina.

306 3621 346 3692 In
366 3621 446 3695 Ioco
461 3648 547 3695 vero
565 3623 637 3721 ejus
647 3622 843 3694 consecrari
858 3623 940 3693 serit
955 3621 1129 3694 domnum
1143 3621 1361 3696 Gerbertum

340 3851 378 3921 (ι)
390 3850 443 3905 Sur
454 3869 497 3904 ces
510 3853 698 3919 &venementn
713 3870 794 3923 voyez
808 3850 943 3906 ci-dcssus
952 3863 974 3905 t.
990 3853 1016 3920 I,
1028 3872 1053 3924 p.
1072 3851 1119 3926 169
1131 3863 1160 3907 et
1173 3870 1230 3927 ¹7⁰·

340 3942 379 4011 (a)
392 3941 480 3994 Dolus
491 3950 532 3993 est
543 3941 667 4012 employe
680 3941 714 3995 ici
728 3941 795 3994 dans
809 3940 834 3995 Ie
848 3959 908 3994 sens
922 3939 955 3994 de
968 3940 1087 3997 doloret
1099 3940 1138 3994 du
1153 3953 1211 3996 mot
1225 3942 1358 4014 sranqais:

306 4029 395 4097 deuss,
417 4030 523 4084 suivant
542 4048 591 4084 son
611 4031 752 4102 acceptior
770 4030 922 4103 populaire.
940 4031 1085 4086 Pam-etro
1104 4031 1193 4085 memo
1212 4032 1308 4087 faut-II
1326 4031 1362 4104 I’y

307 4117 425 4193 prendre
436 4136 541 4173 comme
553 4136 701 4191 synonyme
712 4118 746 4174 de
759 4119 912 4191 pre'judice‚
927 4120 1087 4176 detrimeut.
1096 4120 1254 4177 -Charlrs
1267 4122 1362 4178 n'c'tait

306 4210 384 4288 point
396 4208 421 4264 Ie
434 4224 533 4274 neven,
549 4207 616 4262 mais
629 4216 688 4261 tout
702 4225 736 4260 au
748 4208 884 4265 contraire
897 4207 993 4264 I’oncIe
1008 4207 1154 4265 d'ArnouI.
