2888 4934
144 404 295 477 [aurouno
311 402 405 478 1097]
537 395 654 456 LIBER
674 396 812 456 NONUS·
1148 401 1214 465 565'

143 531 357 630 baptizavit,
373 529 492 630 ibique
506 530 644 603 cultum
653 528 869 620 divinitatis,
885 547 1100 630 cooperante
1112 534 1207 622 Deo,

146 648 300 720 instituit
318 649 478 746 primum
496 647 565 744 (1).
588 645 655 718 Hic
673 646 846 718 nimirum
865 647 981 720 Graeci
996 663 1032 719 et
1044 647 1209 724 Armenii

143 781 179 837 et
200 766 277 862 Syri
297 767 433 863 pariter
453 777 744 853 commorantur,
767 781 803 836 et
825 791 844 835 a
868 764 1070 863 primordio
1094 766 1211 840 Chris-

144 882 316 955 tianitatis
330 883 511 956 coelorum
527 881 604 979 regi
623 903 736 978 usque
757 878 864 954 hodie
881 883 1113 954 famulantur.
1135 884 1210 957 Ve·

143 1028 245 1089 rum,
263 1001 415 1099 peccatis
429 997 676 1098 exigentibus,
696 1023 815 1095 nuper
826 996 1024 1097 disciplinae
1042 1025 1114 1071 suae
1132 999 1208 1071 vira

143 1144 223 1215 gam
270 1120 363 1190 Deus
408 1118 567 1205 exeruit,
611 1132 647 1188 et
696 1114 887 1214 gentilium
934 1115 1211 1191 debacchatione

141 1234 429 1308 Christianorum
444 1234 629 1307 commissa
644 1234 805 1331 castigari
819 1232 994 1332 permisit.
1008 1233 1112 1306 Unde
1120 1259 1211 1333 prae*

140 1355 208 1423 sata
216 1354 339 1426 civitas
351 1351 592 1427 dominationi
605 1351 825 1436 Turcorum,
836 1351 946 1422 veluti
957 1350 1212 1450 circumjacens

139 1472 258 1568 regio,
277 1469 466 1568 subjacuit.
483 1469 577 1540 Divo
589 1483 708 1538 tamen
724 1465 835 1538 cultui
853 1467 1054 1539 voluntarie
1071 1467 1210 1540 manci*

138 1586 330 1683 pabantur,
351 1612 418 1658 nec
436 1586 508 1657 ulla
530 1610 755 1684 paganorum
772 1581 995 1657 districtione
1015 1584 1132 1683 legem
1145 1584 1211 1656 Dei

137 1703 299 1777 deserere
320 1703 555 1804 cogebantur.
577 1702 679 1774 Cives
698 1703 816 1801 itaque
834 1700 1036 1801 hujusmodi
1055 1701 1211 1775 Franco·

139 1849 220 1894 rum
237 1823 398 1896 comitati
418 1820 776 1920 congratulabantur,
798 1836 834 1892 et
851 1820 902 1892 illi
916 1835 1076 1893 econtra
1092 1834 1132 1890 ut
1143 1818 1211 1890 lra-

137 1955 209 2009 tres
225 1939 260 2009 in
280 1935 698 2010 omnibusamicabiliter
709 1960 769 2008 eos
781 1934 1105 2033 amplectebantur.
1122 1934 1212 2004 'l'ur-

139 2053 241 2152 gidus
272 2055 384 2152 igitur
419 2055 606 2151 princeps,
641 2053 754 2125 livore
783 2049 1003 2151 perfidiaque
1037 2065 1207 2136 caecutus,

139 2168 349 2240 Christianis
366 2166 509 2239 insidias
521 2166 735 2266 praetendit,
754 2183 790 2239 et
807 2166 958 2238 Stratori
976 2192 1040 2239 suo
1055 2166 1091 2237 in
1106 2162 1210 2264 eirpe·

137 2283 313 2357 ditionem
331 2287 431 2357 eunti
457 2285 648 2383 imperavit
662 2300 721 2374 ut,
747 2282 833 2356 dum
850 2281 1031 2372 redirent,
1057 2281 1208 2355 Baldui-

138 2428 226 2474 num
259 2404 443 2502 sociosque
472 2429 575 2495 suos,
608 2401 694 2475 dum
729 2402 900 2474 exarmati
937 2416 1071 2490 essent,
1101 2401 1207 2472 inva-

136 2518 256 2607 deret,
288 2537 324 2591 et
348 2520 481 2620 absque
510 2519 755 2593 misericordia
783 2517 1012 2591 interficeret.
1046 2513 1206 2588 Perfidus

136 2634 212 2707 doli
228 2637 355 2708 artilex
370 2637 553 2708 scelerosae
568 2636 733 2708 factionis
749 2633 844 2706 nefas
861 2633 1082 2733 praestruxit.
1101 2630 1206 2724 Quod

135 2750 370 2841 Balduinum,
386 2753 468 2851 quia
486 2750 589 2823 valde
603 2777 622 2822 a
638 2750 761 2822 multis
774 2749 973 2836 amabatur,
993 2772 1069 2820 non
1084 2747 1202 2819 latuit.

135 2869 175 2939 ln
198 2868 393 2947 remeando
416 2868 461 2941 de
481 2867 730 2967 expeditione,
752 2868 880 2968 pagani
905 2866 1144 2956 Christianos,
1164 2881 1205 2938 ut

137 3010 235 3055 arma
264 2983 489 3084 deponerent
510 3001 547 3058 et
563 2983 710 3056 liberius
726 2984 842 3072 irent,
862 2985 960 3084 quasi
975 2980 1130 3085 jocando
1146 2981 1206 3055 ads
1292 2979 1295 2982 ⁴

135 3119 372 3175 monuerunt.
391 3101 460 3175 sed
477 3103 528 3174 illi
544 3101 670 3175 dolum
684 3118 944 3202 praecaventes,
960 3126 1036 3174 non
1053 3099 1204 3200 adquie-

133 3234 278 3291 verunt.
294 3218 476 3307 Tandem,
491 3217 578 3290 dum
594 3219 638 3291 ad
654 3218 781 3302 urbem
798 3221 1152 3319 appropinquarent,
1167 3233 1205 3293 et

133 3335 262 3408 Franci
277 3352 378 3408 caute
390 3338 427 3408 in
443 3336 553 3408 armis
570 3338 793 3436 equitarent,
813 3337 897 3411 dato
912 3337 1036 3436 signu,
1054 3335 1205 3434 gentiles

134 3453 171 3524 in
199 3452 407 3528 cossubito
435 3470 800 3552 praeoccupaverunt,
832 3470 870 3526 et
902 3452 1203 3526 machinationem

135 3571 306 3669 nequitiae
323 3598 416 3659 suae,
433 3569 596 3645 feriendo
619 3570 772 3661 sodales,
798 3572 954 3670 turpiter
975 3570 1201 3645 detexerunt.

135 3682 328 3755 Christiani
346 3703 484 3773 autern,
500 3687 618 3760 Deum
633 3688 859 3775 invocantes,
876 3686 1105 3773 restiterunt,
1118 3685 1205 3759 viri·

137 3800 220 3871 liter
237 3797 355 3873 hostes
374 3818 644 3899 perctuaerunt,
672 3803 708 3875 in
731 3805 852 3902 lugam
873 3802 1145 3902 compulerunt,
1168 3819 1205 3878 et

134 3917 308 4015 fugientes
319 3917 493 4016 quosdam
504 3918 735 4009 occiderunt,
751 3921 909 4021 aliosque
919 3920 1080 3995 feriendo
1093 3946 1204 4021 usque

171 4167 210 4238 (ι)
224 4168 317 4239 Vnyez
330 4167 479 4234 ci-dcssns,
497 4178 516 4222 t.
530 4170 555 4235 l,
572 4189 599 4242 p.
613 4168 674 4244 5¹9.
