2872 4920
187 383 227 442 76
462 384 647 445 HISTORIA
666 384 971 448 scctsstasrlct.
1161 392 1251 469 [582]

186 541 267 615 qnae
288 514 393 588 bonis
422 515 568 616 gaudia,
595 544 674 618 quae
697 519 790 591 male
817 516 1020 592 viventibus
1047 518 1251 596 debeantur

188 648 382 706 tormenta.
402 664 420 703 n
721 641 727 658 ’

236 781 254 821 a
269 750 359 823 Cum
379 752 489 851 igitur
510 753 680 826 velociter
702 753 849 826 interire
867 755 1075 851 coepissent,
1101 772 1143 826 nt
1162 755 1251 855 plc-

185 867 265 939 nius
282 866 375 940 beati
393 867 461 940 viri
479 869 644 941 sanctitas
661 869 888 958 claresceret,
907 870 1050 969 quidam
1068 896 1114 944 ex
1127 872 1251 945 fratri-

185 980 271 1071 bus,
300 982 689 1075 Ansbertusnomine,
713 986 788 1058 sine
813 986 942 1059 viatico
965 985 1150 1059 defunctus
1175 1004 1247 1061 cst.

185 1099 310 1174 Custos
335 1117 454 1174 autem
476 1103 549 1201 ejus
575 1100 619 1175 ad
645 1101 811 1175 abbatem
841 1103 1002 1187 veniens,
1034 1104 1116 1175 ait:
1144 1066 1243 1196 bra,

179 1234 301 1315 pater,
333 1245 403 1318 pro
421 1218 506 1319 filio
515 1275 529 1308 ,
562 1218 665 1291 rebus
694 1219 861 1291 humanis
888 1218 1142 1293 miserabiliter
1158 1223 1249 1306 jam

184 1359 338 1432 egresso.
364 1335 446 1407 Tua
466 1337 502 1407 ei
522 1335 696 1407 ducatum
721 1352 866 1434 praestet
891 1339 1023 1426 oratio,
1050 1338 1157 1436 cujus
1179 1341 1251 1411 iter

184 1475 258 1521 non
276 1453 428 1524 munivit
448 1449 621 1523 salutaris
642 1451 768 1523 tustiae
788 1456 1005 1526 communio.
1034 1452 1110 1545 Qua
1135 1452 1246 1535 dere

184 1567 307 1639 beatus
315 1567 486 1641 Ebrullus
497 1570 724 1668 semetipsum
735 1570 890 1642 multum
904 1571 1065 1644 incusans
1075 1572 1173 1672 quasi
1186 1596 1246 1647 oe·

184 1685 364 1785 gligenter
379 1685 565 1777 acciderit,
583 1685 625 1758 ad
643 1687 789 1760 thorum
801 1687 956 1762 defuncti
969 1691 1086 1778 venit,
1101 1706 1139 1762 ct
1150 1715 1244 1790 proe·

186 1801 393 1876 cedentibus
418 1804 582 1903 lacrymis
608 1821 737 1876 stratus
769 1807 804 1877 in
831 1805 997 1904 pulvere,
1027 1833 1127 1879 arma
1156 1831 1242 1885 ora·

186 1922 293 1993 tionis
309 1949 390 2022 quae
406 1939 637 1996 consueverat
653 1923 818 2020 arripuit.
837 1923 1029 2022 Postquam
1042 1940 1161 1997 autem
1177 1921 1243 1997 sibi

184 2039 293 2111 sensit
307 2038 423 2113 adesse
436 2040 549 2113 divini
565 2042 696 2114 favoris
711 2040 938 2139 praesidium,
956 2067 1102 2142 surgens
1114 2067 1134 2113 a
1148 2057 1243 2115 term

185 2155 389 2231 inclamavit
406 2175 603 2235 mortuum.
624 2155 922 2257 Adcujnsrocem
936 2159 996 2259 qui
1013 2159 1133 2231 lumen
1148 2159 1243 2231 ami-

183 2291 296 2362 serat,
321 2293 428 2374 caput
450 2277 580 2364 erexit,
603 2292 640 2348 et
662 2276 794 2374 apertis
811 2276 941 2362 oculis,
968 2301 1039 2349 suae
1065 2273 1241 2349 libertatis

184 2393 324 2465 intuens
341 2410 539 2481 auctorem,
560 2394 608 2464 ait
623 2423 631 2463 :
647 2394 748 2464 Bene
764 2394 916 2482 venisti,
937 2393 1107 2464 liberator
1121 2419 1240 2482 meus,

182 2507 269 2580 bene
294 2511 439 2581 venisti.
466 2510 529 2580 Me
553 2515 701 2597 etenim,
728 2534 833 2609 quem
861 2510 1029 2580 inimicus
1054 2507 1124 2580 sibi
1149 2533 1243 2581 een·

182 2625 372 2699 dicaverat
389 2628 500 2725 (quia
518 2629 859 2699 incommunicatum
875 2627 1022 2727 reperit)
1043 2642 1107 2697 tua
1123 2624 1244 2698 salvat

181 2746 319 2835 oratio,
344 2770 427 2845 quae
447 2743 659 2817 calliditatis
677 2746 757 2845 ejus
777 2761 992 2843 argumenta
1011 2742 1242 2823 solvitPn'·

182 2881 283 2936 eatus
303 2889 458 2962 namque
482 2864 673 2935 Beatorum
695 2865 877 2952 conrim'o,
899 2865 1109 2934 sententiam
1132 2884 1241 2935 eece·

175 3007 329 3080 peram,
353 2997 473 3081 utpote
497 3007 570 3054 non
595 2980 730 3053 liabens
752 2982 951 3066 m'uticum,
978 2983 1103 3050 misere
1124 2975 1239 3068 famis

181 3098 402 3170 cruciandus
432 3099 624 3199 supplicio.
661 3098 905 3197 Quapropter,
942 3095 1095 3195 benigne
1120 3111 1239 3193 pater,

181 3242 270 3315 rogo
295 3243 340 3287 ne
362 3214 512 3314 dfferor
537 3220 625 3314 quin
649 3213 822 3286 salutaris
850 3214 977 3288 hostia
1007 3240 1064 3283 me
1087 3215 1244 3312 partici-

177 3359 263 3434 pem
272 3333 417 3432 sacias.
437 3331 529 3426 Quid
547 3328 682 3403 multa?
700 3329 854 3405 Jubetur
873 3329 994 3402 afferri
1013 3327 1239 3402 sacrificium.

181 3446 285 3542 Quod
318 3474 403 3522 mox
436 3463 476 3520 ut
505 3447 662 3546 accepit,
692 3444 950 3519 admirantibus
978 3443 1115 3517 cunctis
1145 3441 1242 3544 quod

180 3566 378 3652 revixerat,
402 3563 550 3663 provida
570 3561 829 3661 dispensatione
852 3561 914 3632 Dei
937 3586 1057 3630 rursus
1075 3559 1243 3656 spiritum

179 3681 332 3753 exhalat.
352 3680 501 3752 Exultat
517 3680 695 3780 gloriosus
712 3678 829 3763 Pater,
850 3676 982 3748 certior
997 3674 1108 3746 lactus
1125 3672 1169 3745 de
1186 3699 1243 3745 sa-

178 3799 252 3868 lute
274 3796 410 3884 iratris3
430 3797 591 3869 exultant
606 3796 750 3881 fratres,
771 3788 1009 3865 collaudantes
1032 3790 1148 3861 Deum
1173 3813 1242 3889 pro

182 3917 339 3988 novitate
364 3913 541 3986 miraculi.
568 3913 633 3984 llle
657 3912 818 3999 laetatur,
848 3907 931 4006 quia
956 3907 1103 3979 lratrem
1131 3904 1242 3979 morti

180 4046 343 4129 ereptum
359 4056 425 4129 per
441 4047 619 4128 acceptam
638 4028 745 4100 vitam
763 4028 846 4097 vitae
865 4023 1068 4110 remiserat;
1088 4020 1139 4093 illi
1157 4019 1243 4122 glo-

180 4151 320 4223 riantur
344 4174 380 4221 sc
404 4146 535 4220 habere
557 4147 720 4235 Patrem,
746 4145 843 4242 cujus
866 4140 909 4214 ad
935 4165 1057 4238 preces
1083 4139 1244 4210 infernus
