2888 4934
62 425 159 501 [nss]
415 420 756 483 mnnnsnannns
1060 420 1120 479 sos

62 553 178 625 multae
191 575 299 624 naves
310 567 444 649 paratae
456 552 493 624 in
504 552 626 626 littore
636 568 785 640 starent,
802 550 1001 652 idoneoque
1012 565 1122 623 vento

59 668 125 766 jam
151 668 282 757 flante,
312 668 349 740 in
377 668 547 768 Angliam
575 685 691 741 nautae
717 694 783 768 per
813 695 918 742 naves
944 683 1122 740 armatum

61 788 254 860 exercitum
269 786 507 878 collocarent,
526 812 588 860 rex
601 786 789 859 Chunutns
802 788 894 860 velle
911 786 976 858 Dei
995 784 1123 883 explo-

57 919 215 991 raturus,
231 903 413 978 eeclesiam
429 905 598 996 intravit,
616 922 699 978 ante
712 905 824 978 altare
840 904 1024 978 humiliter
1037 928 1124 1001 pro-

53 1019 195 1111 cubuit,
208 1022 395 1122 Deumque
405 1037 447 1094 ut
458 1023 527 1096 iter
539 1049 642 1096 suum
654 1023 848 1096 secundum
861 1021 1124 1121 beneplacitam

51 1138 281 1239 voluntatem
316 1166 415 1212 suam
450 1139 640 1236 dirigeret,
673 1167 754 1214 cum
787 1141 955 1241 lacrymis
990 1139 1121 1212 oravit.

50 1251 193 1329 Deinde
209 1257 321 1328 irater
344 1258 417 1356 ejus
442 1258 619 1355 templum
649 1257 825 1356 ingressus
851 1272 922 1342 est,
950 1257 1011 1356 qui
1038 1253 1125 1326 dum

51 1393 179 1472 regem
188 1373 306 1446 solum
316 1388 399 1446 ante
412 1400 511 1446 aram
522 1388 742 1471 prostratum
754 1373 952 1471 prospexit,
969 1372 1126 1470 cogitare

52 1488 171 1586 ooepit
187 1512 297 1587 quam
312 1513 463 1588 magnus
479 1486 601 1578 labor,
622 1504 658 1560 et
674 1512 782 1586 quam
800 1512 909 1587 grave
924 1485 1126 1586 periculum

55 1614 111 1675 tot
122 1603 284 1677 millibus
297 1630 363 1703 per
374 1632 488 1678 unum
501 1604 684 1678 bominem
699 1606 921 1692 immineret,
938 1620 975 1675 et
987 1603 1015 1674 si
1031 1600 1124 1674 idem

56 1725 273 1810 auferretur,
289 1724 357 1796 cita
371 1722 632 1823 vehemensque
643 1723 794 1796 mutatio
807 1722 922 1795 fieret.
938 1719 1013 1793 Nec
1025 1745 1126 1793 mora

57 1832 215 1929 gladium
244 1837 438 1926 abstraxit,
470 1854 506 1912 et
534 1840 672 1914 orantis
698 1840 792 1939 regis
821 1854 928 1936 caput
955 1833 1125 1922 abscidit,

58 1956 248 2056 statimque
266 1957 304 2028 in
322 1956 469 2029 exilium
486 1956 633 2057 aufugit.
656 1957 773 2029 Porro
795 1971 867 2027 tam
886 1954 979 2026 tristi
997 1952 1127 2025 nuntio

60 2090 144 2147 mox
169 2074 347 2148 exereitus
370 2072 547 2173 dispersus
574 2091 646 2164 est,
673 2091 709 2148 et
732 2073 777 2148 ad
799 2074 990 2172 proprium
1016 2097 1127 2143 unus-

60 2192 209 2292 quisqne
225 2192 410 2291 negotium
433 2217 595 2265 reversus
614 2208 681 2265 est.
700 2192 864 2291 Denique
881 2190 1039 2263 seniores
1056 2214 1129 2287 po-

62 2307 135 2396 puli
158 2307 417 2398 calomanoth,
435 2310 585 2381 fratrem
606 2310 720 2410 regis,
741 2307 918 2408 parricida
940 2307 1126 2395 exulante,

65 2441 180 2523 regem
198 2426 478 2499 constituerunt.
499 2424 638 2527 Corpus
658 2453 746 2500 vero
768 2426 927 2500 Chunuti
945 2426 1039 2527 regis
1060 2424 1129 2498 ho-

69 2539 208 2615 norilice
238 2542 276 2614 iu
307 2541 449 2617 basilica
475 2544 712 2641 sepelierunt,
747 2542 792 2617 ad
823 2545 921 2643 cujus
951 2541 1129 2614 tumulum

72 2656 170 2730 multa
186 2659 360 2731 miracula
376 2658 549 2733 divinitus
561 2664 650 2733 lacta
664 2677 762 2734 sunt.
778 2660 831 2733 lbi
851 2658 986 2760 grande
1002 2684 1130 2732 coeno-

76 2763 161 2847 bium
184 2776 447 2851 monachorum
474 2794 723 2851 constructum
751 2794 822 2863 est,
852 2793 889 2850 et
915 2777 1131 2849 monasticus

80 2886 165 2980 udo,
181 2893 275 2967 sicut
287 2895 324 2967 in
341 2894 470 2994 Anglia
481 2894 575 2992 apud
587 2894 868 2969 Eoveshaminm
883 2897 938 2993 (ι)
951 2909 1128 2981 servatur,

84 3101 136 3166 lan
146 3112 170 3170 le
182 3115 266 3170 mode
279 3127 308 3171 et
319 3116 346 3171 la
360 3116 528 3174 destination
544 3120 715 3193 rappelaient
728 3120 767 3176 les
781 3120 886 3189 (limes,
903 3123 924 3177 si
940 3121 1066 3177 odienses
1078 3139 1131 3177 aur

85 3202 176 3274 nupt·
187 3204 382 3262 Scandinaves.
401 3208 456 3263 Des
477 3227 636 3264 murmures
648 3228 685 3265 on
698 3229 733 3265 en
747 3212 806 3265 rint
820 3214 835 3266 a
849 3230 905 3266 isne
917 3213 1067 3268 resistanne
1079 3228 1131 3264 ou-

86 3297 155 3358 Μη
165 3292 300 3368 quelques
311 3294 475 3351 oolleeteurs
484 3296 579 3352 lurent
590 3301 748 3366 marmores,
757 3309 786 3354 et
797 3297 824 3353 le
838 3300 889 3367 roi,
900 3300 1037 3355 vivement
1048 3314 1133 3370 pour»-

10 3388 13 3403 '
86 3377 138 3435 'liti
148 3382 306 3455 lui-meme,
322 3385 365 3441 lut
377 3386 471 3460 oblige
485 3386 520 3442 de
533 3405 561 3442 se
574 3389 698 3462 refugies·
712 3388 828 3444 d'abord
841 3408 877 3444 en
893 3390 1005 3455 Fiouie,
1022 3388 1084 3459 puis
1096 3405 1131 3440 en

83 3459 173 3529 sllud.
187 3474 227 3531 Ce
243 3474 288 3530 lut
307 3475 333 3531 u
352 3476 440 3552 qu'un
456 3478 567 3547 traltre,
585 3482 698 3534 nomme
718 3479 817 3547 Black,
836 3478 877 3533 lui
896 3477 1031 3553 pereunda
1050 3476 1132 3531 dese

84 3560 166 3620 unde
185 3566 202 3621 δ
223 3565 354 3622 Odensee
378 3567 446 3622 dans
473 3569 584 3640 l'espoir
605 3587 661 3643 que
686 3587 714 3624 sa
739 3571 872 3641 pre'sence
892 3589 910 3642 y
937 3565 1084 3641 apaiserait
1106 3564 1132 3619 le

79 3651 182 3724 Multa
195 3656 265 3711 maia
276 3660 291 3711 ὲ
301 3659 384 3730 peine
393 3656 419 3713 le
431 3657 475 3713 roi
488 3658 592 3715 enit-it
604 3662 684 3714 entre
695 3659 764 3714 dans
776 3659 881 3732 l'eglise
890 3658 925 3713 de
936 3655 1130 3723 saint-Alban,

77 3745 248 3820 *eunpagne‘
259 3745 296 3801 de
304 3764 346 3802 ses
357 3747 429 3802 deux
442 3748 544 3818 freres,
560 3749 657 3805 llenolt
665 3760 694 3804 et
702 3738 776 3818 Eric,
784 3768 839 3825 que
852 3748 933 3804 Black
943 3767 961 3822 y
971 3745 1134 3803 introduisit

74 3813 254 3924 {tu-jures.
267 3837 361 3892 Caum
373 3838 418 3893 fut
430 3841 480 3894 tue'
492 3840 572 3913 apres
587 3858 643 3894 une
659 3850 756 3895 courte
774 3840 923 3895 resistente
939 3838 989 3913 qui
1009 3837 1092 3892 eostur
1107 3836 1133 3892 la

72 3921 244 3982 miscunt
262 3937 292 3982 et
306 3931 321 3983 l
333 3928 468 4004 quelques
487 3928 603 3985 officiere
616 3930 652 3984 de
667 3932 790 3986 ensuite.
813 3930 897 3996 Olol,
916 3929 985 4005 qn’il
999 3929 1072 3983 avait
1090 3927 1134 3982 in·

70 4010 138 4066 '²⁸⁶
148 4013 372 4088 pnoedment
383 4019 422 4073 du
434 4019 527 4076 dncbe
538 4020 573 4076 de
583 4020 698 4094 Sleswig
709 4031 737 4076 et
747 4022 796 4096 qui
809 4040 839 4077 se
852 4021 973 4078 trouvait
984 4038 1086 4075 eneore
1098 4037 1132 4074 en

66 4081 199 4175 ¹‘'liudte,
209 4108 251 4165 lui
266 4110 383 4166 succede
395 4121 423 4166 et
435 4113 520 4186 regna
530 4111 659 4186 jusqu'en
675 4113 751 4186 1095.

114 4191 144 4263 (1)
158 4196 290 4274 L’abbaye
309 4189 485 4271 d’Evesbam,
503 4201 572 4258 dans
585 4201 611 4256 le
624 4205 715 4257 comte
729 4202 765 4255 de
779 4203 949 4269 Worcester,
970 4201 1038 4255 dont
1054 4199 1131 4254 leta·-
