2888 4934
182 445 292 521 [1097]
584 445 703 505 araca
723 445 860 505 nouus.
1195 451 1255 511 517

181 576 322 665 multis,
357 576 393 648 in
422 577 552 649 vallem
580 576 784 650 Antiochiae
811 597 1007 667 venerunt,
1033 597 1069 651 et
1100 580 1147 652 ibi
1181 607 1256 654 rem

181 690 288 764 aliter
302 690 506 764 audierunt.
529 693 637 764 Turci
657 693 755 764 enirn
780 694 921 791 copiose
946 693 1202 793 praeparabant
1219 722 1255 768 sc

182 807 228 882 ad
242 808 493 882 defensandam
511 809 654 882 urbem.

149 976 161 993 .
231 929 356 999 Petrus
371 926 415 999 de
439 928 566 1018 Roasa,
584 928 767 1000 declinans
791 927 836 1000 ab
855 928 951 1017 aliis,
972 930 1102 1003 vallem
1118 930 1163 1003 de
1179 932 1258 1002 llu-

183 1045 239 1144 gia
261 1045 315 1142 (1)
343 1045 527 1134 introivit,
556 1047 781 1145 inventisque
809 1048 936 1120 'furcis
965 1048 1257 1148 quamplurimis,

183 1161 343 1260 graviter
370 1187 430 1235 eos
459 1162 618 1250 caecidit,
653 1164 835 1261 superavit
860 1180 967 1264 atque
999 1167 1149 1265 fugavit.
1184 1164 1258 1236 Ar-

182 1278 313 1365 menii,
342 1278 470 1362 auditis
502 1279 665 1352 secu'ndis
696 1278 915 1353 successibus
946 1280 1258 1371 Christianorum,

181 1396 429 1496 frequentibus
446 1423 589 1496 quoque
605 1398 811 1471 infortuniis
826 1415 1068 1498 paganorum,
1089 1398 1257 1472 reddide-

185 1530 274 1586 runt
286 1514 396 1588 Petro
412 1514 544 1586 Rusam
559 1515 761 1602 civitatem,
782 1532 818 1587 et
834 1517 976 1590 castella
994 1515 1169 1617 quaedam.
1184 1517 1261 1588 Ma·

181 1632 244 1730 jor
258 1632 434 1703 exercitus
449 1631 592 1704 difficile
610 1633 679 1703 iter
694 1648 954 1731 aggressusest.
975 1631 1028 1705 lbi
1043 1631 1261 1731 gradieban-

187 1764 247 1820 tur
268 1747 426 1847 repcndo
447 1774 513 1848 per
534 1767 704 1822 montana
726 1749 832 1822 nimis
855 1776 976 1848 aspera
1001 1765 1037 1822 et
1056 1751 1259 1848 scopulosa,

186 1864 248 1937 ubi
268 1867 386 1938 tristes
402 1866 491 1938 mira
510 1868 666 1965 perpessi
680 1882 764 1938 sunt
777 1866 1005 1939 detrimenta.
1025 1866 1261 1940 Collideban-

186 2000 248 2057 tur
271 2000 307 2056 et
326 1982 667 2084 conquassabantur,
690 1984 895 2058 laborantes
918 2002 956 2057 et
971 1984 1175 2058 deficientes
1195 2010 1262 2083 per

186 2099 281 2171 viam
295 2101 441 2171 inviam.
454 2098 772 2199 Labebarrturequi
787 2101 822 2172 in
837 2100 1258 2199 immanepraecipitium.

186 2215 308 2305 Multi,
324 2217 424 2317 equis
437 2217 491 2289 vcl
506 2218 703 2290 clitellariis
721 2206 801 2290 cum
817 2215 924 2291 rebus
938 2218 1170 2316 superpositis
1186 2218 1261 2291 illic

187 2333 1261 2434 amissis,pauperatisunt.Postquamcalamitosasangustias

187 2452 249 2522 vix
270 2467 480 2542 evaserunt,
500 2449 545 2523 ad
562 2450 754 2550 quamdam
780 2453 980 2538 civitatem,
999 2479 1081 2551 quae
1111 2467 1262 2525 vocatur

188 2566 354 2640 Maralim
375 2568 459 2666 (a),
478 2567 719 2640 diverterunt.
739 2569 920 2641 Convenae
938 2593 1027 2642 vero
1042 2567 1270 2641 nostratibus.

222 2887 443 2956 (1)SuivautM.
458 2889 621 2962 Poujoulat,
638 2890 857 2964 l’emplacement
871 2889 907 2943 de
924 2889 949 2943 la
965 2888 1028 2944 ville
1044 2897 1073 2942 et
1088 2887 1128 2942 du
1145 2887 1262 2943 chiteau

187 2974 224 3029 de
237 2973 328 3049 Rugia
339 2980 422 3031 serait
432 2982 536 3051 occupe
545 2978 725 3051 aujourd’hui
737 2998 787 3052 par
797 2979 824 3034 le
834 2978 933 3052 village
943 2980 978 3034 de
988 2977 1073 3046 Riha,
1084 2976 1109 3032 la
1121 2977 1262 3033 troisieme
1359 3021 1361 3024 .

187 3061 265 3117 halte
281 3063 316 3117 dc
331 3064 494 3122 l’itineraire
507 3067 541 3121 de
555 3067 701 3142 Lattaquie'
713 3072 728 3124 l
740 3069 821 3142 Alep.

223 3154 262 3223 (a)
279 3154 411 3222 Maresie,
430 3156 609 3227 aujourd'bui
628 3158 752 3224 Meroth,
770 3161 786 3213 a
803 3158 868 3212 huit
884 3175 922 3211 ou
939 3157 986 3212 dix
998 3157 1100 3212 heures
1117 3155 1152 3210 de
1165 3155 1261 3211 cosor.

188 3242 263 3298 C’est
276 3243 344 3298 daus
356 3264 387 3298 ce
400 3248 483 3318 trajet
495 3265 551 3321 quc
564 3246 604 3302 les
615 3249 718 3303 croises
729 3259 830 3303 curent
843 3251 858 3302 li
871 3247 996 3303 lrnmhir
1009 3247 1048 3303 les
1060 3254 1263 3318 escarpements

188 3328 229 3385 les
241 3328 304 3403 plus
317 3331 521 3404 impraticables
533 3333 568 3388 de
578 3335 604 3390 la
616 3335 716 3395 chaine
724 3336 764 3390 du
777 3337 896 3403 Taurus,
911 3334 1044 3409 ausquels
1054 3333 1262 3398 ilsdonnerent,

189 3416 258 3473 daus
271 3416 346 3474 leurs
360 3421 572 3494 imprecatione,
588 3423 614 3478 le
626 3442 692 3480 nom
705 3423 740 3479 de
753 3435 918 3498 montagues
929 3425 967 3477 du
982 3422 1083 3477 diable.
1097 3422 1193 3476 Picrre
1206 3420 1264 3474 Tu·

189 3505 299 3562 ‹lebode
317 3520 431 3567 surtout
449 3529 484 3566 ne
502 3513 607 3568 saurait
625 3530 699 3568 assez
714 3513 753 3568 les
771 3511 898 3567 maudirc
914 3535 920 3565 ε
936 3511 1085 3566 Diabolica
1100 3518 1262 3575 montanea,

189 3610 322 3653 execrata
336 3611 495 3656 montanea.
509 3602 532 3657 ll
550 3620 621 3658 nous
639 3604 718 3676 peiut
735 3603 774 3658 lcs
794 3602 960 3669 chevaliers,
985 3601 1093 3656 battant
1109 3598 1158 3654 des
1176 3599 1265 3653 mains

189 3684 259 3746 «lans
269 3687 331 3748 leur
342 3688 493 3763 desespoir,
505 3703 535 3746 et
545 3692 666 3747 vendant
675 3691 750 3746 leurs
762 3711 851 3747 armes
864 3712 899 3747 au
912 3691 975 3764 plus
985 3690 1020 3745 vil
1034 3691 1111 3762 prix,
1127 3708 1199 3762 pour
1208 3689 1264 3743 t'eu

189 3775 379 3846 de'barrasser3
392 3780 566 3855 quelquesois
577 3782 667 3836 nieme
679 3781 719 3836 les
731 3781 843 3836 taissant
856 3785 887 3854 qa
898 3792 927 3835 et
936 3781 976 3848 la,
992 3798 1040 3853 par
1052 3779 1266 3852 l’impossibiliti':

189 3865 276 3923 deles
288 3878 461 3941 transportet·
472 3889 507 3924 au
522 3871 617 3925 milicu
631 3869 666 3926 de
678 3889 723 3926 ces
736 3872 898 3944 precipices.

225 3955 399 4013 Godechilde
419 3957 454 4012 dc
473 3960 577 4027 Toe'ni,
600 3959 654 4016 fille
671 3961 707 4015 dc
726 3960 816 4016 Raoul
836 3962 864 4016 11
884 3960 919 4015 de
939 3960 1043 4027 Tacui,
1062 3970 1091 4014 et
1111 3957 1267 4017 semmede

191 4044 337 4101 Baudomn
349 4045 385 4102 de
399 4047 556 4122 Roulogue,
572 4060 686 4104 mourut
698 4060 727 4104 ct
741 4050 785 4104 lut
796 4052 950 4106 cntcrrsiel
966 4049 1092 4104 Marcsie.
1108 4049 1189 4104 Cette
1205 4046 1267 4102 ville

191 4150 296 4207 occupe
313 4133 534 4210 l’emplacemeut
550 4136 586 4192 de
602 4136 755 4194 l'ancieuue
765 4138 955 4194 Germanicis.
971 4137 1020 4194 On
1031 4137 1103 4192 avait
1116 4138 1161 4191 ete'
1173 4133 1268 4207 obligc

192 4221 228 4278 ‹le
239 4223 278 4295 s’y
289 4225 394 4280 arietes·
409 4245 480 4300 pour
489 4225 616 4282 attendre
627 4227 782 4298 uocmond,
797 4229 981 4303 qui,n1algre
992 4236 1055 4284 tout
1071 4244 1103 4282 ce
1119 4243 1174 4299 que
1187 4232 1268 4283 nobs
