2888 4934
189 407 249 465 310
465 399 648 460 HISTORIA
671 400 979 461 ucotsssltsttcs.

187 550 289 607 cutus
303 548 376 619 est,
392 558 475 604 cum
488 532 565 603 aliis
578 532 700 604 multis
713 534 886 631 episcopis
899 549 935 605 et
947 529 1157 604 abbatibus.
1173 530 1256 603 Nam

186 651 375 723 Wlstanus
399 648 531 748 praesul
551 648 809 750 Guigornensis
828 667 867 756 et
887 648 1094 724 Rodbertus
1109 649 1256 722 Herlor·

184 766 320 854 densis,
367 765 569 838 Osmundus
627 767 902 840 salesburiensis
947 783 985 840 et
1027 766 1256 839 Gualketinus

183 883 462 957 Guentoniensis
492 886 563 979 (ι),
589 885 784 957 Balduinus
811 912 956 986 quoque
990 883 1255 958 archidiaconus

183 1019 220 1074 et
244 1000 353 1073 abbas
377 1001 413 1071 S.
443 1000 625 1073 Edmundi
659 1003 753 1101 regis
786 1020 822 1075 et
855 1005 1043 1101 martyris,
1072 1002 1253 1073 Turstinus

184 1118 441 1191 Glestoniensis
460 1133 496 1189 et
509 1118 703 1191 Rainaldus
724 1118 1016 1193 Abundoniensis
1037 1120 1114 1217 (2),
1133 1117 1253 1218 aliique

184 1237 305 1335 plures
321 1236 478 1334 episcopi
496 1251 533 1308 et
548 1234 695 1308 abbates
712 1235 837 1310 obiere
845 1267 856 1327 ς
876 1262 965 1338 quos
982 1236 1172 1335 sigillatim
1186 1261 1252 1333 pre

182 1353 324 1429 fastidio
341 1355 539 1453 legentium
552 1355 640 1427 nolo
654 1356 857 1428 nominare.

234 1475 382 1569 [1089]
408 1471 472 1543 His
497 1471 721 1572 temporibus
748 1471 896 1573 quidam
916 1471 1092 1557 clericus,
1114 1470 1252 1544 nomine

182 1591 395 1677 Rannullus,
411 1589 692 1663 familiaritatem
706 1590 788 1664 ltufi
803 1592 898 1691 regis
913 1588 1064 1688 adeptus
1076 1604 1145 1675 est,
1161 1602 1251 1660 etsu-

181 1732 248 1805 per
261 1731 386 1780 omnes
400 1707 517 1806 regios
534 1707 700 1780 officiales
715 1707 909 1806 ingeniosis
925 1703 1210 1778 accusationibus
1220 1718 1250 1776 et

180 1822 387 1894 multifariis
398 1820 663 1895 adulationibus
677 1825 928 1922 magistratum
944 1847 963 1892 a
981 1845 1067 1919 rege
1090 1843 1249 1893 consecu-

181 1954 239 2009 tus
256 1955 322 2010 est.
343 1938 433 2010 Erat
447 1940 546 2012 enim
561 1941 707 2039 ingenio
723 1965 818 2029 acer,
835 1963 989 2036 corpore
1003 1935 1172 2035 pulcher,
1187 1950 1248 2007 tur

182 2079 268 2154 gens
281 2053 423 2128 disertis
436 2056 506 2153 (3),
520 2055 837 2129 comessationibus
850 2073 886 2128 et
904 2053 1157 2143 ebrietatibus,
1175 2051 1247 2126 libi·

181 2170 331 2272 dinique
351 2174 456 2244 nimis
472 2172 633 2259 deditus,
652 2172 805 2246 crudelis
823 2190 859 2244 et
872 2171 1102 2261 ambitiosus,
1121 2173 1247 2271 suisque

181 2289 374 2388 prodigum
391 2291 570 2360 extrancis
584 2307 704 2361 autem
719 2289 843 2388 praedo
860 2291 1123 2389 rapacissimus.
1139 2285 1248 2361 llicdt

182 2405 334 2479 obscura
351 2407 433 2477 satis
451 2423 487 2476 et
507 2432 663 2505 paupere
677 2409 861 2505 parentela
878 2406 1035 2505 prodiit,
1051 2422 1090 2478 et
1105 2406 1248 2478 multum

183 2524 276 2596 ultra
297 2524 431 2597 natales
445 2551 527 2597 suos
540 2525 583 2596 ad
598 2526 798 2598 multorum
815 2525 1079 2599 detrimentum
1094 2523 1248 2596 sublima

182 2657 239 2714 tus
257 2641 444 2714 intumuit.
465 2642 642 2728 Turstini,
660 2643 842 2741 cujusdam
856 2642 985 2740 plebeii
999 2639 1201 2741 presbyteri
1215 2636 1247 2711 de

181 2786 274 2860 pago
294 2761 496 2860 Bajocensi,
515 2761 608 2832 filius
622 2763 706 2845 suit,
733 2779 769 2835 et
789 2788 807 2832 a
827 2759 1026 2859 puerilibus
1043 2760 1151 2831 annis
1169 2759 1247 2830 iuter

182 2876 409 2978 pedissequos
437 2877 586 2951 curiales
619 2906 702 2950 cum
736 2879 868 2952 vilibus
900 2879 1062 2977 parasitis
1094 2875 1246 2950 educam

185 3122 304 3197 1070-18
318 3125 468 3179 novembre
485 3123 577 3196 1100).
593 3124 616 3178 Il
631 3125 701 3178 n'est
712 3142 759 3197 pas
772 3135 850 3179 exact
862 3126 898 3179 ‹le
912 3125 1043 3198 direque
1057 3142 1091 3178 oe
1106 3124 1195 3195 prelat
1205 3120 1243 3177 soit

182 3222 258 3266 mort
269 3231 333 3267 sous
344 3215 371 3268 le
381 3216 467 3287 regne
480 3215 516 3268 de
528 3215 846 3285 Guillaume·lc-Roux,
862 3218 911 3290 qui
921 3216 1012 3270 l’avait
1021 3213 1143 3288 precede
1155 3209 1241 3268 dausb

181 3303 278 3358 tombe
292 3303 318 3358 le
331 3322 346 3357 a
360 3307 426 3359 aofit
439 3305 474 3359 de
488 3304 512 3358 la
527 3306 617 3358 memo
630 3310 727 3361 annea.

218 3397 258 3465 (t)
270 3395 348 3451 Saint
359 3394 507 3463 Wulstan,
521 3397 624 3469 eveque
636 3398 671 3452 de
683 3398 846 3452 worcester
858 3400 867 3466 (
874 3399 890 3453 8
902 3395 1060 3470 septembre
1074 3395 1192 3468 roba-19
1197 3392 1240 3465 ja·

182 3485 242 3538 vier
256 3485 350 3558 1095).

216 3573 325 3629 Robert
338 3576 450 3647 Losiug,
462 3576 565 3648 eveque
575 3574 742 3630 d’llerelord
753 3578 797 3649 (29
809 3575 957 3630 decembre
970 3574 1157 3649 1079-26juin
1169 3565 1238 3644 moll·

218 3665 360 3732 Osmond,
375 3668 479 3740 eseque
493 3667 528 3721 de
541 3667 684 3739 Salisbury
700 3667 710 3739 (
715 3665 815 3742 1078&
829 3667 975 3722 decembre
994 3671 1088 3740 ¹099l·

217 3755 392 3828 Vauquelin,
407 3758 511 3830 ei'eque
525 3757 559 3811 de
572 3758 755 3812 Winchester
768 3755 818 3826 (25
832 3759 887 3812 mai
904 3755 1008 3831 1070-3
1017 3757 1128 3828 janvier
1144 3749 1222 3827 1098)-

218 3844 257 3912 (a)
273 3842 433 3911 Baudouin,
454 3847 547 3900 moine
564 3846 599 3901 de
613 3847 808 3913 Saint-Denis,
825 3848 888 3919 puis
900 3846 971 3901 abbe
984 3846 1021 3901 de
1033 3833 1233 3900 saint-Eamus!

183 3928 321 4004 (1065-29
334 3931 481 3988 decembre
498 3941 585 4010 1097).

218 4020 368 4086 Teratsia,
383 4021 453 4077 abbe
465 4023 500 4078 ‹le
512 4025 703 4098 Glastonbury
717 4023 907 4096 (1083-1102).

218 4107 350 4172 Renaud,
366 4108 437 4163 abbe
448 4110 627 4186 d’Abingdon
639 4114 820 4186 (Berltshirel
835 4116 845 4186 (
851 4113 1022 4188 1084-1097).

217 4196 256 4271 (3)
271 4196 384 4268 Lingua
397 4196 525 4253 disertus.
542 4203 589 4255 Ms.
605 4202 640 4257 de
652 4204 676 4256 la
691 4206 766 4259 reine
779 4205 814 4259 de
827 4204 927 4260 Suedc.
