2888 4934
289 500 346 556 150
558 489 739 550 HISTORIA
761 488 1059 549 ECCLESIASTICA.
1255 493 1339 568 [977]

333 622 469 697 Deinde
478 638 560 721 post
569 647 641 695 non
651 619 876 708 multosdies,
888 619 1094 694 Hlotharius
1103 643 1180 711 rex,
1193 645 1340 722 congre-

285 768 371 842 gans
387 742 583 814 exercitum
602 739 786 837 copiosum
801 736 923 827 valde,
948 736 1128 811 revocavit
1146 738 1183 810 in
1202 736 1339 813 ditione

285 885 345 932 sua
360 857 590 932 Hlotharium
605 881 757 955 regnum
774 856 842 954 (1),
858 856 1074 955 veniensque
1091 855 1134 928 ad
1146 856 1336 955 palatium,

285 975 382 1076 quod
399 992 548 1049 vocatur
566 974 780 1074 Aquisgrani
789 1028 801 1064 ,
823 972 882 1045 ubi
902 973 1068 1046 manebat
1083 973 1168 1047 Otto
1187 975 1341 1075 impera·

286 1110 443 1168 turcum
460 1118 591 1182 uxore,
610 1090 696 1165 hora
715 1089 931 1189 prandendi,
954 1091 1199 1190 ingressusque
1219 1091 1257 1163 in
1275 1118 1340 1192 pa-

287 1212 424 1301 latium,
437 1210 580 1285 nemine
591 1207 869 1298 contradicente,
883 1207 1116 1282 comederunt
1125 1223 1161 1280 et
1169 1205 1341 1282 biberunt

285 1326 458 1430 quidquid
475 1328 525 1400 illi
541 1325 584 1399 ad
597 1352 678 1400 suos
690 1353 771 1398 usus
786 1340 1010 1424 paraverant.
1029 1324 1113 1398 Otto
1127 1350 1217 1399 vero
1234 1325 1341 1426 impe·

285 1459 398 1534 rator,
417 1470 499 1516 cum
512 1467 623 1516 uxore
637 1469 696 1513 sua
710 1457 747 1514 et
760 1442 895 1540 populo
906 1442 1061 1542 fugiens,
1082 1442 1230 1543 reliquit
1246 1442 1341 1542 pals-

286 1558 388 1632 tium.
405 1555 616 1657 Depraedato
637 1558 755 1657 itaque
770 1557 975 1629 Htotharius
993 1582 1056 1630 rex
1071 1558 1203 1655 palatio
1218 1574 1257 1632 et
1268 1574 1340 1632 tota

285 1672 491 1764 Provincia,
504 1700 666 1748 reversus
676 1690 728 1747 est
739 1675 776 1746 in
787 1675 973 1747 Franciem
986 1701 1067 1748 cum
1081 1699 1184 1774 pace,
1198 1675 1342 1748 nemine

286 1807 518 1891 persequente
534 1791 550 1888 f
575 1793 601 1887 ).

333 1908 419 1980 Post
444 1907 544 1996 haec,
570 1906 657 1979 Otto
684 1908 880 2005 imperator
904 1931 1123 2006 congregans
1146 1908 1341 1981 exercitum

285 2051 408 2115 suum,
425 2026 526 2098 venit
548 2024 717 2112 Parisius,
734 2022 795 2094 ubi
819 2023 1024 2096 interfectus
1036 2010 1213 2122 est'nepos
1236 2023 1343 2123 ipsius

286 2138 445 2228 Ottonis,
463 2165 546 2211 cum
564 2139 642 2211 aliis
656 2136 838 2236 pluribus,
857 2137 900 2209 ad
927 2154 1068 2236 portam
1093 2138 1264 2224 civitatis,
1282 2138 1343 2209 in·

286 2277 392 2326 censo
401 2252 575 2326 suburbio
586 2253 692 2325 illius.
703 2253 904 2325 Jactaverat
914 2277 1111 2351 namquese
1121 2251 1341 2340 extollendo,

286 2367 407 2441 dicens
427 2367 524 2469 quod
541 2368 700 2442 lanceam
721 2394 819 2440 suam
846 2368 1010 2467 infigeret
1029 2368 1066 2439 in
1084 2368 1236 2439 civitatis
1248 2391 1343 2466 por-

286 2500 373 2558 tam.
385 2485 592 2559 convocans
602 2485 712 2585 igitur
718 2484 925 2558 Hlotharius
937 2510 1000 2557 rex
1014 2486 1203 2583 Hugonem
1216 2482 1344 2558 ducem

286 2600 528 2693 Francorum,
545 2617 580 2675 et
596 2601 805 2675 Hainricum
821 2599 948 2674 ducem
960 2599 1280 2701 Burgundionum,
1295 2601 1345 2673 ir·

285 2744 464 2820 ruensque
491 2720 629 2809 ineos,
653 2718 871 2818 fugientibus
891 2718 962 2791 illis
985 2734 1189 2817 persecutus
1213 2732 1267 2790 est
1282 2742 1344 2790 us-

285 2864 355 2937 que
379 2839 573 2911 suessionis
599 2836 752 2910 civitate.
782 2835 840 2908 llli
865 2851 984 2908 autem
1009 2834 1156 2935 ingressi
1185 2831 1343 2906 fluminis

286 2954 444 3045 alveum,
458 2954 556 3054 quod
577 2953 709 3026 dicitur
726 2952 869 3041 Axona,
889 2954 1084 3026 nescientes
1100 2951 1244 3040 vadum,
1263 2950 1344 3049 plu·

286 3069 370 3141 rimi
384 3068 433 3140 ibi
453 3069 652 3167 perierunt.
670 3069 719 3140 Et
732 3068 978 3166 multoplures
999 3065 1219 3166 consumpsit
1234 3090 1341 3166 aqut,

285 3209 394 3286 quam
409 3183 544 3283 gladius
556 3201 724 3257 vorasset.
741 3185 791 3256 Et
799 3184 888 3256 tanti
906 3183 956 3257 ibi
969 3185 1173 3283 perierunt,
1184 3182 1343 3255 utetiam

285 3327 375 3403 aqua
389 3298 605 3374 redundaret
622 3298 848 3373 cadaveribus
865 3317 1108 3375 mortuorum.
1127 3300 1230 3400 Aqua
1246 3299 1343 3372 enim

286 3420 496 3520 impleverat
512 3420 607 3518 ripas
621 3445 711 3492 suas.
724 3418 931 3492 Hlotharius
941 3443 1028 3491 vero
1043 3442 1122 3506 rex,
1138 3429 1343 3489 constanter

285 3559 500 3635 persequens
519 3535 600 3608 illos
617 3531 731 3605 tribus
749 3532 872 3606 diebus
890 3550 925 3606 et
943 3530 1058 3605 tribus
1077 3528 1263 3619 noctibus,
1282 3554 1345 3600 us-

285 3676 355 3750 que
370 3649 414 3722 ad
431 3651 601 3741 fluvium,
620 3648 716 3751 quod
729 3648 809 3722 ssuit
819 3651 919 3748 juxta
933 3648 1160 3736 Ardenuam,
1175 3647 1250 3719 sive
1268 3642 1344 3718 Ar·

286 3792 417 3867 gonam
429 3774 481 3866 (ὅ)
489 3824 501 3861 ,
521 3768 697 3843 interfecit
709 3794 753 3843 ex
767 3766 927 3841 hostibus
942 3767 1134 3839 maximam
1146 3759 1345 3836 multitudi-

319 3986 332 4056 f
335 3987 359 4056 ι)
371 3984 445 4040 Lites
458 4008 464 4037 ι
477 3984 623 4040 Hlotharr‘r'.

320 4074 360 4144 (a)
372 4073 453 4128 Cette
463 4073 585 4145 surprise
597 4091 651 4146 que
663 4085 742 4128 notre
758 4084 883 4128 auteurs
896 4073 958 4144 deit
967 4074 1113 4146 rapportee
1123 4070 1272 4136 cidessus,
1283 4079 1305 4123 t.
1319 4069 1343 4133 l,

286 4183 312 4236 p.
329 4161 395 4231 168,
407 4173 456 4218 eut
466 4162 524 4218 lieu
536 4179 596 4217 vers
610 4162 634 4216 la
649 4163 686 4216 frn
698 4163 732 4217 de
741 4163 805 4234 juin
819 4181 881 4237 977.

321 4251 359 4323 (ὅ)
369 4253 448 4310 Cette
458 4253 580 4309 invasion
591 4263 639 4308 eut
651 4251 707 4308 lieu
715 4269 751 4307 au
764 4252 834 4307 mois
847 4251 988 4307 d'oetobre
1002 4251 1037 4305 de
1050 4248 1074 4304 fa
1090 4248 1178 4304 meme
1190 4248 1297 4302 annm
