2888 4934
202 459 259 517 196
476 457 657 518 HISTORIA
680 457 983 520 Ecctssstasrtcn
1049 461 1259 543 [tosa-1085]

196 604 298 677 sunt,
325 587 470 687 regique
489 587 684 661 Willermo
704 590 866 688 querelas
883 588 1069 661 infortunii
1087 590 1141 661 sui
1159 605 1261 666 retu·

196 706 334 793 lerunt,
353 721 390 777 et
405 703 452 777 ab
467 730 511 778 eo
525 706 697 778 auxilium
715 721 969 804 poposcerunt.

242 827 317 899 Rex
338 827 448 926 igitur
464 828 661 900 exercitum
682 828 978 899 Normannorum
992 845 1153 901 actutum
1169 831 1260 905 asei-

192 945 262 1033 vit,
281 960 492 1045 partemque
510 945 827 1017 Cenomannorum
844 946 904 1044 qui
923 944 988 1017 sibi
1007 945 1258 1037 cohaerebant,

192 1063 395 1152 accersivit,
418 1079 455 1134 et
473 1062 638 1135 hostilem
656 1064 809 1161 patriam
826 1089 908 1135 cnm
930 1061 1044 1134 valida
1062 1089 1175 1137 mauu
1194 1063 1260 1139 ad·

192 1181 268 1252 ivit.
285 1179 354 1253 Sed
368 1197 521 1253 castrum
537 1181 676 1253 Sanctae
693 1181 884 1268 Suzannae,
904 1178 1000 1278 quod
1019 1179 1259 1255 inaccessibile

189 1315 266 1370 erat
287 1325 364 1396 prae
389 1297 538 1397 rupibus
555 1315 591 1370 et
607 1299 780 1369 densitate
800 1298 1006 1384 vinearum,
1031 1296 1164 1397 quibus
1184 1299 1259 1374 cin·

189 1415 437 1503 cumdabatur,
454 1414 616 1487 obsidere
631 1415 812 1514 nequivit;
834 1439 899 1486 nec
913 1413 1070 1506 hostem,
1085 1417 1149 1514 qui
1165 1417 1259 1489 intus

188 1549 282 1621 erat,
301 1531 346 1605 ad
373 1531 518 1604 libitum
543 1549 726 1606 coarctare
754 1531 889 1620 valuit,
907 1533 990 1630 quia
1017 1534 1165 1606 sortiter
1188 1533 1258 1607 sibi

187 1646 424 1746 procurabat,
456 1663 493 1720 et
524 1647 662 1745 amplos
689 1645 803 1719 aditus
833 1644 998 1718 habebat.
1030 1647 1106 1719 Rex
1138 1649 1260 1749 itaque

186 1763 368 1864 quoddam
383 1765 620 1862 municipium
637 1765 674 1836 in
692 1765 785 1837 valle
800 1764 943 1863 Beugici
962 1765 1017 1861 (1)
1034 1765 1256 1855 construxit,

188 1880 309 1982 ibique
327 1909 495 1983 magnam
511 1882 669 1954 militum
686 1882 825 1980 copiam
842 1879 886 1952 ad
904 1879 1099 1953 arcendum
1118 1879 1258 1955 hostem

186 1999 391 2088 constituit;
425 2000 498 2098 ipse
528 2022 615 2070 vcro
643 2024 712 2096 pro
744 1997 882 2097 magnis
910 1996 1012 2094 regni
1040 1997 1196 2096 negotiis
1220 1996 1258 2071 in

185 2115 389 2190 Neustriam
403 2115 522 2189 rediit.
538 2116 645 2216 Regis
656 2114 803 2202 familia,
821 2114 876 2186 cui
889 2113 1051 2185 Alaunos
1064 2114 1255 2214 Rufus(a),

184 2234 376 2307 Britonum
408 2258 547 2320 comes,
585 2248 761 2330 praecrat,
799 2230 951 2319 divitiis,
985 2231 1099 2329 epulis
1129 2231 1187 2330 (ὅ)
1216 2257 1257 2305 ac

185 2348 323 2420 bellicis
337 2348 538 2447 sumptibus
552 2346 757 2447 praestabat.
777 2345 845 2419 Sed
859 2348 1045 2420 castrensis
1061 2372 1195 2420 cuneus
1205 2346 1256 2421 eis

188 2466 317 2537 virtute
340 2480 377 2538 et
397 2463 628 2538 multitudine
649 2465 861 2565 aequiparari
886 2463 1078 2564 satagebat.
1098 2464 1192 2538 Nam
1212 2464 1256 2539 de

63 2612 66 2620 ·
185 2583 378 2684 Aquitania
405 2601 442 2656 et
464 2583 696 2683 Burgundia,
728 2584 876 2683 aliisque
901 2583 1098 2682 provinciis
1128 2583 1256 2659 Gallioe

184 2698 326 2795 probati
344 2700 475 2772 milites
488 2698 532 2771 ad
550 2698 751 2771 Hubertum
768 2696 1030 2785 convolabant,
1049 2700 1156 2797 eique
1172 2699 1256 2772 totis

186 2816 320 2888 nisibus
345 2817 527 2905 auxiliari,
553 2843 723 2918 suamque
745 2815 962 2915 probitatem
984 2832 1167 2890 ostentare
1183 2818 1257 2890 ler-

186 2949 311 3005 rentes
339 2933 526 3032 optabant.
546 2934 650 3008 Unde
673 2936 804 3009 lactum
827 2951 880 3006 est
903 2932 1007 3007 atde
1028 2932 1257 3008 detrimentis

221 3250 259 3320 (r)
282 3245 469 3320 Aujourd'hui
490 3246 514 3300 la
534 3247 619 3301 vallde
631 3247 666 3301 de
679 3248 793 3319 Bonjea.
813 3247 860 3303 On
874 3268 891 3321 y
905 3249 963 3303 voit
978 3266 1080 3303 encore
1098 3247 1257 3322 l'emplaue·

186 3349 262 3394 ment
280 3337 318 3392 du
330 3355 412 3410 camp
425 3337 573 3392 retranclu}
586 3338 723 3392 construit
736 3357 785 3410 par
799 3336 971 3392 Guillaume.
985 3336 1009 3391 Il
1023 3339 1092 3391 etait
1110 3335 1208 3393 divise
1219 3356 1256 3395 en

184 3428 256 3485 deux
273 3428 415 3484 enceintes
437 3428 563 3501 separese
581 3446 631 3502 par
653 3446 690 3482 un
710 3429 791 3482 losse'.
807 3429 844 3481 La
863 3429 1016 3499 premiere,
1040 3426 1076 3481 de
1095 3427 1133 3483 80
1153 3429 1259 3485 aretae

184 3540 232 3576 sur
245 3524 292 3587 lo,
307 3538 336 3575 se
348 3535 460 3573 nomme
472 3517 498 3572 le
509 3518 610 3591 champ
623 3517 658 3572 de
673 3517 697 3571 la
713 3518 802 3572 Butte.
818 3517 855 3570 La
866 3516 1026 3583 deuxilme,
1042 3519 1057 3569 a
1071 3535 1127 3589 peu
1140 3519 1208 3590 pide
1220 3517 1261 3575 (le

184 3612 209 3665 la
221 3611 311 3665 meme
323 3609 457 3676 etendue,
472 3619 514 3664 est
524 3607 637 3682 appelles
649 3607 675 3662 le
689 3608 790 3679 claamp
804 3606 840 3661 de
852 3608 991 3662 Derriere.
1009 3607 1044 3661 Le
1056 3608 1180 3677 terrain,
1192 3607 1256 3683 plu

183 3699 261 3754 e‘leve
278 3718 331 3753 aux
350 3699 444 3772 angles
466 3697 501 3752 de
515 3698 640 3752 chacune
661 3696 757 3751 duces
777 3697 918 3751 enceintes
931 3695 1106 3770 qu‘ailleurs,
1126 3708 1255 3755 annona

183 3787 265 3863 qu'ils
284 3789 387 3842 etaient
399 3806 519 3860 pourvns
534 3787 570 3842 de
581 3786 721 3841 cavalirrs.
737 3786 788 3840 Les
808 3805 884 3840 murs
897 3787 1051 3858 paraisaent
1068 3787 1149 3841 avoir
1160 3786 1250 3843 subl

182 3877 200 3930 6
214 3877 315 3931 metros
326 3875 504 3943 d'ele'vation,
516 3888 544 3931 et
557 3877 597 3931 les
610 3877 695 3930 losse‘s
707 3874 724 3931 3
737 3879 753 3930 a
767 3880 783 3940 4
798 3874 833 3929 de
847 3874 966 3949 largeur.

216 3968 256 4038 (a)
270 3965 502 4032 Alain-le-lloux,
518 3978 609 4022 comte
623 3966 658 4020 de
670 3964 846 4020 Richemond
857 3983 891 4018 en
902 3964 1082 4038 Angleterre,
1095 3965 1251 4039 quatriduo

182 4055 381 4124 silsd’Eudou,
395 4067 486 4112 comte
500 4056 536 4111 de
546 4057 723 4111 Penthievre.

215 4146 255 4221 (3)
267 4147 368 4220 Equis.
385 4146 436 4200 Ms.
450 4145 485 4199 dr
497 4145 521 4199 la
538 4147 615 4200 reine
631 4146 665 4200 de
681 4145 780 4201 Suede.
795 4146 876 4200 eene
889 4147 1012 4198 variante
1026 4162 1062 4199 ne
1075 4162 1148 4200 nous
1165 4147 1253 4219 pann

174 4256 227 4323 pas
241 4238 386 4292 lienteuse.
