<?xml version="1.0" encoding="UTF-8"?>
<!DOCTYPE html PUBLIC "-//W3C//DTD XHTML 1.0 Transitional//EN"
    "http://www.w3.org/TR/xhtml1/DTD/xhtml1-transitional.dtd">
<html xmlns="http://www.w3.org/1999/xhtml" xml:lang="en" lang="en">
 <head>
  <title>
</title>
<meta http-equiv="Content-Type" content="text/html;charset=utf-8" />
  <meta name='ocr-system' content='tesseract 3.04.00' />
  <meta name='ocr-capabilities' content='ocr_page ocr_carea ocr_par ocr_line ocrx_word'/>
</head>
<body>
  <div class='ocr_page' id='page_1' title='image "./ordericivitalis05deligoog_0121.png"; bbox 0 0 2888 4934; ppageno 0'>
   <div class='ocr_carea' id='block_1_1' title="bbox 184 381 1243 460">
    <p class='ocr_par' dir='ltr' id='par_1_1' title="bbox 184 381 1243 460">
     <span class='ocr_line' id='line_1_1' title="bbox 184 381 1243 460; baseline -0.007 -10"><span class='ocrx_word' id='word_1_1' title='bbox 184 397 243 450; x_wconf 88' lang='grc'>110</span> <span class='ocrx_word' id='word_1_2' title='bbox 459 387 640 448; x_wconf 76' lang='lat' dir='ltr'>HISTORIA</span> <span class='ocrx_word' id='word_1_3' title='bbox 664 381 891 443; x_wconf 66' lang='lat' dir='ltr'>accersunt</span> <span class='ocrx_word' id='word_1_4' title='bbox 894 381 969 439; x_wconf 79' lang='lat' dir='ltr'>tel.</span> <span class='ocrx_word' id='word_1_5' title='bbox 1043 385 1136 458; x_wconf 75' lang='lat' dir='ltr'>[canet</span> <span class='ocrx_word' id='word_1_6' title='bbox 1154 383 1243 460; x_wconf 79' lang='lat' dir='ltr'>loto]</span> 
     </span>
    </p>
   </div>
   <div class='ocr_carea' id='block_1_2' title="bbox 178 516 1283 4242">
    <p class='ocr_par' dir='ltr' id='par_1_2' title="bbox 178 516 1283 2951">
     <span class='ocr_line' id='line_1_2' title="bbox 182 516 1245 622; baseline -0.007 -29"><span class='ocrx_word' id='word_1_7' title='bbox 182 524 367 622; x_wconf 89' lang='lat' dir='ltr'>linquens,</span> <span class='ocrx_word' id='word_1_8' title='bbox 389 525 425 593; x_wconf 89' lang='lat' dir='ltr'>in</span> <span class='ocrx_word' id='word_1_9' title='bbox 446 521 574 592; x_wconf 90' lang='lat' dir='ltr'>saltum</span> <span class='ocrx_word' id='word_1_10' title='bbox 589 516 775 603; x_wconf 73' lang='lat' dir='ltr'>cura-ebat,</span> <span class='ocrx_word' id='word_1_11' title='bbox 796 531 832 587; x_wconf 91' lang='lat' dir='ltr'>et</span> <span class='ocrx_word' id='word_1_12' title='bbox 847 543 866 586; x_wconf 89' lang='lat' dir='ltr'>a</span> <span class='ocrx_word' id='word_1_13' title='bbox 884 535 1083 612; x_wconf 72' lang='lat' dir='ltr'><strong>possessore</strong></span> <span class='ocrx_word' id='word_1_14' title='bbox 1096 516 1245 587; x_wconf 81' lang='lat' dir='ltr'>cumsa-</span> 
     </span>
     <span class='ocr_line' id='line_1_3' title="bbox 180 630 1244 736; baseline -0.004 -26"><span class='ocrx_word' id='word_1_15' title='bbox 180 640 279 711; x_wconf 88' lang='lat' dir='ltr'>milia</span> <span class='ocrx_word' id='word_1_16' title='bbox 296 656 332 712; x_wconf 91' lang='lat' dir='ltr'>et</span> <span class='ocrx_word' id='word_1_17' title='bbox 348 637 494 712; x_wconf 87' lang='lat' dir='ltr'>canibus</span> <span class='ocrx_word' id='word_1_18' title='bbox 510 637 572 709; x_wconf 91' lang='lat' dir='ltr'>diu</span> <span class='ocrx_word' id='word_1_19' title='bbox 592 636 778 736; x_wconf 71' lang='lat' dir='ltr'>quaesitus,</span> <span class='ocrx_word' id='word_1_20' title='bbox 800 631 953 705; x_wconf 84' lang='lat' dir='ltr'>inveniri</span> <span class='ocrx_word' id='word_1_21' title='bbox 975 630 1166 732; x_wconf 74' lang='lat' dir='ltr'>nequibat,</span> <span class='ocrx_word' id='word_1_22' title='bbox 1182 633 1244 706; x_wconf 82' lang='lat' dir='ltr'>sed</span> 
     </span>
     <span class='ocr_line' id='line_1_4' title="bbox 181 745 1245 850; baseline -0.006 -24"><span class='ocrx_word' id='word_1_23' title='bbox 181 771 262 850; x_wconf 87' lang='lat' dir='ltr'>post</span> <span class='ocrx_word' id='word_1_24' title='bbox 277 781 299 826; x_wconf 93' lang='lat' dir='ltr'>v</span> <span class='ocrx_word' id='word_1_25' title='bbox 313 754 368 826; x_wconf 89' lang='lat' dir='ltr'>vel</span> <span class='ocrx_word' id='word_1_26' title='bbox 385 779 435 826; x_wconf 86' lang='lat' dir='ltr'>vu</span> <span class='ocrx_word' id='word_1_27' title='bbox 450 752 536 840; x_wconf 88' lang='lat' dir='ltr'>dies,</span> <span class='ocrx_word' id='word_1_28' title='bbox 556 751 642 823; x_wconf 92' lang='lat' dir='ltr'>dum</span> <span class='ocrx_word' id='word_1_29' title='bbox 659 746 986 847; x_wconf 76' lang='lat' dir='ltr'>irrecuperabiliter</span> <span class='ocrx_word' id='word_1_30' title='bbox 1000 745 1161 844; x_wconf 86' lang='lat' dir='ltr'>perditus</span> <span class='ocrx_word' id='word_1_31' title='bbox 1176 775 1245 847; x_wconf 89' lang='lat' dir='ltr'>pu·</span> 
     </span>
     <span class='ocr_line' id='line_1_5' title="bbox 182 865 1247 968; baseline -0.002 -28"><span class='ocrx_word' id='word_1_32' title='bbox 182 885 331 957; x_wconf 78' lang='lat' dir='ltr'>teretur,</span> <span class='ocrx_word' id='word_1_33' title='bbox 349 885 496 968; x_wconf 88' lang='lat' dir='ltr'>repente</span> <span class='ocrx_word' id='word_1_34' title='bbox 510 892 627 964; x_wconf 89' lang='lat' dir='ltr'>sospes</span> <span class='ocrx_word' id='word_1_35' title='bbox 643 865 797 938; x_wconf 75' lang='lat' dir='ltr'>redibat.</span> <span class='ocrx_word' id='word_1_36' title='bbox 816 866 893 937; x_wconf 86' lang='lat' dir='ltr'>Hoc</span> <span class='ocrx_word' id='word_1_37' title='bbox 910 865 1027 963; x_wconf 87' lang='lat' dir='ltr'>itaque</span> <span class='ocrx_word' id='word_1_38' title='bbox 1040 866 1247 964; x_wconf 80' lang='lat' dir='ltr'>frequenter</span> 
     </span>
     <span class='ocr_line' id='line_1_6' title="bbox 178 982 1246 1085; baseline -0.003 -26"><span class='ocrx_word' id='word_1_39' title='bbox 178 989 400 1075; x_wconf 74' lang='lat' dir='ltr'>factumest,</span> <span class='ocrx_word' id='word_1_40' title='bbox 425 1003 460 1058; x_wconf 88' lang='lat' dir='ltr'>et</span> <span class='ocrx_word' id='word_1_41' title='bbox 482 983 681 1085; x_wconf 89' lang='lat' dir='ltr'>hujusmodi</span> <span class='ocrx_word' id='word_1_42' title='bbox 702 984 813 1056; x_wconf 87' lang='lat' dir='ltr'>resin</span> <span class='ocrx_word' id='word_1_43' title='bbox 837 982 1132 1056; x_wconf 87' lang='lat' dir='ltr'>cousuetudinem</span> <span class='ocrx_word' id='word_1_44' title='bbox 1148 1009 1246 1056; x_wconf 73' lang='lat' dir='ltr'>verm</span> 
     </span>
     <span class='ocr_line' id='line_1_7' title="bbox 180 1098 1246 1199; baseline -0.003 -23"><span class='ocrx_word' id='word_1_45' title='bbox 180 1121 243 1176; x_wconf 88' lang='lat' dir='ltr'>est.</span> <span class='ocrx_word' id='word_1_46' title='bbox 261 1103 382 1176; x_wconf 85' lang='lat' dir='ltr'>Ludus</span> <span class='ocrx_word' id='word_1_47' title='bbox 399 1102 481 1176; x_wconf 92' lang='lat' dir='ltr'>inde</span> <span class='ocrx_word' id='word_1_48' title='bbox 497 1104 623 1175; x_wconf 86' lang='lat' dir='ltr'>vicinis</span> <span class='ocrx_word' id='word_1_49' title='bbox 640 1100 862 1174; x_wconf 88' lang='lat' dir='ltr'>intuentibus</span> <span class='ocrx_word' id='word_1_50' title='bbox 877 1099 1063 1199; x_wconf 83' lang='lat' dir='ltr'>agebatur,</span> <span class='ocrx_word' id='word_1_51' title='bbox 1081 1114 1118 1172; x_wconf 86' lang='lat' dir='ltr'>et</span> <span class='ocrx_word' id='word_1_52' title='bbox 1135 1098 1246 1181; x_wconf 81' lang='lat' dir='ltr'>libera</span> 
     </span>
     <span class='ocr_line' id='line_1_8' title="bbox 178 1215 1245 1320; baseline -0.005 -27"><span class='ocrx_word' id='word_1_53' title='bbox 178 1223 331 1320; x_wconf 83' lang='lat' dir='ltr'>juvenco</span> <span class='ocrx_word' id='word_1_54' title='bbox 356 1221 503 1294; x_wconf 76' lang='lat' dir='ltr'>facultas</span> <span class='ocrx_word' id='word_1_55' title='bbox 532 1219 638 1294; x_wconf 91' lang='lat' dir='ltr'>eundi</span> <span class='ocrx_word' id='word_1_56' title='bbox 669 1221 726 1292; x_wconf 89' lang='lat' dir='ltr'>vel</span> <span class='ocrx_word' id='word_1_57' title='bbox 756 1217 928 1291; x_wconf 89' lang='lat' dir='ltr'>redeundi</span> <span class='ocrx_word' id='word_1_58' title='bbox 954 1215 1245 1316; x_wconf 81' lang='lat' dir='ltr'>permittebatur.</span> 
     </span>
     <span class='ocr_line' id='line_1_9' title="bbox 181 1333 1248 1439; baseline -0.001 -30"><span class='ocrx_word' id='word_1_59' title='bbox 181 1339 263 1410; x_wconf 88' lang='lat' dir='ltr'>Post</span> <span class='ocrx_word' id='word_1_60' title='bbox 293 1338 440 1439; x_wconf 89' lang='lat' dir='ltr'>aliquod</span> <span class='ocrx_word' id='word_1_61' title='bbox 470 1354 609 1436; x_wconf 91' lang='lat' dir='ltr'>tempus</span> <span class='ocrx_word' id='word_1_62' title='bbox 639 1337 823 1410; x_wconf 88' lang='lat' dir='ltr'>euriositas</span> <span class='ocrx_word' id='word_1_63' title='bbox 851 1353 1035 1435; x_wconf 87' lang='lat' dir='ltr'>pastorum</span> <span class='ocrx_word' id='word_1_64' title='bbox 1065 1333 1248 1436; x_wconf 79' lang='lat' dir='ltr'>indignata</span> 
     </span>
     <span class='ocr_line' id='line_1_10' title="bbox 179 1454 1248 1555; baseline -0.004 -28"><span class='ocrx_word' id='word_1_65' title='bbox 179 1471 250 1543; x_wconf 88' lang='lat' dir='ltr'>est,</span> <span class='ocrx_word' id='word_1_66' title='bbox 279 1471 315 1527; x_wconf 91' lang='lat' dir='ltr'>et</span> <span class='ocrx_word' id='word_1_67' title='bbox 341 1454 518 1527; x_wconf 88' lang='lat' dir='ltr'>discursus</span> <span class='ocrx_word' id='word_1_68' title='bbox 542 1455 633 1526; x_wconf 89' lang='lat' dir='ltr'>tauri</span> <span class='ocrx_word' id='word_1_69' title='bbox 660 1455 893 1551; x_wconf 88' lang='lat' dir='ltr'>pertinaciter</span> <span class='ocrx_word' id='word_1_70' title='bbox 913 1455 1097 1555; x_wconf 86' lang='lat' dir='ltr'>explorare</span> <span class='ocrx_word' id='word_1_71' title='bbox 1122 1468 1248 1526; x_wconf 80' lang='lat' dir='ltr'>conata</span> 
     </span>
     <span class='ocr_line' id='line_1_11' title="bbox 182 1568 1249 1668; baseline -0.002 -26"><span class='ocrx_word' id='word_1_72' title='bbox 182 1586 250 1657; x_wconf 89' lang='lat' dir='ltr'>est,</span> <span class='ocrx_word' id='word_1_73' title='bbox 270 1570 457 1668; x_wconf 84' lang='lat' dir='ltr'>ipsumque</span> <span class='ocrx_word' id='word_1_74' title='bbox 475 1593 541 1667; x_wconf 89' lang='lat' dir='ltr'>per</span> <span class='ocrx_word' id='word_1_75' title='bbox 558 1568 821 1666; x_wconf 81' lang='lat' dir='ltr'>spissitudinem</span> <span class='ocrx_word' id='word_1_76' title='bbox 835 1569 905 1641; x_wconf 85' lang='lat' dir='ltr'>luci</span> <span class='ocrx_word' id='word_1_77' title='bbox 923 1585 1040 1642; x_wconf 87' lang='lat' dir='ltr'>secuta</span> <span class='ocrx_word' id='word_1_78' title='bbox 1055 1584 1119 1641; x_wconf 88' lang='lat' dir='ltr'>est.</span> <span class='ocrx_word' id='word_1_79' title='bbox 1140 1570 1249 1667; x_wconf 82' lang='lat' dir='ltr'>Saga-</span> 
     </span>
     <span class='ocr_line' id='line_1_12' title="bbox 183 1683 1248 1784; baseline -0.002 -27"><span class='ocrx_word' id='word_1_80' title='bbox 183 1686 378 1757; x_wconf 86' lang='lat' dir='ltr'>nemetiam</span> <span class='ocrx_word' id='word_1_81' title='bbox 389 1684 634 1784; x_wconf 82' lang='lat' dir='ltr'>indagatorem</span> <span class='ocrx_word' id='word_1_82' title='bbox 645 1685 985 1758; x_wconf 86' lang='lat' dir='ltr'>nomineDuiletum</span> <span class='ocrx_word' id='word_1_83' title='bbox 995 1684 1060 1756; x_wconf 89' lang='lat' dir='ltr'>sibi</span> <span class='ocrx_word' id='word_1_84' title='bbox 1072 1683 1248 1784; x_wconf 79' lang='lat' dir='ltr'>adjunxit,</span> 
     </span>
     <span class='ocr_line' id='line_1_13' title="bbox 183 1801 1248 1905; baseline -0.003 -32"><span class='ocrx_word' id='word_1_85' title='bbox 183 1803 245 1902; x_wconf 90' lang='lat' dir='ltr'>qui</span> <span class='ocrx_word' id='word_1_86' title='bbox 266 1828 367 1874; x_wconf 91' lang='lat' dir='ltr'>more</span> <span class='ocrx_word' id='word_1_87' title='bbox 386 1829 514 1873; x_wconf 90' lang='lat' dir='ltr'>cauum</span> <span class='ocrx_word' id='word_1_88' title='bbox 535 1803 680 1902; x_wconf 79' lang='lat' dir='ltr'>vestigia</span> <span class='ocrx_word' id='word_1_89' title='bbox 700 1803 791 1874; x_wconf 90' lang='lat' dir='ltr'>tauri</span> <span class='ocrx_word' id='word_1_90' title='bbox 811 1802 982 1905; x_wconf 76' lang='lat' dir='ltr'>sagaciter</span> <span class='ocrx_word' id='word_1_91' title='bbox 1003 1801 1248 1900; x_wconf 81' lang='lat' dir='ltr'>investigarit,</span> 
     </span>
     <span class='ocr_line' id='line_1_14' title="bbox 182 1918 1247 2017; baseline 0.001 -27"><span class='ocrx_word' id='word_1_92' title='bbox 182 1918 297 1992; x_wconf 86' lang='lat' dir='ltr'>donec</span> <span class='ocrx_word' id='word_1_93' title='bbox 319 1919 421 1991; x_wconf 93' lang='lat' dir='ltr'>illum</span> <span class='ocrx_word' id='word_1_94' title='bbox 444 1946 563 1992; x_wconf 88' lang='lat' dir='ltr'>eoram</span> <span class='ocrx_word' id='word_1_95' title='bbox 585 1920 697 1991; x_wconf 90' lang='lat' dir='ltr'>altare</span> <span class='ocrx_word' id='word_1_96' title='bbox 718 1920 754 1990; x_wconf 93' lang='lat' dir='ltr'>S.</span> <span class='ocrx_word' id='word_1_97' title='bbox 773 1919 868 1991; x_wconf 90' lang='lat' dir='ltr'>Petri</span> <span class='ocrx_word' id='word_1_98' title='bbox 887 1919 1037 2017; x_wconf 92' lang='lat' dir='ltr'>apostoli</span> <span class='ocrx_word' id='word_1_99' title='bbox 1051 1919 1247 2016; x_wconf 67' lang='lat' dir='ltr'>jammam,</span> 
     </span>
     <span class='ocr_line' id='line_1_15' title="bbox 183 2019 1248 2134; baseline 0 -28"><span class='ocrx_word' id='word_1_100' title='bbox 183 2033 282 2134; x_wconf 87' lang='lat' dir='ltr'>quasi</span> <span class='ocrx_word' id='word_1_101' title='bbox 296 2052 418 2107; x_wconf 89' lang='lat' dir='ltr'>oraret</span> <span class='ocrx_word' id='word_1_102' title='bbox 434 2034 581 2124; x_wconf 87' lang='lat' dir='ltr'>ibidem,</span> <span class='ocrx_word' id='word_1_103' title='bbox 595 2019 751 2107; x_wconf 21' lang='lat' dir='ltr'>&#39;invenit</span> <span class='ocrx_word' id='word_1_104' title='bbox 768 2034 933 2107; x_wconf 88' lang='lat' dir='ltr'>Maceriae</span> <span class='ocrx_word' id='word_1_105' title='bbox 947 2031 1123 2133; x_wconf 87' lang='lat' dir='ltr'>siquidem</span> <span class='ocrx_word' id='word_1_106' title='bbox 1134 2032 1248 2106; x_wconf 89' lang='lat' dir='ltr'>disco·</span> 
     </span>
     <span class='ocr_line' id='line_1_16' title="bbox 183 2151 1248 2251; baseline -0.001 -27"><span class='ocrx_word' id='word_1_107' title='bbox 183 2169 321 2250; x_wconf 74' lang='lat' dir='ltr'>operte</span> <span class='ocrx_word' id='word_1_108' title='bbox 338 2168 460 2240; x_wconf 89' lang='lat' dir='ltr'>erant,</span> <span class='ocrx_word' id='word_1_109' title='bbox 479 2153 547 2225; x_wconf 89' lang='lat' dir='ltr'>nisi</span> <span class='ocrx_word' id='word_1_110' title='bbox 562 2152 698 2225; x_wconf 90' lang='lat' dir='ltr'>retibus</span> <span class='ocrx_word' id='word_1_111' title='bbox 714 2151 874 2238; x_wconf 90' lang='lat' dir='ltr'>hederae,</span> <span class='ocrx_word' id='word_1_112' title='bbox 894 2167 930 2225; x_wconf 93' lang='lat' dir='ltr'>et</span> <span class='ocrx_word' id='word_1_113' title='bbox 949 2153 1063 2225; x_wconf 88' lang='lat' dir='ltr'>ruinae</span> <span class='ocrx_word' id='word_1_114' title='bbox 1079 2152 1248 2251; x_wconf 87' lang='lat' dir='ltr'>antiquo-</span> 
     </span>
     <span class='ocr_line' id='line_1_17' title="bbox 185 2266 1248 2368; baseline -0.001 -28"><span class='ocrx_word' id='word_1_115' title='bbox 185 2295 268 2341; x_wconf 86' lang='lat' dir='ltr'>rum</span> <span class='ocrx_word' id='word_1_116' title='bbox 277 2266 514 2345; x_wconf 73' lang='lat' dir='ltr'>edificiorum</span> <span class='ocrx_word' id='word_1_117' title='bbox 527 2269 768 2368; x_wconf 84' lang='lat' dir='ltr'>spectantibus</span> <span class='ocrx_word' id='word_1_118' title='bbox 783 2286 942 2368; x_wconf 87' lang='lat' dir='ltr'>patuere.</span> <span class='ocrx_word' id='word_1_119' title='bbox 963 2267 1148 2342; x_wconf 89' lang='lat' dir='ltr'>Condensa</span> <span class='ocrx_word' id='word_1_120' title='bbox 1163 2269 1248 2342; x_wconf 80' lang='lat' dir='ltr'>silve</span> 
     </span>
     <span class='ocr_line' id='line_1_18' title="bbox 182 2386 1281 2486; baseline 0.001 -29"><span class='ocrx_word' id='word_1_121' title='bbox 182 2387 298 2457; x_wconf 79' lang='lat' dir='ltr'>crevit</span> <span class='ocrx_word' id='word_1_122' title='bbox 321 2386 417 2458; x_wconf 88' lang='lat' dir='ltr'>intus</span> <span class='ocrx_word' id='word_1_123' title='bbox 437 2403 473 2458; x_wconf 90' lang='lat' dir='ltr'>et</span> <span class='ocrx_word' id='word_1_124' title='bbox 493 2403 612 2472; x_wconf 86' lang='lat' dir='ltr'>extra,</span> <span class='ocrx_word' id='word_1_125' title='bbox 638 2386 700 2458; x_wconf 91' lang='lat' dir='ltr'>ubi</span> <span class='ocrx_word' id='word_1_126' title='bbox 725 2414 833 2461; x_wconf 90' lang='lat' dir='ltr'>nemo</span> <span class='ocrx_word' id='word_1_127' title='bbox 856 2387 1077 2460; x_wconf 86' lang='lat' dir='ltr'>habitaverat</span> <span class='ocrx_word' id='word_1_128' title='bbox 1097 2412 1163 2486; x_wconf 87' lang='lat' dir='ltr'>per</span> <span class='ocrx_word' id='word_1_129' title='bbox 1183 2412 1250 2458; x_wconf 87' lang='lat' dir='ltr'>an·</span> <span class='ocrx_word' id='word_1_130' title='bbox 1278 2480 1281 2485; x_wconf 83' lang='lat'>.</span> 
     </span>
     <span class='ocr_line' id='line_1_19' title="bbox 184 2488 1283 2595; baseline 0.002 -21"><span class='ocrx_word' id='word_1_131' title='bbox 184 2528 250 2575; x_wconf 85' lang='lat' dir='ltr'>nos</span> <span class='ocrx_word' id='word_1_132' title='bbox 266 2529 303 2574; x_wconf 83' lang='lat' dir='ltr'>L:</span> <span class='ocrx_word' id='word_1_133' title='bbox 316 2504 419 2575; x_wconf 82' lang='lat' dir='ltr'>Tunc</span> <span class='ocrx_word' id='word_1_134' title='bbox 434 2504 652 2576; x_wconf 86' lang='lat' dir='ltr'>albescentes</span> <span class='ocrx_word' id='word_1_135' title='bbox 665 2506 855 2595; x_wconf 88' lang='lat' dir='ltr'>silicernii,</span> <span class='ocrx_word' id='word_1_136' title='bbox 875 2505 952 2577; x_wconf 86' lang='lat' dir='ltr'>haec</span> <span class='ocrx_word' id='word_1_137' title='bbox 967 2503 1171 2593; x_wconf 89' lang='lat' dir='ltr'>audientes,</span> <span class='ocrx_word' id='word_1_138' title='bbox 1191 2528 1251 2576; x_wconf 90' lang='lat' dir='ltr'>re·</span> <span class='ocrx_word' id='word_1_139' title='bbox 1280 2488 1283 2495; x_wconf 87' lang='lat'><em>.</em></span> 
     </span>
     <span class='ocr_line' id='line_1_20' title="bbox 184 2598 1253 2722; baseline 0 -30"><span class='ocrx_word' id='word_1_140' title='bbox 184 2598 372 2694; x_wconf 76' lang='lat' dir='ltr'>memorati</span> <span class='ocrx_word' id='word_1_141' title='bbox 389 2638 472 2694; x_wconf 91' lang='lat' dir='ltr'>sunt</span> <span class='ocrx_word' id='word_1_142' title='bbox 488 2621 604 2722; x_wconf 89' lang='lat' dir='ltr'>quod,</span> <span class='ocrx_word' id='word_1_143' title='bbox 621 2624 713 2694; x_wconf 88' lang='lat' dir='ltr'>sieut</span> <span class='ocrx_word' id='word_1_144' title='bbox 726 2639 844 2721; x_wconf 88' lang='lat' dir='ltr'>patres</span> <span class='ocrx_word' id='word_1_145' title='bbox 859 2622 1071 2696; x_wconf 86' lang='lat' dir='ltr'>eorumillis</span> <span class='ocrx_word' id='word_1_146' title='bbox 1087 2644 1253 2694; x_wconf 83' lang='lat' dir='ltr'>narrave-</span> 
     </span>
     <span class='ocr_line' id='line_1_21' title="bbox 184 2737 1253 2839; baseline 0 -29"><span class='ocrx_word' id='word_1_147' title='bbox 184 2755 291 2826; x_wconf 91' lang='lat' dir='ltr'>runt,</span> <span class='ocrx_word' id='word_1_148' title='bbox 320 2756 460 2812; x_wconf 89' lang='lat' dir='ltr'>sanctus</span> <span class='ocrx_word' id='word_1_149' title='bbox 486 2739 676 2828; x_wconf 79' lang='lat' dir='ltr'>Ebrulsus,</span> <span class='ocrx_word' id='word_1_150' title='bbox 705 2740 837 2839; x_wconf 91' lang='lat' dir='ltr'>aliique</span> <span class='ocrx_word' id='word_1_151' title='bbox 864 2741 984 2838; x_wconf 90' lang='lat' dir='ltr'>plures</span> <span class='ocrx_word' id='word_1_152' title='bbox 1006 2737 1130 2812; x_wconf 90' lang='lat' dir='ltr'>mundi</span> <span class='ocrx_word' id='word_1_153' title='bbox 1159 2763 1253 2811; x_wconf 89' lang='lat' dir='ltr'>eon-</span> 
     </span>
     <span class='ocr_line' id='line_1_22' title="bbox 185 2853 754 2951; baseline 0.004 -27"><span class='ocrx_word' id='word_1_154' title='bbox 185 2869 380 2951; x_wconf 86' lang='lat' dir='ltr'>temptores</span> <span class='ocrx_word' id='word_1_155' title='bbox 398 2854 470 2928; x_wconf 89' lang='lat' dir='ltr'>illic</span> <span class='ocrx_word' id='word_1_156' title='bbox 489 2853 754 2928; x_wconf 85' lang='lat' dir='ltr'>habitaverunt.</span> 
     </span>
    </p>

    <p class='ocr_par' dir='ltr' id='par_1_3' title="bbox 184 2967 1255 3888">
     <span class='ocr_line' id='line_1_23' title="bbox 233 2967 1254 3071; baseline 0.001 -31"><span class='ocrx_word' id='word_1_157' title='bbox 233 2969 402 3042; x_wconf 87' lang='lat' dir='ltr'>Rediviva</span> <span class='ocrx_word' id='word_1_158' title='bbox 415 2997 560 3071; x_wconf 89' lang='lat' dir='ltr'>quoque</span> <span class='ocrx_word' id='word_1_159' title='bbox 576 2974 684 3061; x_wconf 87' lang='lat' dir='ltr'>visio,</span> <span class='ocrx_word' id='word_1_160' title='bbox 701 2971 910 3045; x_wconf 87' lang='lat' dir='ltr'>Restoldum</span> <span class='ocrx_word' id='word_1_161' title='bbox 925 2989 1108 3070; x_wconf 85' lang='lat' dir='ltr'>repetens,</span> <span class='ocrx_word' id='word_1_162' title='bbox 1125 2967 1254 3042; x_wconf 85' lang='lat' dir='ltr'>redar-</span> 
     </span>
     <span class='ocr_line' id='line_1_24' title="bbox 185 3084 1251 3186; baseline 0.005 -33"><span class='ocrx_word' id='word_1_163' title='bbox 185 3084 262 3180; x_wconf 77' lang='lat' dir='ltr'>guit</span> <span class='ocrx_word' id='word_1_164' title='bbox 278 3084 376 3180; x_wconf 90' lang='lat' dir='ltr'>quod</span> <span class='ocrx_word' id='word_1_165' title='bbox 391 3089 519 3181; x_wconf 87' lang='lat' dir='ltr'>primae</span> <span class='ocrx_word' id='word_1_166' title='bbox 530 3089 678 3185; x_wconf 87' lang='lat' dir='ltr'>jussioni</span> <span class='ocrx_word' id='word_1_167' title='bbox 699 3115 774 3161; x_wconf 88' lang='lat' dir='ltr'>non</span> <span class='ocrx_word' id='word_1_168' title='bbox 788 3090 893 3186; x_wconf 90' lang='lat' dir='ltr'>plene</span> <span class='ocrx_word' id='word_1_169' title='bbox 907 3088 1022 3161; x_wconf 88' lang='lat' dir='ltr'>adbuc</span> <span class='ocrx_word' id='word_1_170' title='bbox 1036 3085 1251 3160; x_wconf 85' lang='lat' dir='ltr'>obaudierit.</span> 
     </span>
     <span class='ocr_line' id='line_1_25' title="bbox 184 3199 1252 3307; baseline 0.004 -37"><span class='ocrx_word' id='word_1_171' title='bbox 184 3199 541 3300; x_wconf 76' lang='lat' dir='ltr'>Cumquepresbyter</span> <span class='ocrx_word' id='word_1_172' title='bbox 548 3205 700 3277; x_wconf 88' lang='lat' dir='ltr'>sollicite</span> <span class='ocrx_word' id='word_1_173' title='bbox 709 3204 1252 3307; x_wconf 84' lang='lat' dir='ltr'>inquireretquomodojussioni</span> 
     </span>
     <span class='ocr_line' id='line_1_26' title="bbox 185 3314 1254 3420; baseline 0.006 -34"><span class='ocrx_word' id='word_1_174' title='bbox 185 3316 374 3416; x_wconf 79' lang='lat' dir='ltr'>gratiosius</span> <span class='ocrx_word' id='word_1_175' title='bbox 396 3314 646 3416; x_wconf 88' lang='lat' dir='ltr'>obtemperare</span> <span class='ocrx_word' id='word_1_176' title='bbox 667 3319 834 3411; x_wconf 87' lang='lat' dir='ltr'>deberet,</span> <span class='ocrx_word' id='word_1_177' title='bbox 858 3321 995 3394; x_wconf 91' lang='lat' dir='ltr'>dictum</span> <span class='ocrx_word' id='word_1_178' title='bbox 1014 3337 1067 3394; x_wconf 88' lang='lat' dir='ltr'>est</span> <span class='ocrx_word' id='word_1_179' title='bbox 1086 3320 1138 3392; x_wconf 92' lang='lat' dir='ltr'>illi</span> <span class='ocrx_word' id='word_1_180' title='bbox 1155 3316 1254 3420; x_wconf 87' lang='lat' dir='ltr'>quod</span> 
     </span>
     <span class='ocr_line' id='line_1_27' title="bbox 184 3432 1255 3537; baseline 0 -31"><span class='ocrx_word' id='word_1_181' title='bbox 184 3432 333 3507; x_wconf 82' lang='lat' dir='ltr'>deberet</span> <span class='ocrx_word' id='word_1_182' title='bbox 349 3434 494 3507; x_wconf 88' lang='lat' dir='ltr'>Utieum</span> <span class='ocrx_word' id='word_1_183' title='bbox 513 3436 582 3525; x_wconf 84' lang='lat' dir='ltr'>ire,</span> <span class='ocrx_word' id='word_1_184' title='bbox 606 3435 726 3537; x_wconf 89' lang='lat' dir='ltr'>ibique</span> <span class='ocrx_word' id='word_1_185' title='bbox 743 3439 853 3510; x_wconf 92' lang='lat' dir='ltr'>sancti</span> <span class='ocrx_word' id='word_1_186' title='bbox 871 3463 1002 3537; x_wconf 86' lang='lat' dir='ltr'>sequax</span> <span class='ocrx_word' id='word_1_187' title='bbox 1018 3435 1160 3508; x_wconf 86' lang='lat' dir='ltr'>Ebrulli</span> <span class='ocrx_word' id='word_1_188' title='bbox 1176 3435 1255 3506; x_wconf 85' lang='lat' dir='ltr'>Deo</span> 
     </span>
     <span class='ocr_line' id='line_1_28' title="bbox 184 3552 1255 3654; baseline 0.003 -33"><span class='ocrx_word' id='word_1_189' title='bbox 184 3552 353 3626; x_wconf 66' lang='lat' dir='ltr'>militaress</span> <span class='ocrx_word' id='word_1_190' title='bbox 375 3553 563 3628; x_wconf 85' lang='lat' dir='ltr'>Restoldus</span> <span class='ocrx_word' id='word_1_191' title='bbox 587 3580 676 3654; x_wconf 81' lang='lat' dir='ltr'>ergo</span> <span class='ocrx_word' id='word_1_192' title='bbox 701 3557 851 3653; x_wconf 89' lang='lat' dir='ltr'>pristina</span> <span class='ocrx_word' id='word_1_193' title='bbox 876 3556 1088 3629; x_wconf 88' lang='lat' dir='ltr'>Montsortis</span> <span class='ocrx_word' id='word_1_194' title='bbox 1112 3552 1255 3624; x_wconf 88' lang='lat' dir='ltr'>babita-</span> 
     </span>
     <span class='ocr_line' id='line_1_29' title="bbox 187 3670 1254 3774; baseline 0.001 -37"><span class='ocrx_word' id='word_1_195' title='bbox 187 3670 283 3741; x_wconf 88' lang='lat' dir='ltr'>tione</span> <span class='ocrx_word' id='word_1_196' title='bbox 299 3673 421 3744; x_wconf 87' lang='lat' dir='ltr'>relicta</span> <span class='ocrx_word' id='word_1_197' title='bbox 435 3673 580 3744; x_wconf 89' lang='lat' dir='ltr'>Uticum</span> <span class='ocrx_word' id='word_1_198' title='bbox 594 3675 772 3771; x_wconf 83' lang='lat' dir='ltr'>perrexit,</span> <span class='ocrx_word' id='word_1_199' title='bbox 793 3672 932 3774; x_wconf 88' lang='lat' dir='ltr'>ibique,</span> <span class='ocrx_word' id='word_1_200' title='bbox 952 3699 1034 3744; x_wconf 91' lang='lat' dir='ltr'>cum</span> <span class='ocrx_word' id='word_1_201' title='bbox 1049 3671 1203 3768; x_wconf 77' lang='lat' dir='ltr'>conjuge</span> <span class='ocrx_word' id='word_1_202' title='bbox 1218 3683 1254 3739; x_wconf 88' lang='lat' dir='ltr'>et</span> 
     </span>
     <span class='ocr_line' id='line_1_30' title="bbox 188 3784 874 3888; baseline 0.009 -32"><span class='ocrx_word' id='word_1_203' title='bbox 188 3784 321 3859; x_wconf 88' lang='lat' dir='ltr'>llberto</span> <span class='ocrx_word' id='word_1_204' title='bbox 340 3789 515 3880; x_wconf 89' lang='lat' dir='ltr'>filiosuo,</span> <span class='ocrx_word' id='word_1_205' title='bbox 533 3793 670 3888; x_wconf 90' lang='lat' dir='ltr'>primus</span> <span class='ocrx_word' id='word_1_206' title='bbox 687 3789 874 3864; x_wconf 84' lang='lat' dir='ltr'>habitavit.</span> 
     </span>
    </p>

    <p class='ocr_par' dir='ltr' id='par_1_4' title="bbox 189 3903 1257 4242">
     <span class='ocr_line' id='line_1_31' title="bbox 236 3903 1251 4003; baseline 0.005 -33"><span class='ocrx_word' id='word_1_207' title='bbox 236 3903 338 3976; x_wconf 85' lang='lat' dir='ltr'>Tunc</span> <span class='ocrx_word' id='word_1_208' title='bbox 355 3904 490 3980; x_wconf 88' lang='lat' dir='ltr'>Guazso</span> <span class='ocrx_word' id='word_1_209' title='bbox 506 3907 550 3978; x_wconf 89' lang='lat' dir='ltr'>de</span> <span class='ocrx_word' id='word_1_210' title='bbox 567 3908 757 3982; x_wconf 88' lang='lat' dir='ltr'>Montsorti</span> <span class='ocrx_word' id='word_1_211' title='bbox 783 3907 914 3981; x_wconf 89' lang='lat' dir='ltr'>nobilis</span> <span class='ocrx_word' id='word_1_212' title='bbox 936 3908 1038 3978; x_wconf 90' lang='lat' dir='ltr'>miles</span> <span class='ocrx_word' id='word_1_213' title='bbox 1062 3906 1147 3994; x_wconf 86' lang='lat' dir='ltr'>suit,</span> <span class='ocrx_word' id='word_1_214' title='bbox 1167 3904 1251 4003; x_wconf 90' lang='lat' dir='ltr'>qui,</span> 
     </span>
     <span class='ocr_line' id='line_1_32' title="bbox 189 4020 1257 4124; baseline 0.004 -36"><span class='ocrx_word' id='word_1_215' title='bbox 189 4020 318 4092; x_wconf 89' lang='lat' dir='ltr'>timore</span> <span class='ocrx_word' id='word_1_216' title='bbox 335 4022 397 4094; x_wconf 88' lang='lat' dir='ltr'>Dei</span> <span class='ocrx_word' id='word_1_217' title='bbox 415 4024 559 4119; x_wconf 85' lang='lat' dir='ltr'>plenus,</span> <span class='ocrx_word' id='word_1_218' title='bbox 582 4026 617 4097; x_wconf 90' lang='lat' dir='ltr'>in</span> <span class='ocrx_word' id='word_1_219' title='bbox 638 4027 746 4100; x_wconf 90' lang='lat' dir='ltr'>corde</span> <span class='ocrx_word' id='word_1_220' title='bbox 765 4052 829 4100; x_wconf 89' lang='lat' dir='ltr'>suo</span> <span class='ocrx_word' id='word_1_221' title='bbox 845 4028 903 4124; x_wconf 90' lang='lat' dir='ltr'>pie</span> <span class='ocrx_word' id='word_1_222' title='bbox 919 4026 1109 4124; x_wconf 88' lang='lat' dir='ltr'>proposuit</span> <span class='ocrx_word' id='word_1_223' title='bbox 1122 4036 1162 4094; x_wconf 92' lang='lat' dir='ltr'>ut</span> <span class='ocrx_word' id='word_1_224' title='bbox 1178 4046 1257 4093; x_wconf 89' lang='lat' dir='ltr'>om·</span> 
     </span>
     <span class='ocr_line' id='line_1_33' title="bbox 189 4137 1253 4242; baseline 0.002 -36"><span class='ocrx_word' id='word_1_225' title='bbox 189 4159 249 4207; x_wconf 85' lang='lat' dir='ltr'>nes</span> <span class='ocrx_word' id='word_1_226' title='bbox 264 4137 299 4207; x_wconf 86' lang='lat' dir='ltr'>in</span> <span class='ocrx_word' id='word_1_227' title='bbox 315 4139 447 4209; x_wconf 87' lang='lat' dir='ltr'>vicinio</span> <span class='ocrx_word' id='word_1_228' title='bbox 460 4165 524 4211; x_wconf 93' lang='lat' dir='ltr'>suo</span> <span class='ocrx_word' id='word_1_229' title='bbox 537 4141 709 4229; x_wconf 87' lang='lat' dir='ltr'>ecclesias,</span> <span class='ocrx_word' id='word_1_230' title='bbox 725 4170 805 4242; x_wconf 89' lang='lat' dir='ltr'>quae</span> <span class='ocrx_word' id='word_1_231' title='bbox 820 4160 992 4215; x_wconf 84' lang='lat' dir='ltr'>vetustate</span> <span class='ocrx_word' id='word_1_232' title='bbox 1009 4159 1045 4213; x_wconf 91' lang='lat' dir='ltr'>et</span> <span class='ocrx_word' id='word_1_233' title='bbox 1061 4139 1198 4212; x_wconf 90' lang='lat' dir='ltr'>incuria</span> <span class='ocrx_word' id='word_1_234' title='bbox 1216 4137 1253 4209; x_wconf 92' lang='lat' dir='ltr'>in</span> 
     </span>
    </p>
   </div>
   <div class='ocr_carea' id='block_1_3' title="bbox 0 0 1448 4934">
    <p class='ocr_par' dir='ltr' id='par_1_5' title="bbox 0 0 1448 4934">
     <span class='ocr_line' id='line_1_34' title="bbox 0 0 1448 4934; baseline 0 0"><span class='ocrx_word' id='word_1_235' title='bbox 0 0 1448 4934; x_wconf 95' lang='lat' dir='ltr'> </span> 
     </span>
    </p>
   </div>
  </div>
 </body>
</html>
