2888 4934
183 441 292 520 [tou]
587 444 702 505 trusa
723 446 858 506 nouos.
1069 412 1077 428 ⁶
1191 450 1248 509 ser

186 571 368 670 quoddam
382 590 536 646 castrum
553 574 747 663 obsideret,
762 594 798 650 et
812 577 989 649 motiones
1000 576 1144 667 ducum,
1165 582 1254 653 mul·

187 706 376 792 [auumque
394 694 555 793 gentium
575 693 731 784 audiret,
748 720 832 768 mox
853 693 1078 794 singulorum
1097 695 1254 794 probita-

185 823 238 880 tes
254 825 288 881 et
313 809 412 909 signa
432 810 626 912 diligenter
650 814 895 913 investigavit3
922 811 1053 913 quibus
1073 815 1252 890 subtiliter

186 924 370 1023 inspectis,
384 926 450 1001 sibi
467 927 610 1002 tandem
627 933 806 1029 optimum
821 929 941 1003 afferri
955 931 1106 1030 pallium
1119 959 1251 1031 proece·

185 1040 259 1138 pit,
283 1044 381 1141 quod
397 1070 462 1143 per
484 1045 675 1144 porticulas
692 1046 868 1136 concidit,
890 1063 927 1119 et
945 1072 1087 1121 crucem
1105 1052 1252 1122 unicni-

183 1183 257 1257 que
269 1184 416 1233 suorum
434 1162 639 1249 distribuit,
658 1188 828 1263 suumque
844 1163 910 1236 sibi
929 1165 1092 1237 retinuit.
1114 1166 1253 1239 Nimius

186 1276 296 1375 igitur
312 1278 467 1352 militnm
493 1305 687 1353 concursus
701 1280 746 1353 ad
763 1304 844 1353 eum
862 1278 982 1352 subito
1001 1281 1112 1354 lactus
1129 1296 1198 1367 est,
1218 1299 1254 1354 et

185 1391 361 1492 llogerius
387 1410 494 1469 senex
512 1422 604 1495 pene
630 1397 725 1472 solus
750 1395 786 1470 in
812 1396 999 1472 obsidione
1016 1398 1160 1471 relictus
1178 1414 1250 1486 est,

185 1509 381 1613 dolensque
410 1540 446 1586 sc
473 1542 571 1587 snam
601 1514 757 1588 amisisse
787 1530 953 1614 gentem,
984 1514 1142 1587 Siciliam
1170 1542 1253 1589 cnm

185 1624 305 1721 paucis
320 1650 481 1698 reversus
495 1642 561 1698 est.
578 1624 754 1699 Providus
768 1641 885 1698 autem
900 1641 937 1697 et
949 1626 1061 1698 solers
1077 1625 1254 1699 Buamun-

185 1740 251 1813 dns
266 1742 422 1816 modeste
436 1745 529 1817 viam
543 1772 642 1817 suam
654 1762 689 1816 et
701 1745 900 1817 evectiones
913 1744 1151 1843 praeparavit,
1172 1771 1253 1818 cum

186 1859 417 1958 optimatibus
447 1863 540 1952 suis,
574 1880 611 1936 et
642 1861 866 1936 affluentibus
894 1879 1116 1936 armatorum
1143 1863 1254 1961 copiis

188 1979 445 2066 transfretavit,
468 1996 503 2052 et
526 1977 669 2053 tandem
688 1979 885 2078 tranquillo
904 1981 1039 2078 remige
1056 1980 1094 2051 in
1120 1967 1255 2076 Bulga-

186 2095 251 2165 riae
266 2094 428 2192 partibus
444 2099 495 2194 (ι)
512 2096 697 2195 applicuit.
716 2096 832 2169 Porro
844 2097 1015 2194 praecipui
1031 2094 1166 2168 sodales
1183 2098 1255 2196 ejus

187 2207 410 2282 hilueruut:

234 2326 452 2416 Tancredus,
467 2326 601 2402 Odonis
610 2328 889 2403 Boni-Marcbisi
903 2326 998 2400 filins
1011 2339 1020 2414 εξ
1026 2338 1064 2425 2)
1070 2357 1082 2419 3
1092 2345 1129 2401 et
1138 2352 1264 2402 oemes

184 2443 230 2516 ‹le
247 2444 432 2533 llosinolo,
453 2473 534 2519 cum
547 2449 618 2519 suis
631 2447 801 2519 fratribus
813 2450 882 2544 (3);
897 2446 1070 2521 Ricardus
1085 2445 1131 2520 de
1146 2448 1254 2520 Priu-

1166 2619 1252 2626 —no-

183 2703 220 2759 dc
238 2704 403 2761 Hauserille.
420 2709 454 2761 la
471 2706 547 2780 place
560 2725 617 2782 que
631 2725 676 2762 oss
695 2708 804 2779 princes
819 2707 1000 2779 ssuegeatant
1016 2707 1087 2762 etait
1097 2706 1212 2771 Amalfi,
1226 2719 1256 2764 et

186 2812 257 2849 nous
270 2813 388 2868 pensons
398 2815 453 2870 que
464 2797 557 2851 c’e'tait
569 2815 640 2870 pour
648 2795 673 2850 le
683 2807 793 2868 compte
802 2795 837 2849 de
850 2794 911 2849 leur
923 2795 996 2849 frore
1005 2805 1035 2850 et
1046 2813 1149 2863 neven,
1164 2795 1190 2851 lc
1201 2795 1256 2852 (luc

186 2881 291 2955 linger.
1244 2952 1247 2957 ⁶

220 2975 259 3044 (ι)
274 2973 314 3029 Ce
328 2993 363 3030 ne
377 2975 421 3031 lut
432 2978 513 3050 point
528 2995 564 3032 en
582 2975 712 3048 Bnlgarie
727 2993 782 3049 que
800 2973 943 3029 Boemond
960 2972 1119 3048 debarqua,
1134 2976 1205 3028 mais
1219 2993 1256 3030 en

186 3059 318 3129 Albanis,
338 3065 402 3136 pres
417 3063 502 3120 ‹l'unc
522 3063 585 3120 ville
599 3065 728 3119 nommee
742 3061 934 3135 Andrinople,
956 3062 1006 3136 qui
1022 3061 1090 3116 etait
1103 3060 1256 3118 l’ancienne

184 3151 328 3207 Pboenice.
341 3153 399 3209 Son
411 3154 570 3228 expedition
583 3163 633 3209 ent
645 3153 701 3207 lieu
712 3171 748 3208 au
762 3153 834 3208 mois
845 3151 881 3206 de
892 3148 1049 3207 decembre.

222 3243 261 3313 (a)
273 3242 434 3314 Tancrede,
452 3245 493 3299 lils
507 3243 617 3311 d’Odo,
632 3246 793 3298 snrnomme'
807 3243 831 3296 le
845 3242 903 3296 lton
915 3241 1055 3316 Msrquis,
1069 3250 1100 3296 et
1112 3241 1253 3308 d'Emms,

186 3330 243 3386 lille
256 3331 291 3386 de
302 3332 446 3388 Tancrede
458 3335 493 3390 de
504 3333 670 3389 llanteville.

221 3418 263 3493 (3)
280 3423 316 3477 lc
329 3422 387 3477 lieu
397 3422 512 3496 designo
531 3425 565 3478 ici
583 3440 632 3496 par
645 3422 670 3476 lc
685 3440 750 3476 nom
769 3421 805 3474 de
824 3421 988 3476 Rosinolnm
1011 3420 1101 3493 paruit
1117 3420 1177 3476 &tre
1196 3419 1254 3474 llo-
1349 3440 1360 3454 ·

185 3511 298 3583 origne,
310 3513 486 3583 aujourd’bui
499 3512 633 3568 chel-lien
644 3512 711 3566 d'un
721 3510 829 3574 (lumbe,
841 3513 857 3564 a
868 3520 967 3584 quan-e
980 3508 1070 3565 milles
1081 3509 1118 3565 de
1131 3509 1255 3566 selerne.

184 3598 227 3656 Ge
240 3611 331 3656 comte
345 3601 382 3656 de
395 3603 551 3677 Roscigno,
566 3604 614 3677 qui
638 3602 725 3675 parsit
745 3602 825 3656 s’etre
841 3599 938 3673 appele'
951 3599 1092 3667 Geoffroi,
1105 3620 1120 3655 a
1132 3603 1177 3655 ete
1188 3618 1257 3657 con·

187 3689 275 3745 londo
294 3709 344 3764 par
360 3691 387 3746 ln
404 3692 517 3766 plnpart
533 3693 581 3749 des
601 3693 752 3747 historiens
772 3709 836 3746 avec
855 3689 976 3756 Giranl,
1000 3690 1041 3745 fils
1056 3690 1096 3745 du
1113 3701 1206 3747 comte
1223 3692 1258 3746 dc

185 3778 347 3836 lloussillon
360 3782 564 3854 (Gnillabert),
582 3783 631 3857 qni
646 3783 702 3855 prit
714 3780 870 3854 &galement
883 3790 945 3852 part
962 3783 977 3833 l
996 3778 1020 3833 la
1034 3781 1171 3853 premiere
1182 3783 1258 3838 croi·

188 3868 254 3923 sade
270 3879 299 3923 et
313 3879 386 3924 rests
403 3873 418 3924 t
432 3871 458 3925 la
470 3871 667 3926 Terre-Salute
678 3869 809 3943 jusqn’en
825 3887 902 3942 ¹¹⁰9·
921 3873 966 3924 Au
979 3867 1097 3924 nombre
1112 3868 1161 3924 des
1172 3870 1259 3927 freres

187 3957 227 4015 dn
247 3969 339 4015 comte
356 3960 392 4016 de
413 3960 554 4032 Roscigno
571 3980 599 4016 se
620 3961 741 4016 trousait
761 3959 880 4025 Guard,
900 3959 1005 4032 tueque
1024 3959 1157 4016 d’Ariano
1175 3960 1258 4031 (ville

187 4046 360 4118 episcopale,
369 4048 537 4122 suffragante
551 4049 586 4104 de
598 4049 750 4115 benevent,
770 4046 838 4101 dans
851 4046 875 4100 la
888 4046 1068 4121 Principaute'
1082 4046 1258 4115 Ulterieure,

187 4140 204 4190 a
219 4154 274 4209 pen
286 4136 321 4192 de
335 4138 458 4195 distance
472 4138 508 4193 de
520 4138 735 4208 lllontelresco),
751 4137 799 4210 qni
820 4137 936 4192 n'arrira
954 4137 1081 4212 qn’apris
1095 4136 1121 4191 la
1135 4139 1209 4210 prise
1223 4137 1258 4192 de

185 4226 352 4295 Jerusalem,
362 4230 470 4285 suivant
478 4227 878 4300 (inillaumrdrl'yrlaetsutc
887 4226 1088 4301 imprimc'drla
1096 4227 1258 4302 Cbroniqne
