2888 4934
182 417 243 495 [ιιιο
258 435 321 474 iun.
343 416 432 491 1098]
581 414 697 476 LIBER
719 414 855 475 NONUS.
1186 419 1242 478 541

182 564 302 646 portas
321 548 430 646 igitur
447 564 705 636 cucurrerunt,
722 548 957 634 introierunt,
975 550 1157 649 sociosque
1171 567 1249 624 toto

184 668 263 738 nisu
286 666 512 766 adjuverunt.
542 668 697 754 Turcos,
727 665 970 765 subteriugere
990 668 1197 758 molientes,
1221 672 1248 740 si

182 810 271 883 quos
292 785 525 870 invenerunt,
546 784 699 882 impigre
722 782 952 855 caeciderunt.
972 782 1123 875 Quidam
1142 786 1249 856 etiam

182 901 386 973 Turcorum
399 927 464 998 per
481 917 602 997 portas
616 900 820 998 elingerunt
829 955 840 987 ,
857 900 1027 998 quoniam
1046 901 1249 997 impetuosis

182 1017 327 1086 Francis
351 1016 524 1114 incogniti
542 1015 701 1087 suerunt.

232 1133 414 1203 Cassianus
424 1134 478 1228 (1)
491 1148 623 1218 autem,
635 1132 837 1203 Turcorum
853 1130 1033 1219 dominus,
1045 1130 1249 1204 Antiochiae

184 1249 403 1338 Admiratus,
418 1252 512 1321 inter
521 1251 696 1348 fugientes
704 1249 859 1336 delituit,
872 1265 906 1320 et
917 1251 1112 1348 aufugiens,
1129 1251 1164 1321 in
1178 1266 1250 1322 ter-

183 1395 262 1438 ram
280 1365 453 1437 Tancredi
470 1368 652 1464 persenit,
674 1366 810 1464 ibique,
830 1367 900 1437 suis
912 1365 1033 1464 equis,
1053 1365 1248 1438 sodalium-

182 1509 252 1583 que
277 1510 443 1570 suorum,
465 1482 508 1553 ud
538 1499 739 1554 extremum
763 1484 877 1568 sessis,
904 1499 1043 1554 coactus
1071 1481 1246 1570 substitit,

182 1615 218 1670 et
244 1600 281 1669 in
298 1597 476 1697 quoddam
505 1599 687 1696 tugurium
707 1597 864 1669 divertit.
889 1597 966 1667 Hoc
990 1613 1029 1667 ut
1046 1597 1186 1668 Suriani
1214 1614 1250 1667 et

184 1716 368 1802 Armenii,
388 1717 545 1815 regionis
564 1716 657 1787 illius
674 1715 823 1801 accolae,
839 1712 969 1814 quibus
984 1715 1095 1785 multa
1110 1715 1248 1785 Cassia-

185 1859 249 1903 nus
267 1833 358 1904 mala
384 1836 530 1920 fecerat,
547 1849 829 1930 compererunt,
851 1857 894 1902 ex
920 1834 970 1903 eis
993 1833 1066 1903 lere
1085 1858 1133 1903 xx
1156 1858 1249 1904 con-

183 1975 326 2045 cursum
348 1951 383 2020 in
403 1975 484 2020 eum
500 1951 681 2038 lecerunt,
702 1946 912 2045 apprehensi
928 1964 1035 2045 caput
1053 1949 1106 2043 (2)
1121 1974 1249 2044 ampu-

183 2081 369 2149 taverunt,
389 2083 424 2136 et
442 2064 652 2137 Buamundo
670 2080 992 2162 praesentaverunt.
1013 2064 1127 2153 Unde,
1141 2081 1177 2136 et
1192 2066 1249 2161 ip-

182 2183 252 2252 sius
269 2183 382 2279 gratia
407 2199 442 2253 et
459 2199 580 2279 optata
597 2182 763 2254 libertate
779 2182 883 2278 potiti
900 2197 996 2251 sunt.
1023 2181 1158 2252 infelici
1176 2182 1248 2252 sor·

184 2314 269 2370 tuna
295 2298 461 2396 deceptus
478 2302 527 2371 sic
544 2301 652 2398 periit
670 2299 866 2372 Cassianus.
892 2300 1074 2370 incertum
1099 2297 1250 2370 habetur

183 2442 228 2488 an
247 2415 354 2489 totius
371 2441 496 2513 expers
509 2417 665 2516 coniugii
683 2415 897 2504 discesserit,
918 2443 962 2486 an
982 2416 1025 2487 ad
1040 2416 1249 2516 disquiren-

182 2531 269 2604 dum
286 2561 304 2604 a
320 2534 583 2606 contribulibus
597 2535 667 2605 suis
683 2532 902 2632 adjutorium
919 2532 1141 2604 discurrerit.
1158 2532 1248 2604 lllud

183 2668 321 2722 certum
338 2651 501 2739 habetur,
517 2653 688 2749 quoniam
700 2652 728 2721 si
743 2650 925 2722 castellum
938 2676 1040 2720 suum
1054 2650 1247 2737 introisset,

183 2766 249 2838 sibi
267 2768 407 2866 suisque
429 2768 670 2866 opportunius
687 2767 927 2838 consuluisset.
945 2766 1075 2837 Platcae
1103 2790 1190 2836 vero
1214 2782 1250 2837 et

218 3032 257 3101 (ι)
275 3032 312 3084 Le
328 3031 460 3086 veritable
480 3049 544 3084 nom
563 3030 598 3084 de
611 3048 642 3083 ce
663 3047 845 3102 gouverneur‚
861 3030 911 3102 qui
927 3046 941 3080 a
961 3031 1005 3082 ete
1019 3029 1115 3102 appele
1131 3032 1249 3103 Caspien

184 3140 234 3194 par
252 3110 369 3175 Etienne
388 3122 423 3174 de
443 3120 532 3187 Blois;
551 3121 666 3174 Darsian
690 3137 739 3192 par
760 3119 857 3174 Albert
876 3120 971 3184 d’Aix;
993 3119 1152 3192 Baghitian‚
1174 3122 1250 3177 Gra-

186 3212 258 3279 tien,
274 3221 339 3278 etc,
354 3229 404 3282 par
416 3210 537 3263 d’autres
549 3210 714 3275 historiens,
728 3210 816 3281 parsit
826 3210 885 3264 dire
899 3209 1080 3281 Bagai-sian,
1094 3201 1201 3283 ii’apres
1212 3212 1252 3266 les

184 3298 334 3352 historiens
349 3298 502 3351 orientaux.
518 3297 619 3351 C'etait
631 3315 669 3351 un
683 3297 778 3369 prince
795 3296 960 3368 Seljoucide.
981 3296 1020 3350 Ce
1032 3315 1086 3369 que
1103 3309 1182 3352 notre
1200 3318 1251 3353 au-

184 3398 249 3442 teur
261 3386 374 3459 designe
389 3387 424 3439 ici
439 3405 488 3458 par
500 3385 525 3439 le
538 3405 604 3440 nom
618 3386 653 3440 de
666 3396 740 3440 terre
752 3385 787 3440 de
799 3385 958 3451 haerede,
974 3387 1042 3439 tran
1054 3386 1080 3439 la
1092 3389 1203 3458 portion
1216 3390 1252 3444 de

184 3477 337 3544 laeticie,
351 3478 546 3551 conquisepar
565 3494 596 3531 ce
613 3475 724 3530 vaillant
742 3477 867 3549 guerrier
884 3487 963 3531 avant
982 3474 1006 3528 le
1022 3476 1109 3548 siege,
1131 3487 1159 3532 et
1173 3481 1210 3533 οὺ
1224 3498 1253 3533 se

185 3569 342 3622 trouvaient
354 3568 392 3621 les
404 3568 479 3621 villes
491 3567 526 3622 dc
537 3567 704 3632 Malmistra,
718 3566 931 3632 Alexandrette,
949 3565 1095 3633 L'aodicc'e,
1109 3578 1162 3623 etc.
1177 3568 1252 3622 Datis

184 3656 212 3711 la
227 3657 309 3711 lettre
328 3646 492 3730 qu'Etienne
509 3656 545 3711 de
562 3657 636 3710 Blois
652 3657 748 3710 c'crivit
764 3658 779 3709 i
793 3673 822 3709 sa
836 3656 936 3709 lemme
949 3654 1049 3723 Adele,
1066 3673 1130 3711 sous
1146 3657 1171 3710 la
1189 3657 1252 3712 date

186 3746 224 3800 du
236 3763 271 3818 29
281 3765 368 3813 mars,
383 3747 402 3800 il
412 3765 538 3801 annonce
549 3765 604 3820 que
615 3747 726 3799 l'arniee
737 3746 899 3800 chretienne
909 3746 1048 3818 possiduit
1058 3747 1120 3819 deji
1128 3767 1162 3801 en
1175 3749 1253 3821 Syrie

186 3846 250 3890 cent
262 3837 385 3889 soixante
398 3847 458 3889 taut
470 3835 546 3889 villes
559 3853 614 3908 que
626 3835 768 3889 chiteaux.

221 3929 259 3997 (a)
278 3926 360 3982 Voici
377 3927 402 3979 la
419 3921 587 3998 description
602 3925 748 3998 qu'Albert
760 3926 841 3980 d’Aix
855 3943 926 3980 nous
938 3926 1030 3982 donoc
1041 3928 1076 3983 de
1089 3938 1161 3983 cette
1175 3928 1249 3983 tete:

190 4015 280 4086 Caput
297 4034 365 4070 vero
378 4018 457 4068 mirre
470 4013 666 4086 grossitudinis
681 4023 756 4077 erut,·
773 4033 857 4069 aures
872 4015 1015 4070 latissimae
1034 4027 1061 4070 et
1073 4018 1186 4090 pilosce;
1203 4035 1251 4070 ca·

185 4106 249 4177 pilli
266 4109 331 4158 cani
346 4124 407 4159 cum
428 4104 530 4172 barba,
549 4124 612 4176 (ματ
630 4124 647 4159 a
665 4114 756 4159 mento
772 4122 858 4175 nsque
875 4103 916 4158 ad
933 4107 1091 4161 umbilicum
1108 4108 1168 4179 ejus
1185 4124 1252 4176 pro·

181 4195 299 4262 fluebat.
