2888 4934
274 364 334 425 530
549 357 735 419 HISTORIA
756 355 1064 417 ECCLESlASTlCA.
1132 361 1230 434 [urna
1247 361 1340 437 1098]

271 489 438 564 audacter
459 487 604 561 Francis
631 503 891 577 occurrerunt,
908 503 945 558 et
964 487 1000 559 in
1020 502 1162 559 tantum
1180 490 1339 587 aggressi

269 623 372 696 sunt,
392 623 433 678 ut
450 631 509 679 eos
534 608 571 677 in
596 607 718 703 sugam
738 605 997 702 compulerint,
1016 605 1228 704 multosque
1241 629 1342 702 pere·

269 726 416 799 merint.
436 724 597 822 Denique
614 738 800 820 comperto
817 720 914 820 quod
927 720 1001 794 duo
1011 721 1157 792 maximi
1171 746 1341 819 proceres

269 839 312 913 ad
328 853 477 939 portum
493 837 755 923 abscessissent,
775 835 1008 909 clandestinas
1028 834 1172 908 insidias
1188 861 1341 934 compe-

270 973 389 1031 tenter
407 955 694 1041 collocaverunt,
713 970 783 1025 eta
808 954 920 1025 Portu
939 953 1059 1025 Sancti
1077 954 1260 1026 Simeonis
1287 980 1342 1023 re-

270 1090 428 1148 meantes
458 1072 662 1144 immaniter
683 1072 838 1170 aggressi
864 1087 959 1143 sunt.
989 1070 1220 1169 impetebant
1241 1072 1342 1143 enim

270 1192 456 1288 Sarraceni
474 1190 695 1262 Christianos
709 1191 863 1288 sagittis,
879 1188 1040 1273 ensibus,
1057 1189 1212 1276 lanceis,
1229 1189 1344 1260 missi-

270 1309 364 1382 libus
387 1323 424 1381 et
451 1305 658 1380 omnimoda
683 1307 837 1379 telorum
862 1307 1085 1405 ingruentia3
1113 1305 1342 1378 Christianos

271 1424 603 1500 immisericorditer
630 1423 914 1512 obtruncabant,
944 1439 980 1495 et
1007 1421 1178 1496 dentibus
1207 1425 1246 1495 in
1284 1448 1343 1496 eos

267 1541 470 1628 stridentes,
489 1538 732 1613 clamitabant.
752 1540 920 1612 Redierat
933 1541 1066 1640 quippe
1079 1564 1167 1612 cum
1180 1541 1340 1637 praelatis

270 1656 494 1759 principibus
517 1683 622 1757 gens,
644 1682 710 1729 nec
727 1658 810 1729 satis
827 1673 982 1744 armata,
1005 1682 1069 1729 nec
1090 1657 1254 1729 multum
1271 1684 1341 1756 pu-

270 1801 377 1874 gnax.
405 1775 510 1846 Pauci
540 1771 730 1846 Christiani
756 1772 1051 1846 debacchantium
1086 1771 1342 1847 crudelitatem

269 1891 401 1962 diutius
432 1890 569 1988 perpeti
603 1891 863 1989 nequiverunt3
893 1888 953 1962 sed
980 1890 1177 1986 peremptis
1208 1890 1247 1960 in
1277 1888 1338 1960 illo

271 2006 442 2081 conflictu
466 2008 545 2105 plus
570 2033 678 2107 quam
703 2007 820 2094 mille,
846 2008 905 2080 alii
923 2009 1106 2107 sugerunt.
1126 2007 1236 2079 Tales
1258 2022 1339 2078 sunt

271 2123 454 2197 bellorum
466 2107 627 2213 eventus3
642 2125 728 2197 tales
739 2141 821 2195 sunt
834 2123 1093 2197 vicissitudines
1100 2140 1137 2195 et
1148 2123 1339 2196 hominum

271 2257 308 2314 et
320 2256 538 2337 temporum.
552 2241 651 2313 Nulli
667 2267 826 2340 unquam
836 2243 1002 2315 successit
1014 2267 1156 2339 semper
1164 2241 1318 2314 feliciter
1326 2270 1336 2328 ;

271 2380 381 2428 nemo
411 2381 570 2453 unquam
599 2354 643 2427 de
674 2358 843 2429 continua
873 2358 1111 2455 prosperitate
1138 2356 1335 2442 laetabitur,

272 2472 330 2545 vel
347 2471 485 2544 laetatus
501 2489 565 2545 est.
586 2475 659 2544 Hac
675 2473 719 2545 dc
736 2499 794 2560 re,
815 2491 850 2545 et
869 2473 1024 2547 timenda
1045 2491 1097 2546 est
1122 2492 1160 2546 et
1183 2473 1337 2546 carenda

274 2590 310 2661 in
340 2591 520 2688 prosperis
541 2590 752 2680 adversitas3
772 2591 944 2688 speranda
967 2616 1053 2682 rero
1076 2608 1111 2663 et
1128 2589 1288 2690 optanda
1306 2593 1340 2662 in

274 2706 428 2780 adversis
454 2709 684 2806 prosperitas.
704 2709 843 2781 Rumor
865 2708 910 2781 dc
935 2709 1145 2782 Christianis
1169 2711 1343 2807 superatis

274 2848 352 2911 eos,
368 2825 429 2922 qui
449 2841 713 2913 remanserant,
730 2823 832 2896 valde
850 2825 1098 2898 contristavit:
1115 2848 1159 2897 eo
1172 2825 1341 2911 maxime,

275 2938 372 3039 quod
400 2956 538 3012 certum
566 2965 757 3012 numerum
788 2943 955 3013 vivorum
982 2966 1043 3014 seu
1067 2957 1343 3039 peremptorum

275 3081 349 3130 nun
360 3057 495 3128 retulit.
509 3057 674 3144 Plurimi,
687 3081 752 3156 per
760 3074 930 3131 montana
941 3075 1119 3157 repentes,
1136 3073 1340 3142 evaserunt,

277 3188 312 3244 et
328 3171 371 3242 ad
386 3174 538 3244 tentoria
553 3175 765 3271 quantocius
786 3175 985 3247 redierunt.
1005 3175 1256 3263 Boamundus,
1281 3201 1345 3272 per

276 3400 387 3455 defense
398 3400 432 3455 de
442 3419 474 3455 ce
483 3401 608 3455 chateau.
623 3402 811 3474 L’expedition
824 3403 931 3477 dirigee
944 3422 1004 3458 vers
1017 3404 1042 3459 le
1055 3405 1344 3460 Port-Saiut·Simeon

276 3489 348 3541 avait
366 3488 622 3561 particuliercment
638 3507 713 3575 pour
726 3490 776 3544 hut
793 3490 856 3544 d'en
874 3510 999 3545 rameuer
1017 3491 1065 3546 des
1084 3492 1213 3547 hommes
1232 3512 1346 3566 proprus

278 3593 330 3628 aux
349 3586 460 3630 travaux
479 3576 514 3631 de
532 3579 732 3632 construction.
752 3579 805 3634 Ces
825 3589 937 3633 travaux
954 3579 1049 3634 iurent
1062 3579 1125 3634 faits
1138 3599 1174 3634 eu
1188 3599 1343 3636 commun:

283 3665 363 3736 Quod
376 3675 499 3720 castrum
516 3670 704 3740 artusqar'sqae
723 3670 859 3741 majorum
865 3669 943 3740 fecit
956 3689 1007 3740 per
1018 3679 1128 3741 partes,
1146 3682 1174 3724 et
1187 3677 1347 3726 munierunt

279 3754 351 3807 illud
364 3766 480 3809 marcet
495 3760 627 3811 immenso
639 3776 756 3829 aggere,
775 3768 801 3810 et
816 3757 1027 3830 aedificaverunt
1038 3762 1066 3811 in
1080 3776 1111 3811 eo
1123 3758 1199 3814 duas
1213 3771 1307 3814 turres
1320 3765 1346 3814 in

279 3843 481 3899 Maclwmarr'a.
497 3846 572 3899 Belli
583 3847 664 3901 Sacri
677 3846 759 3914 msa,
774 3865 817 3900 tv.
834 3847 858 3901 ll
873 3848 929 3902 suit
942 3847 977 3902 de
989 3847 1014 3901 la
1027 3866 1082 3920 que
1094 3848 1189 3903 c'e'tait
1202 3850 1297 3922 plutbt
1311 3870 1346 3905 un

280 3950 360 4005 camp
372 3935 527 4002 retrauclrc,
538 3937 623 4009 qu'un
634 3937 749 3991 chalteau
759 3949 939 4010 proprement
947 3937 1004 4004 dit3
1014 3950 1043 3992 et
1053 3937 1078 3992 le
1090 3949 1163 3993 reste
1173 3939 1212 3994 du
1222 3941 1347 4014 chapitre

281 4038 384 4092 incure
400 4023 484 4094 qu’on
502 4023 605 4078 voulait
619 4044 675 4079 non
693 4027 846 4081 seulement
864 4029 1042 4101 intercepter,
1058 4029 1126 4082 nrais
1140 4029 1231 4083 rneme
1246 4048 1347 4102 couper

281 4109 307 4163 le
319 4121 386 4182 pont
400 4111 434 4164 de
447 4111 585 4167 l’Orontc.
600 4115 676 4169 ltous
690 4126 845 4188 regrettons
858 4117 893 4171 de
906 4135 941 4170 nc
953 4119 1070 4187 ponvoir
1082 4116 1106 4171 le
1119 4118 1191 4173 citer
1200 4139 1233 4173 en
1248 4123 1346 4179 entier.
