2888 4934
186 450 287 522 [1⁰-ta0
297 464 360 504 auo.
376 445 467 520 1099]
579 440 698 501 LIBER
718 439 857 500 NONUS.
1189 444 1250 502 613

170 601 287 663 mus,
305 575 349 647 ad
367 575 460 648 vices
477 573 633 671 episcopi
651 570 864 672 supplendas
881 572 1012 644 electus
1028 587 1092 643 est.
1112 574 1252 647 lnterea

184 679 392 764 Taincredus
416 708 453 763 et
474 689 686 764 Eustachius
708 714 846 778 comes,
876 714 959 762 cum
981 688 1192 760 satellitibus
1218 709 1255 763 et

187 807 379 880 clientibus
389 806 531 897 multis,
549 806 742 906 Neapolim
759 807 831 905 (1),
845 805 891 876 ab
908 805 992 903 ipsis
1008 804 1144 877 civibus
1155 806 1254 878 ultro

190 924 342 1010 invitati,
362 921 544 1010 abierunt,
559 924 680 1023 cisque
694 920 920 1020 Neapolitani
933 947 1015 994 cum
1027 947 1113 1019 pace
1126 920 1255 994 urbem

187 1035 435 1110 teddiderunt.
456 1038 535 1110 lllic
551 1063 618 1138 per
636 1038 777 1137 aliquot
792 1036 867 1108 dies
879 1052 1113 1127 manserunt,
1135 1053 1171 1110 et
1188 1038 1254 1110 lae-

189 1170 302 1226 tantes
324 1155 560 1254 quieverunt,
583 1153 700 1227 donec
721 1152 765 1225 ad
789 1178 849 1227 eos
871 1179 936 1227 rex
960 1154 1097 1226 veloces
1121 1153 1254 1254 legatos

175 1268 338 1359 direxit,
357 1296 423 1369 per
447 1297 538 1371 quos
558 1273 606 1344 eis
631 1269 709 1344 haec
731 1269 915 1343 mandavit
941 1301 950 1341 ε
976 1271 1194 1344 studuimus
1222 1289 1256 1342 et

187 1405 323 1460 certum
333 1405 385 1461 est
396 1393 572 1487 quoniam
584 1389 838 1486 Babyloniacas
851 1389 1104 1461 Admirauisus
1117 1388 1174 1486 (2)
1184 1391 1256 1459 As-

188 1505 327 1578 calonae
340 1522 450 1596 est,‘et
467 1505 520 1578 ihi
530 1523 659 1579 contra
676 1533 743 1578 nos
758 1509 886 1605 ingens
902 1505 1035 1578 bellum
1044 1522 1252 1608 prccparat.

187 1622 401 1696 Accelernte
426 1626 542 1722 igitur
564 1639 599 1695 et
623 1627 758 1710 venite,
787 1640 826 1695 ut
849 1639 883 1696 et
912 1649 980 1694 nos
1003 1631 1052 1695 ers
1077 1621 1257 1694 audacter

182 1742 364 1837 possimus
384 1740 546 1830 obviare,
566 1757 760 1839 antequam
777 1767 844 1812 nos
852 1743 998 1841 possint
1015 1742 1053 1811 in
1070 1738 1155 1811 urbe
1171 1764 1253 1810 con·

184 1856 344 1930 cludere.
365 1856 526 1930 inclusis
543 1861 638 1929 enim
656 1858 781 1956 grauis
798 1874 851 1930 est
873 1859 1041 1929 introitus
1058 1873 1091 1928 et
1109 1860 1250 1944 exitus,

183 1990 220 2044 et
231 1971 449 2071 frequenter
476 1975 651 2072 objurgat
679 2000 740 2046 eos
769 1975 1021 2046 inconvenieru
1050 1989 1178 2045 metus.
1209 1979 1254 2042 In

184 2106 311 2184 operto
326 2090 429 2162 liberi
442 2116 573 2191 campo
585 2115 855 2178 concurremus,
870 2093 1019 2188 Deoque
1030 2089 1255 2189 gubernante

185 2205 329 2278 liberior
346 2223 380 2278 et
386 2204 552 2306 facilior
573 2207 679 2280 nobis
700 2206 872 2280 succedet
893 2207 1054 2304 (ψοίας.
1077 2205 1254 2306 Erpedi-

173 2421 261 2495 niere
274 2424 289 2476 h
300 2421 613 2493 justifierletitreassez
625 2421 732 2476 bizarre
744 2419 852 2476 device
864 2423 974 2493 praesui
984 2441 1041 2496 que
1051 2420 1090 2476 lui
1103 2423 1196 2495 dqnne
1209 2436 1253 2480 cet

161 2507 170 2529 ’
183 2509 334 2576 historico,
350 2510 467 2581 apat-tir
478 2510 513 2565 de
526 2509 553 2564 la
565 2520 639 2564 mort
650 2509 686 2564 de
698 2508 821 2583 leveque
835 2509 874 2563 du
888 2510 951 2584 Pui.

219 2597 290 2651 Maia
308 2614 416 2650 comme
432 2596 542 2650 Arnoul
558 2597 630 2649 avait
642 2595 723 2649 etele
737 2595 874 2668 principal
887 2595 1041 2673 adversaire
1057 2596 1092 2650 dc
1112 2597 1252 2653 l’anthen·

182 2685 263 2738 ticite
278 2682 313 2737 de
329 2683 356 2736 la
373 2683 462 2736 sainte
481 2682 572 2735 Lance
589 2679 772 2750 d'Antioche‚
793 2681 819 2736 la
838 2680 953 2754 plnpart
972 2683 1021 2738 des
1039 2683 1188 2739 historiens
1204 2685 1254 2740 des

181 2770 337 2840 croisades,
351 2783 380 2827 et
393 2781 506 2827 suttout
517 2771 557 2826 les
569 2772 766 2843 compatriotes
779 2771 815 2826 de
827 2772 923 2832 Pierre
938 2771 1122 2840 Barthelemi,
1137 2792 1172 2828 ne
1184 2774 1255 2836 l'ont

184 2882 234 2937 pas
242 2864 373 2936 epargne.
387 2861 465 2916 Ainsi
476 2859 510 2915 ils
519 2858 657 2915 affirment
667 2859 736 2934 qu’il
748 2861 816 2915 e‘tait
824 2859 923 2915 hitard
934 2860 1001 2915 d’un
1013 2861 1120 2934 preire,
1133 2872 1162 2917 et
1170 2863 1254 2939 qn‘en

184 2962 257 3008 cette
269 2951 375 3025 qualite
388 2950 408 3004 il
420 2951 510 3005 aurait
520 2948 574 3018 dit,
590 2948 698 3023 d'apres
712 2969 750 3005 nn
767 2948 873 3005 concile
884 2950 920 3005 de
935 2949 1054 3018 Tolede‚
1070 2951 1130 3023 etre
1144 2954 1254 3009 attache

182 3060 292 3097 comme
300 3040 359 3095 serf
365 3059 401 3095 au
411 3043 513 3096 service
521 3038 556 3095 de
569 3027 695 3113 l'Eane,
708 3059 744 3095 au
755 3038 882 3096 scandale
892 3039 928 3095 de
939 3039 1057 3114 laquelle
1070 3059 1099 3096 sa
1112 3041 1253 3097 naisennce

182 3131 256 3186 avait
268 3148 303 3185 eu
315 3129 388 3196 lieu;
401 3127 469 3203 qu’il
485 3129 581 3185 n'etait
595 3147 643 3201 pas
655 3129 746 3185 meme
757 3129 941 3197 sons-diacre,
955 3140 984 3185 ct
992 3149 1051 3204 ¹que
1062 3129 1102 3185 les
1116 3132 1253 3204 irregula-

184 3221 251 3275 rites
267 3218 303 3274 de
322 3236 351 3273 aa
369 3218 501 3294 concinite
520 3217 644 3292 pendant
659 3219 685 3273 la
703 3218 827 3288 croisade
844 3217 972 3274 l’avaient
988 3219 1077 3274 rendu
1094 3219 1189 3292 l'objet
1204 3219 1253 3275 des

183 3309 316 3366 brocards
327 3320 354 3364 et
364 3307 414 3365 des
424 3308 561 3363 chanaone
571 3308 738 3383 populaires.
750 3308 798 3365 On
807 3328 824 3364 a
832 3310 914 3382 peine
923 3311 939 3364 i
947 3310 1038 3364 croire
1050 3310 1136 3384 qu’un
1145 3311 1252 3383 prince,

182 3400 274 3455 meme
285 3401 357 3454 aussi
368 3417 423 3472 peu
435 3397 604 3471 scrupuleux
614 3416 670 3472 qne
681 3398 708 3453 le
721 3385 776 3453 duc
788 3396 824 3454 de
836 3391 1021 3468 Normandie‚
1035 3400 1085 3455 etit
1096 3418 1162 3475 recu
1177 3400 1213 3455 de
1225 3419 1253 3456 sa

183 3489 279 3561 pienee
292 3507 376 3558 aoeur,
390 3506 462 3562 pout·
474 3487 634 3560 chapelain,
648 3506 687 3542 un
702 3488 816 3543 homme
829 3489 1012 3561 quin'aurait
1027 3506 1075 3562 pas
1089 3491 1134 3544 ete
1147 3493 1254 3564 engagi

185 3576 254 3632 daus
265 3578 306 3632 les
317 3579 414 3638 ordres
427 3579 558 3651 majeurs.
573 3577 648 3649 Quoi
659 3576 728 3651 qu’il
739 3595 775 3632 en
788 3578 856 3645 soit,
871 3577 992 3646 ΑιιιοιιΙ,
1003 3579 1049 3634 elu
1058 3578 1216 3651 patriarche
1227 3582 1253 3636 le

179 3668 248 3739 jour
262 3666 335 3721 dela
348 3667 687 3724 saint-Pierreaux-liens
699 3667 710 3738 (
714 3678 748 3721 1⁶¹
759 3665 856 3737 aciat),
869 3669 912 3722 sut
926 3667 1028 3742 depose
1040 3681 1121 3725 avant
1130 3671 1157 3724 la
1168 3670 1205 3724 fin
1217 3671 1253 3724 de

185 3756 308 3823 l'annee3
325 3775 356 3811 ce
372 3759 420 3831 qui
436 3757 539 3812 semble
554 3776 609 3812 une
626 3757 760 3812 eclatante
775 3756 970 3811 confirmation
987 3756 1035 3814 des
1053 3759 1116 3814 faits
1132 3760 1254 3834 allegata

186 3858 282 3902 contre
295 3847 346 3903 lui.
358 3878 394 3889 -
407 3849 463 3903 Son
480 3847 689 3921 predecesseur,
708 3848 805 3903 Simon
823 3847 867 3916 II,
887 3849 955 3902 etait
973 3837 1047 3905 mort
1065 3850 1132 3906 dans
1146 3852 1201 3908 l’ilo
1218 3853 1253 3907 ds

186 3936 298 4009 Chypre
313 3937 435 4008 pendant
448 3938 474 3991 le
488 3938 563 4009 siege
576 3935 611 3990 de
624 3936 776 3992 Jerusalem
792 3955 841 4010 par
855 3937 895 3993 les
908 3939 1019 3998 croisc's.

222 4028 261 4096 (ι)
275 4027 421 4099 Naplouse.

219 4118 257 4188 (a)
271 4117 307 4174 Le
318 4118 384 4173 visit·
395 4117 512 4185 Aldhal,
528 4117 577 4191 qui
590 4118 661 4172 avait
676 4119 791 4190 conquis
801 4119 954 4175 Jerusalem
969 4121 1103 4197 quelques
1116 4121 1187 4174 moia
1201 4139 1236 4176 au

186 4219 326 4282 pararant.
