2888 4934
187 439 245 497 ttt
461 431 644 492 HISTORIA
666 430 978 492 ECCLESIASTICA.
1147 435 1249 513 [11³0]

185 567 283 639 enim
297 564 448 664 gratiam
464 580 500 636 et
516 564 725 661 sapientiam
742 564 779 636 in
795 562 927 636 divinis
941 564 1173 638 sermonibus
1188 565 1250 639 ha·-

185 680 284 768 buit,
309 696 347 753 et
368 705 435 779 per
455 706 521 753 vm
545 679 620 752 dies
642 678 906 779 hospitalitatis,
932 680 1105 754 instinctu
1126 681 1251 756 Amal·

186 799 252 872 rici
271 799 419 896 prioris,
437 795 723 872 exhortationem
738 797 907 872 omnibus
928 799 966 870 in
983 799 1142 873 claustro
1157 799 1252 873 exhi·

185 915 286 1004 buit,
307 913 657 1014 benivolentiamque
674 915 782 987 totius
802 930 999 988 conventus
1018 940 1093 988 non
1114 917 1190 1015 jam
1213 931 1252 990 ut

184 1031 312 1120 hostis,
338 1030 398 1104 secl
419 1047 461 1103 ut
485 1029 597 1105 fidelis
617 1032 749 1106 amicus
771 1031 943 1105 obtinuit.
964 1031 1146 1105 Guarinus
1165 1054 1251 1133 erga

183 1145 293 1221 abbas
308 1148 495 1247 epistolam
508 1145 722 1221 vesamabilis
733 1146 907 1220 Beruardi
921 1144 1061 1219 abbatis
1075 1147 1249 1247 protulit,

182 1292 291 1366 quam
308 1265 536 1340 llasbaceusis
553 1280 751 1339 conventus
767 1263 925 1337 libenter
943 1265 1114 1362 suscepit,
1132 1281 1173 1338 et
1187 1288 1252 1337 uu·

181 1379 255 1454 dita
269 1381 442 1455 libentius
454 1381 637 1478 complere
650 1378 821 1453 decrevi-t.
838 1378 1036 1479 Stephanus
1046 1378 1252 1453 Parisiemia

182 1501 367 1597 episcopus
384 1500 458 1596 (ι),
482 1514 519 1570 et
539 1496 765 1571 Burchardus
787 1495 1183 1595 Meldsusisepiscopus
1197 1497 1251 1594 (a)

184 1630 276 1688 nutu
294 1615 359 1688 Dei
380 1612 546 1701 aderant,
573 1630 609 1687 et
626 1613 863 1688 llesbacenses
876 1630 919 1686 ‘ut
934 1615 1092 1688 caritatis
1109 1629 1253 1689 nectare

186 1731 365 1803 Uticenses
394 1730 660 1822 exhilararent,
688 1730 823 1806 obnixe
851 1732 1107 1806 admonebant.
1137 1730 1253 1832 lgitar

184 1846 426 1919 annuentibus
449 1849 586 1921 ornetis
607 1847 681 1921 dies
705 1846 752 1921 ab
773 1851 948 1948 episeopis
972 1848 1160 1937 indicitur,
1177 1872 1254 1950 ¹quo

183 1962 384 2038 multorum
403 1964 555 2064 pignora
576 1982 782 2039 sattctorum
800 1966 851 2038 ibi
866 1966 1009 2039 detenta
1032 1966 1173 2065 pariter
1188 1986 1254 2039 ex·

183 2078 427 2167 traherentur,
450 2081 604 2179 populus
628 2097 735 2155 terrae
757 2081 834 2155 haec
850 2084 990 2156 visurus
1009 2104 1254 2182 congregaru-

184 2211 258 2285 tur,
277 2212 314 2270 et
328 2197 519 2296 multiplici
536 2195 786 2271 benedictione
801 2198 1034 2272 confirmatus
1049 2195 1255 2271 laetificere·

184 2328 258 2404 tur,
283 2340 326 2386 ac
344 2312 575 2412 postmodum
599 2313 785 2388 Uticenses
806 2329 927 2413 optata
950 2315 1194 2413 susciperent,
1211 2327 1254 2387 ut

182 2428 234 2509 sic
251 2431 399 2528 propria
416 2431 627 2502 reviserent.

231 2546 348 2620 Portu
375 2547 509 2620 Natalis
539 2545 649 2619 abhas
680 2548 873 2621 consilium
900 2561 1038 2635 mutat,
1070 2546 1256 2621 Utioonsus

183 2662 385 2738 mobilitate
399 2680 540 2737 versuta
555 2663 696 2753 tur-bat,
715 2662 838 2738 dicens
854 2663 954 2763 quod
969 2663 1037 2736 nisi
1051 2660 1256 2737 Tsdhaldas

183 2807 302 2857 comes
322 2781 554 2871 concmeret,
582 2807 769 2883 nunquam
792 2806 832 2854 ea
859 2804 941 2882 quse
964 2795 1164 2854 conventus
1185 2782 1256 2855 au'·

184 2899 497 2975 uuerat‘trutleret.
515 2900 634 3000 lgitur
647 2899 835 2973 communi
852 2898 1004 2971 consilio
1021 2897 1060 2969 in
1076 2896 1258 2970 Noumen-

185 3013 284 3085 niam
298 3012 379 3086 Udo
395 3013 572 3087 Uticensis
589 3013 633 3087 ad
651 3015 820 3088 comitem
835 3013 1007 3102 mittitur,
1024 3012 1088 3111 qui
1106 3027 1196 3084 uano
1207 3008 1257 3084 ad

185 3127 404 3200 avunculum
428 3154 533 3201 suum
550 3130 749 3202 Hearicum
762 3154 888 3230 regem
913 3130 1024 3219 ierat,
1042 3142 1083 3199 ut
1108 3152 1191 3201 oum
1212 3150 1257 3200 eo

186 3243 409 3345 loqueretur.
430 3242 608 3318 obed-tens
623 3245 819 3318 monachus
839 3245 1019 3318 difficilem
1041 3243 1137 3317 viam
1159 3244 1257 3317 arri·

184 3363 277 3461 puit,
289 3362 530 3462 comitemque
540 3387 704 3462 sequens,
716 3362 929 3437 Vernonum
944 3363 1001 3459 (3)
1015 3362 1257 3452 veniturum-

186 3505 256 3580 que
268 3495 444 3554 secretum
459 3481 559 3580 prius
572 3480 669 3580 regi,
685 3496 726 3552 ut
734 3481 894 3579 juvaret,
911 3477 1059 3551 detexit.
1077 3477 1155 3550 Rex
1166 3500 1255 3551 vero

186 3598 439 3670 auxiliaturum
462 3623 499 3670 se
523 3598 574 3670 illi
597 3597 803 3696 pollicetur,
827 3597 1068 3697 comitemque
1083 3610 1256 3693 nepotem

221 3803 262 3876 (ι)
279 3791 409 3872 Etienue,
427 3807 547 3878 premier
560 3805 599 3860 du
613 3825 694 3876 nom,
712 3808 815 3883 eaeque
831 3807 866 3862 de
881 3807 959 3864 Paris
972 3826 1007 3862 en
1028 3810 1107 3874 aral,
1124 3805 1198 3861 avait
1211 3806 1255 3860 ete

186 3891 343 3948 chancolier
360 3892 395 3948 de
414 3893 519 3950 France
534 3915 569 3951 eu
590 3895 758 3972 noh-1119,
779 3907 808 3952 et
824 3907 938 3953 mourut
954 3915 1011 3952 nou
1027 3914 1076 3970 pas
1091 3895 1118 3951 le
1133 3892 1170 3951 30
1184 3892 1254 3968 jutis

184 3978 225 4036 let
237 3985 317 4048 nlo,
331 3999 439 4035 comme
450 3982 475 4036 le
485 3983 678 4040 ditl’Histoire
687 3984 736 4040 des
746 3984 860 4042 Grauda
874 3983 1001 4042 Officiers
1009 3983 1044 4038 de
1055 3984 1080 4038 la
1091 3983 1253 4051 Couronue,

187 4071 256 4125 mais
268 4070 294 4125 le
305 4068 324 4125 6
336 4072 390 4125 mai
407 4075 481 4138 uta.
501 4073 526 4127 ll
543 4075 609 4129 e'tait
628 4075 669 4130 sala
686 4074 722 4130 de
737 4076 795 4132 Gui
812 4074 847 4131 de
865 4075 968 4143 Seulis‚
983 4073 1105 4148 premier
1117 4072 1156 4128 du
1173 4091 1255 4141 nom,

188 4160 317 4232 seigneur
329 4161 368 4215 du
383 4160 517 4217 Chautilli
529 4174 558 4218 et
573 4163 816 4220 d'Ermeuouville.

222 4251 262 4315 (a)
274 4247 432 4318 Burchard,
448 4251 552 4326 eaeqtae
564 4252 600 4307 de
613 4255 712 4308 Meaux
726 4257 749 4322 (ι
759 4256 843 4320 tao-4
853 4252 960 4324 janvier
974 4249 1065 4322 1134),

205 4334 260 4433 ¹lh)
273 4338 562 4399 Veruou-sur-Seine.
