2888 4934
218 110 429 187 [nosne]
605 105 721 169 num
742 105 899 169 sexsus.
1224 110 1281 173 nt

217 236 902 313 multasuemillotttssibisiue'merito
915 238 1168 330 contumelias,
1185 242 1283 315 velut
1391 315 1394 321 ,

218 352 913 454 Susannumproejudieaseruntipsum,
928 356 1282 461 eumomuiomuino
1382 340 1396 353 ⁰

210 472 444 572 possessione
458 469 593 544 ditioni
614 474 710 569 regis
731 472 960 544 tradendum.
983 474 1072 544 Post
1089 472 1162 545 tale
1170 474 1282 574 judi-

215 590 333 677 cium,
356 613 439 685 etun
457 614 528 661 stro
552 587 702 660 reddere
723 604 924 686 cogeretur,
949 614 1032 687 quae
1055 594 1091 661 iu
1107 609 1280 691 promptu

216 722 317 779 munt
336 702 500 787 reddidit
505 738 522 792 ,·
542 704 708 778 absentia
728 705 789 777 ubi
806 721 942 792 essent,
962 722 995 778 et
1011 711 1073 807 qui
1089 726 1205 781 essent
1221 709 1282 781 de·

218 821 348 895 bitom
367 822 553 895 indicauit.
576 820 654 894 Sed
669 848 748 894 eum
762 822 874 922 pluro
892 823 1062 913 reddere,
1084 843 1119 897 et
1134 827 1279 926 majora

215 937 381 1010 iudu'cme
389 938 667 1037 compelleretur,
678 938 840 1037 Angliea
850 938 978 1037 lingua
990 967 998 1010 :
1010 939 1188 1015 Thatwat
1200 942 1276 1014 min

214 1051 331 1127 lauert
353 1052 459 1152 godel
483 1052 614 1125 mihtin
638 1052 715 1125 that
742 1055 774 1127 ic
795 1079 876 1153 sege
898 1054 995 1142 soth,
1023 1057 1275 1156 respondebat.

216 1171 329 1270 Quod
357 1198 425 1244 nos
450 1171 573 1242 Latini
601 1170 791 1243 dicimus:
819 1171 870 1243 Mi
897 1172 1062 1263 domine,
1093 1175 1159 1246 soit
1185 1174 1278 1247 Deus

205 1289 442 1386 omnipotens
463 1288 545 1386 quia
571 1289 758 1361 veritatem
782 1285 876 1361 dico.
898 1289 982 1361 Hoc
1005 1290 1115 1363 uerbo
1142 1297 1277 1392 saepius

198 1405 381 1506 repetito,
399 1403 494 1477 nihil
505 1404 612 1477 aliud
623 1404 777 1477 dicebas.
796 1406 1006 1504 Propolotis
1018 1407 1182 1479 omnibus
1196 1434 1278 1507 quer

196 1519 387 1608 habebat,
402 1521 605 1618 affiruntur
614 1521 789 1619 reliquie.
806 1522 880 1620 Qui
890 1547 972 1594 cum
978 1526 1105 1622 jurare
1115 1523 1275 1613 deberet,

189 1638 311 1712 dixit
335 1643 442 1711 uxori
462 1665 542 1711 suoe
567 1667 577 1709 .·
602 1623 716 1711 Soror
741 1663 841 1726 mea,
874 1664 939 1736 per
970 1638 1058 1712 illud
1087 1638 1184 1739 quod
1212 1665 1276 1714 nos

187 1755 378 1853 astringit
390 1754 575 1827 vinculum
586 1753 786 1841 charitatis,
802 1771 838 1827 te
850 1753 996 1855 adjuro,
1015 1782 1061 1830 ne
1077 1782 1135 1829 me
1151 1758 1275 1856 perju-

189 1871 305 1943 rium
323 1871 509 1944 incurrere
527 1869 685 1968 patiaris.
707 1870 790 1943 Plus
807 1872 905 1943 entim
924 1872 1054 1946 animae
1075 1872 1274 1970 perieulum

184 2013 318 2088 quam
339 1987 505 2085 eorporis
524 1987 701 2060 eruciatus
718 2011 924 2085 expavesco.
946 1986 983 2060 si
1006 1987 1118 2086 igitur
1140 1988 1274 2088 aliquid

182 2103 339 2177 residui
361 2118 425 2184 tua
445 2100 510 2175 tibi
538 2104 754 2179 conscientia
779 2103 1020 2190 demonstrat,
1051 2106 1086 2176 in
1115 2103 1272 2179 medium

182 2221 371 2319 proferre
387 2245 462 2294 non
483 2219 639 2292 differas.
662 2220 745 2293 Plus
762 2220 860 2293 enim
877 2220 1042 2294 inimicus
1058 2237 1182 2295 noster
1197 2223 1273 2321 spi-

186 2337 346 2410 ritualis
359 2337 562 2410 animarum
577 2335 861 2426 damnationem,
879 2363 986 2436 quam
1004 2339 1120 2410 earnis
1137 2336 1272 2411 lacera-

186 2454 344 2529 tionem
369 2453 557 2527 desiderat.
588 2454 656 2526 Ad
679 2480 783 2554 quem
812 2453 878 2527 illa
901 2482 910 2525 :
934 2453 1107 2541 Domine,
1133 2456 1269 2553 inquit,

190 2587 340 2668 praeter
364 2569 515 2644 indicata
538 2571 592 2642 nil
615 2570 769 2643 omnino
791 2571 856 2642 nisi
882 2595 943 2643 xvr
968 2569 1101 2643 solidos
1123 2587 1159 2642 et
1182 2569 1271 2644 duos

197 2702 346 2762 tantum
358 2687 501 2776 anulos,
521 2712 558 2761 iv
570 2686 735 2760 denarios
748 2685 1005 2785 appendentes,
1025 2684 1152 2759 habeo.
1172 2688 1271 2787 Qui·

200 2803 524 2905 busiuproeseutia
531 2804 698 2905 prolatis,
712 2806 843 2901 virago
851 2803 1045 2904 subjunxit
1059 2831 1069 2876 ε
1083 2804 1270 2877 Carissimo

203 2923 382 3021 conjunx,
403 2920 513 2996 modo
528 2923 610 3020 jura
633 2946 795 3010 securus3
817 2946 883 3021 ego
908 2937 1031 3019 postes
1053 2919 1269 2996 confirmans

200 3063 282 3112 msa
307 3055 395 3112 teste
421 3039 637 3112 conscientia
662 3055 697 3110 te
724 3064 848 3111 verum
870 3040 1022 3139 jurasse,
1047 3037 1139 3111 nuda
1159 3065 1269 3111 manu

201 3152 339 3229 inrum
353 3152 526 3245 calidum,
542 3155 571 3227 si
580 3154 742 3254 jusseris,
759 3181 881 3228 coram
894 3152 1061 3227 omnibus
1071 3155 1132 3252 qui
1147 3151 1268 3226 videre

204 3271 404 3361 voluerint,
424 3271 590 3370 portabo.
616 3271 722 3372 Quid
737 3271 882 3345 multo?
891 3273 1050 3372 juravit,
1063 3297 1119 3343 ¹oc
1135 3270 1269 3342 deinde

207 3387 270 3460 sub
288 3388 456 3462 custodia
479 3389 632 3489 ligatus,
658 3416 703 3460 uc
726 3387 955 3461 lundoniam
981 3387 1127 3473 duetus,
1155 3385 1208 3458 ibi
1230 3389 1268 3460 in

210 3529 384 3578 carcerem
398 3506 588 3580 obscurum
600 3504 808 3580 retntditur.
822 3505 951 3604 Ibique
962 3502 1116 3577 vinculis
1113 3502 1265 3603 ferreis,

207 3618 286 3716 plus
303 3648 415 3720 quam
432 3623 522 3695 sotis
534 3622 771 3721 ponderosis,
784 3617 936 3719 sortiter
961 3637 994 3692 et
1016 3621 1266 3692 contumeliose

213 3740 438 3826 courtm'etus,
468 3736 583 3826 fomis
612 3754 644 3810 et
657 3735 814 3835 fingeris
844 3736 1263 3849 cruciatibus‘diuturnis
