2888 4934
83 374 216 451 waso]
403 371 517 433 LIBER
538 371 738 434 SEPTIMUS.
1043 377 1100 439 itt

83 501 346 605 urgendionum
361 501 505 589 ducem,
524 528 629 603 quem
647 503 691 576 de
708 531 808 579 sacro
826 506 924 580 sonte
941 532 1101 606 suscepe-

83 636 118 710 t,
141 647 212 692 uua
231 646 312 692 oum
330 620 478 692 consilio
494 621 652 719 Hugonis
669 621 811 720 Magni,
829 622 891 694 filii
910 623 1099 722 supradicti

83 733 217 824 thern,
239 751 275 808 et
293 759 483 832 procerum
503 735 742 823 Francorum,
767 738 801 808 in
819 763 970 835 regnum
986 738 1101 812 subii-

83 853 172 925 tvit.
201 851 296 924 Idem
324 868 442 924 autem
467 851 618 923 Karolus
644 852 821 949 Simplex,
851 871 931 951 post
957 856 1101 954 longam

83 970 198 1043 roeris
219 971 511 1055 macerationem,
538 968 721 1041 defunctus
744 985 796 1040 est
819 971 854 1041 in
882 973 952 1068 ipsa
979 991 1101 1047 custo-

83 1112 119 1174 ι,
139 1101 178 1160 et
194 1087 348 1184 sepultus
371 1087 407 1157 in
429 1085 568 1156 basilica
589 1086 707 1158 Sancti
728 1085 848 1158 Fursei
872 1091 1098 1179 confessoris,

83 1226 125 1275 ιω
150 1216 204 1273 est
231 1201 266 1273 in
292 1202 362 1298 ipsa
385 1202 542 1273 Parrona
566 1216 693 1274 castro.
719 1203 854 1274 Unctus
876 1220 928 1275 est
948 1229 1036 1278 vero
1062 1206 1099 1277 in

83 1339 167 1415 gem
191 1317 264 1414 ipse
287 1315 476 1403 Rodulsus,
502 1328 552 1387 rv⁰
570 1316 645 1387 idus
658 1317 760 1414 julii,
785 1317 977 1390 Suessionis
1008 1320 1100 1390 civi-

83 1447 116 1505 te
129 1431 202 1530 (t).

88 1545 154 1619 llis
176 1547 395 1645 temporibus
418 1549 545 1646 pagani
568 1549 697 1620 iterum
715 1547 959 1647 Burgundiam
980 1565 1099 1621 vasta-

83 1678 191 1751 runt,
208 1664 408 1762 factumque
424 1679 476 1734 est
492 1662 629 1735 bellum
650 1665 743 1736 inter
760 1663 969 1737 christianos
986 1681 1022 1737 et
1037 1693 1098 1764 pa·

83 1803 151 1853 utos
167 1780 203 1852 in
220 1797 344 1853 moute
365 1779 492 1867 Chalo,
517 1781 709 1878 peremptis
727 1807 746 1851 a
765 1782 909 1879 paganis
927 1806 970 1852 ex
988 1780 1098 1853 chris-

83 1894 145 1969 tuia
154 1897 277 1969 multis
292 1895 468 1983 millibus,
488 1911 570 1968 v111⁰
589 1895 665 1967 idus
681 1894 911 1992 decembris(
936 1898 965 1993 ).

91 2011 201 2113 igitur
227 2012 393 2085 defuncto
408 2011 562 2085 Rodulso
577 2037 661 2111 rege
679 2026 786 2084 xvru⁰
804 2012 873 2082 tat.
900 2012 1094 2101 februarii,

83 2128 253 2228 petierunt
275 2154 356 2201 eum
381 2131 418 2200 in
442 2128 584 2201 basilica
609 2129 747 2202 Sanctoe
773 2127 956 2201 Columbae·
980 2130 1096 2228 virgi-

83 2244 176 2346 it(5).
195 2247 280 2319 Post
296 2262 453 2318 mortem
471 2247 580 2344 igitur
597 2244 740 2319 Rodulfi
759 2247 869 2344 regis,
894 2247 997 2344 Hugo
1014 2246 1096 2318 Ma-

83 2386 130 2437 uut
142 2390 212 2437 una
229 2390 311 2436 cum
327 2364 471 2437 Francis
489 2364 681 2437 accersiens
698 2362 930 2435 Guillelmum
948 2362 1091 2450 ducem,

83 2478 359 2578 numaga-spata
377 2479 521 2568 dicitur,
550 2480 647 2551 misit
671 2478 774 2550 illum
801 2477 844 2550 ad
870 2479 994 2551 Oviam
1015 2480 1090 2577 (4),

83 2599 269 2697 tuemjam
287 2596 371 2669 dicti
390 2597 512 2668 Karoli
532 2596 728 2694 Simplicis,
752 2611 791 2666 ut
810 2592 892 2668 inde
908 2594 1093 2668 reduceret

83 2707 272 2787 ludovicum
287 2714 400 2786 filium
409 2716 494 2813 ejus.
508 2715 661 2810 Fugerat
673 2713 769 2784 enim
781 2710 824 2783 ad
835 2727 974 2809 patrem
989 2738 1092 2784 suum

85 2960 117 3032 (t)
130 2964 240 3021 charles
252 2967 328 3022 n'eut
340 2985 446 3020 aucune
457 2975 518 3038 part
531 2983 565 3018 au
584 2965 665 3019 choix
680 2963 714 3017 de
733 2963 835 3026 Raoul,
849 2974 876 3017 et
892 2981 962 3018 nous
982 2964 1091 3019 n’arons

83 3048 122 3108 tut
131 3056 318 3111 connaissance
327 3056 394 3129 qu'il
404 3057 442 3110 ait
455 3058 499 3110 ete
512 3072 561 3109 sou
576 3054 696 3126 parrain.
709 3053 734 3107 tt
747 3063 860 3107 mourut
872 3051 940 3106 dans
956 3052 982 3107 la
994 3054 1089 3126 prison

83 3137 222 3213 desum,
236 3145 263 3198 le
275 3161 291 3218 7
309 3144 421 3199 octobre
432 3161 496 3218 929.
518 3143 607 3198 Raoui
621 3144 665 3198 fut
677 3144 819 3197 couronne
831 3145 846 3195 t
866 3142 1004 3210 Soissons,
1018 3143 1088 3197 ainsi

83 3232 238 3289 ”stamme
251 3234 361 3299 Emme,
376 3232 401 3288 le
417 3233 448 3287 13
458 3231 551 3304 juillet
562 3231 624 3306 923.

88 3310 183 3389 (²)1ae6
192 3319 338 3378 decembre
347 3323 408 3396 925.
422 3321 468 3377 On
482 3339 626 3395 penseque
639 3322 723 3376 Mons
738 3323 856 3388 Calaua,
871 3322 955 3376 Mons
969 3319 1085 3382 Chalos,

83 3404 223 3479 multus,
237 3429 384 3466 commune
401 3410 436 3465 de
453 3410 704 3465 l'arrondissement
723 3410 758 3463 de
770 3409 890 3465 Clameci
909 3410 919 3480 (
927 3409 950 3462 tt
954 3406 1055 3476 iture),
1070 3409 1085 3459 t

83 3491 265 3555 ffldadittanoe
275 3511 305 3554 et
315 3499 382 3554 dans
394 3500 510 3555 l'ancien
523 3518 616 3571 pagus
630 3498 782 3552 d'Arallon.

89 3574 201 3651 ssttsml
213 3598 329 3643 mourut
339 3590 355 3640 t
365 3590 489 3642 Auxerre
501 3587 535 3642 de
549 3587 573 3641 la
582 3586 699 3641 maledie
712 3584 896 3657 pediculaire,
907 3582 932 3636 le
945 3581 1085 3652 15janvier

83 3658 114 3732 5·
123 3677 195 3733 ettut
206 3680 317 3733 enterre
329 3681 344 3730 a
355 3676 597 3733 sainte-Coloniae
608 3676 644 3730 de
657 3676 733 3730 Sens.

90 3748 248 3827 (ttletnotre
265 3774 373 3828 auteur,
389 3781 461 3836 pour
471 3764 497 3817 la
517 3762 578 3834 plus
591 3762 695 3835 grande
713 3759 799 3832 gloire
812 3758 847 3812 de
861 3757 883 3812 ia
898 3756 1081 3823 Normandie,

83 3835 167 3909 'Mina
179 3853 340 3910 Guiliaume
354 3841 553 3926 Longus-Ep&
566 3854 582 3905 a
593 3851 762 3917 Guillantne,
774 3848 944 3921 archeveque
956 3847 991 3900 de
1003 3846 1081 3904 Sensi

83 3935 260 3998 'daerente
272 3942 356 4015 qu’on
368 3941 460 4014 puisse
472 3940 580 3994 donner
592 3939 627 3993 de
643 3948 714 3993 cette
732 3937 877 3992 alteration
890 3934 938 3990 des
951 3935 1025 4001 faits,
1042 3946 1082 3989 est
1115 4010 1120 4017 ἡ

83 4013 114 4071 ’Ἢ
123 4041 177 4085 tnta
192 4034 236 4086 e'te
249 4031 342 4085 induit
355 4048 390 4085 en
403 4048 499 4085 erreur
513 4048 562 4102 par
574 4029 613 4084 les
631 4029 796 4101 impostores
814 4026 848 4081 de
868 4043 918 4079 son
939 4024 1082 4079 decancier

83 4103 147 4169 adun.

118 4224 161 4280 ttt.
894 4231 934 4274 10
