2888 4934
182 462 292 540 [root]
559 457 676 519 treet
696 456 882 520 oc'rsvus.
1190 463 1253 522 ere

186 593 279 667 Iresit
291 607 338 679 te,
357 615 438 662 cum
453 605 490 662 to
504 605 627 662 nostra
638 591 785 688 coepisti
796 615 935 692 rapere.
952 590 1002 664 At
1014 590 1088 681 ille,
1101 589 1255 663 nimium

183 706 353 801 territus,
380 704 557 780 caballum
583 702 736 794 dimisit,
762 705 948 808 tribusque
969 705 1145 781 militibus
1173 731 1256 780 eum

181 821 361 927 prendere
380 820 604 913 volentibus,
625 837 775 922 quartus
800 820 920 896 dixit:
940 824 1059 898 Sinite
1082 823 1203 912 illurn,
1222 840 1257 896 et

177 940 377 1043 permittite
400 939 499 1038 loqui
522 965 683 1029 mecum,
709 943 794 1040 quia
818 942 970 1042 conjugi
994 966 1083 1015 mea
1091 939 1257 1042 filiisque

183 1059 273 1132 meis
286 1083 368 1131 mea
382 1059 521 1131 mittam
537 1057 718 1130 mandato
728 1083 795 1156 per
811 1058 928 1131 illum.
950 1057 1087 1132 Deinde
1102 1058 1257 1133 nimium

182 1173 330 1273 parenti
347 1171 559 1273 presbytero
574 1171 666 1246 dixit
684 1202 693 1244 ε
712 1172 817 1245 Audi
834 1200 907 1261 me,
929 1199 1077 1274 quase,
1096 1189 1132 1246 et
1149 1175 1259 1246 uxori

185 1314 278 1362 meoe
296 1284 391 1386 refer
402 1315 486 1390 quae
499 1289 648 1363 mondo.
662 1289 853 1387 Presbyter
866 1287 1071 1390 respondit,
1096 1289 1192 1390 Quis
1208 1293 1258 1362 sis

185 1412 333 1498 neseio,
351 1422 386 1479 et
410 1432 559 1479 neorem
577 1422 677 1479 tuam
696 1433 770 1479 non
794 1433 982 1507 cognosco.
1006 1407 1113 1481 Miles
1136 1405 1255 1481 dixit:

186 1520 276 1623 Ego
288 1546 367 1594 sum
382 1520 600 1594 Guillelmns
613 1522 660 1594 de
675 1521 795 1595 Glotis
810 1522 997 1622 (r),filius
1013 1524 1171 1596 Baronis
1187 1523 1256 1619 (2),

188 1638 258 1739 qui
256 1634 434 1736 famosus
442 1637 515 1737 fni
538 1636 725 1738 qnondam
748 1634 897 1738 dapffer
923 1638 1111 1712 Gnillelmi
1126 1638 1259 1711 Breto-

188 1754 331 1843 Hatris,
350 1770 384 1826 et
394 1757 516 1856 patris
534 1755 615 1856 ejus
636 1753 845 1845 Gnillelmi,
866 1753 1125 1857 Hersordenris
1142 1755 1259 1828 eomi-

189 1872 238 1945 tir
264 1870 333 1971 (ὅ).
361 1873 597 1974 Proejudioiir
613 1888 648 1944 et
672 1874 812 1974 rapinis
839 1875 932 1947 inter
955 1872 1124 1947 mortales
1144 1871 1260 1944 anbe-

189 1988 268 2065 tart
269 2045 284 2081 ,
301 1989 493 2089 multisque
495 1986 733 2088 facinoribus
745 1988 961 2091 plusquam
983 1986 1112 2090 referri
1120 2004 1259 2091 potest,

187 2109 356 2208 peccori.
386 2108 566 2181 Coeterum
595 2110 849 2208 superomnia
875 2134 931 2182 me
961 2109 1102 2181 cruciat
1133 2132 1257 2180 usura.

190 2224 296 2299 Nam
312 2223 492 2325 indigenti
516 2223 667 2298 cuidam
684 2227 886 2327 pecuniam
904 2250 1025 2299 meam
1045 2232 1208 2324 erogavi,
1227 2238 1262 2294 et

191 2339 380 2443 quoddam
392 2342 640 2416 molendinum
655 2343 734 2436 ejus
747 2369 817 2442 pro
832 2347 985 2444 pignore
1002 2343 1140 2444 recepi,
1160 2343 1261 2441 ipso-

190 2481 420 2557 querentem
435 2456 586 2530 reddere
597 2483 668 2529 non
681 2457 840 2547 valente,
853 2473 928 2531 tota
939 2459 1021 2530 vita
1031 2482 1114 2530 mea
1121 2457 1260 2557 pignus

192 2572 327 2661 retinui
331 2629 345 2663 ,
380 2589 414 2646 et
438 2572 601 2673 legitimo
634 2573 766 2648 herede
793 2572 1042 2662 exheredato,
1071 2569 1260 2644 heredibus

192 2693 283 2764 meis
294 2691 436 2791 reliqui.
453 2692 553 2764 Eece
569 2688 880 2790 condensferrum
893 2689 1095 2763 molendini
1105 2704 1208 2788 gesto
1222 2687 1261 2757 in

191 2833 272 2899 ore,
286 2808 389 2907 qnod
405 2813 483 2882 sine
500 2808 609 2880 dubio
634 2808 724 2881 milri
737 2809 883 2881 videtur
897 2805 1151 2905 adferendam
1168 2829 1261 2902 gra-

192 2927 273 2999 vius
283 2927 546 3026 Rotomagensi
557 2951 654 2999 aree.
670 2927 743 2999 Die
758 2952 844 3025 ergo
858 2925 1025 2998 Beotrici
1034 2930 1144 2998 uxori
1154 2948 1259 3012 mere,

191 3058 228 3115 et
244 3043 495 3142 Rogeriofilio
512 3068 591 3115 meo
598 3100 611 3133 ,
631 3060 669 3115 nt
684 3042 776 3115 milri
788 3041 1017 3130 subveniant,
1036 3056 1070 3115 et
1085 3040 1262 3114 vadimo-

192 3159 298 3230 nium
314 3156 412 3231 unde
433 3159 543 3230 multo
561 3161 649 3260 plus
666 3176 874 3259 receperant
896 3184 1009 3256 qoam
1026 3155 1131 3247 dedi,
1155 3155 1261 3227 velo—

193 3280 285 3349 eiter
297 3273 421 3347 heredi
442 3279 647 3348 restituant.
665 3274 855 3374 Presbyter
875 3272 1083 3373 respondit:
1101 3273 1134 3345 G
1139 3271 1262 3345 uillel-

194 3417 278 3464 mur
290 3391 337 3464 de
362 3392 483 3465 Giotis
492 3392 720 3494 jamdudum
739 3411 900 3466 mortuns
913 3408 983 3478 est,
1000 3407 1035 3463 et
1050 3387 1262 3489 hujusmodi

195 3506 334 3607 legatio
352 3507 620 3607 nollifidelinm
634 3508 870 3608 acceptabilis
881 3523 948 3580 est.
965 3507 1102 3579 Nescio
1115 3507 1196 3603 quis
1208 3528 1259 3590 es,

194 3646 264 3695 nec
281 3625 349 3720 qui
371 3625 427 3695 tui
448 3640 533 3696 sunt
550 3622 709 3698 heredes.
730 3624 774 3696 Si
794 3625 953 3721 Rogerio
973 3620 1021 3694 de
1042 3619 1177 3710 Glotis,
1202 3618 1264 3690 oei

181 3734 370 3834 fratribus
392 3739 492 3839 ejas,
514 3757 580 3810 ant
605 3743 717 3812 matri
735 3765 858 3813 eornm
880 3759 1143 3838 proetnrnpsero
1169 3732 1261 3806 talio

231 4043 273 4113 ιι)
284 4039 550 4110 Gneo-rentem,
566 4043 746 4116 aujourd’bui
760 4041 1025 4116 Glos-sourdeigle.

232 4130 273 4201 (2)
286 4129 361 4185 Lisez
376 4155 381 4184 :
396 4130 546 4186 Barnonis.

234 4217 274 4289 (3)
285 4218 446 4276 tiuiliaume
463 4221 669 4278 FitoOslrer·ne.
