2888 4934
182 427 269 507 [oss]
565 422 858 485 rrrsuscxrus.
1203 414 1242 481 ot

183 558 478 644 vociferantibus,
496 558 735 629 irreverenter
750 572 959 654 rapuerunt.
980 555 1034 626 lbi
1052 554 1242 640 nimirum,

184 675 386 775 rapacitatis
400 671 704 746 habenisomnino
714 673 892 761 relaxatis,
907 672 1089 744 neminem
1098 670 1245 743 reveriti

184 808 287 881 suot,
300 789 362 864 sed
376 788 488 864 libros
498 806 534 862 et
544 805 675 879 vestes,
688 790 894 890 variamque
904 788 1160 887 supellectilem
1174 804 1247 859 tam

186 907 448 984 monachorum
473 933 582 1007 quam
601 907 773 979 clientum
793 932 919 979 eorum
940 903 1188 1003 diripuerunt,
1213 920 1249 977 et

188 1040 450 1125 perscrutantes
460 1022 580 1096 omnia
593 1049 674 1122 quae
685 1022 838 1123 pridem,
849 1020 1046 1108 monachis,
1063 1035 1103 1092 ut
1113 1018 1250 1092 dictum

188 1159 258 1232 est,
275 1143 359 1241 ipsis
372 1138 628 1240 pandentibus,
643 1154 913 1239 compererant,
930 1137 1162 1210 sustulerunt.
1180 1136 1252 1208 De-

189 1260 298 1359 nique
312 1258 426 1358 juncti
444 1257 593 1357 reliquae
610 1255 852 1344 multitudini,
870 1254 914 1326 de
927 1255 1102 1326 Neustriae
1120 1252 1252 1325 finibus

189 1377 372 1461 exierunt,
387 1376 485 1448 etsie
499 1400 622 1448 omnes
634 1372 840 1473 conglobati
853 1372 897 1443 ad
910 1372 1028 1444 natale
1039 1373 1157 1444 solum
1170 1396 1253 1442 cum

191 1491 312 1592 praeda
324 1490 495 1591 repedare
502 1493 770 1566 festinaverunt.
784 1491 966 1564 Uticenses
977 1505 1097 1564 autem
1107 1491 1145 1562 in
1158 1505 1254 1561 tanta

190 1608 409 1685 desolatione
427 1610 533 1681 nimis
553 1607 722 1709 lugubres
743 1608 859 1682 effecti
879 1623 984 1698 sunt,
1006 1623 1043 1680 et
1062 1606 1150 1706 quid
1169 1630 1256 1705 age-

194 1744 295 1815 rent,
315 1726 372 1799 rel
390 1751 464 1826 quo
482 1726 576 1799 irent
591 1727 723 1798 amissis
740 1724 908 1800 omnibus
925 1725 1146 1812 nescierunt,
1166 1748 1258 1797 con-

195 1843 354 1917 sideratis
371 1859 489 1916 tamen
507 1842 713 1930 eventibus,
731 1870 813 1917 cnm
827 1843 1001 1916 translato
1016 1858 1117 1942 patre
1134 1859 1258 1915 sancto
1347 1924 1350 1929 ,

197 1960 417 2059 peregrinari
433 1958 685 2033 decreverunt.

239 2075 399 2171 Quidam
412 2101 518 2150 senex
530 2076 762 2169 venerabilis,
781 2079 929 2152 nomine
944 2079 1146 2166 Asoelinus,
1164 2078 1259 2150 Utici

198 2195 412 2293 praepositus
429 2194 484 2292 (r)
502 2211 598 2282 erat,
622 2196 850 2296 officiumque
870 2195 1051 2295 prioratus
1067 2195 1263 2269 secundum

198 2311 506 2412 opportunitatem
522 2312 695 2410 temporis
710 2311 903 2412 diligenter
919 2312 1058 2412 agebat.
1074 2314 1159 2401 llio,
1174 2310 1264 2385 dnm

200 2427 343 2503 vidisset
358 2428 552 2502 monachos
567 2446 604 2501 et
622 2455 747 2503 eorum
764 2431 931 2504 vernulas
950 2434 985 2504 in
1005 2432 1118 2505 nimio
1136 2432 1266 2505 consti-

202 2559 295 2619 utos
308 2569 488 2631 moerore,
502 2561 539 2617 et
552 2571 677 2619 omnes
689 2547 781 2619 velle
792 2548 912 2621 locum
923 2549 1058 2645 pariter
1068 2545 1266 2620 desolatum

199 2660 466 2762 derelinquere,
492 2680 702 2765 patremque
726 2663 870 2737 beatum
894 2691 1042 2765 peregre
1062 2665 1162 2766 sequi
1184 2690 1266 2736 cnm

202 2779 324 2855 bostili
340 2783 500 2879 agmine,
518 2782 631 2854 multa
656 2808 774 2856 secum
796 2784 984 2857 revolvens
1006 2782 1128 2855 subtili
1151 2779 1268 2856 medi-

204 2899 358 2984 tamine,
386 2895 544 2970 decrerit
567 2896 701 2972 ibidem
728 2927 809 2972 eum
834 2900 966 2974 timore
989 2901 1135 2974 Domini
1159 2898 1269 2972 linem

206 3039 305 3085 suum
321 3030 521 3112 expectare.
539 3014 703 3114 Denique
724 3033 872 3090 cunctos
894 3017 1021 3091 fratres
1037 3018 1215 3106 accersiit,
1233 3033 1271 3090 et

207 3129 238 3203 in
255 3152 374 3203 unum
391 3133 615 3232 congregatis
629 3134 679 3204 ait
695 3163 704 3205 :
718 3135 796 3206 Prn
809 3141 1129 3236 peccatisnostris,
1153 3152 1187 3208 et
1196 3164 1269 3239 pu·

207 3260 296 3318 trum
306 3261 520 3335 nostrorum,
533 3247 851 3350 dioinopercussio
864 3278 1051 3352 supernos
1064 3251 1268 3341 descendit,

208 3376 237 3431 et
250 3360 458 3434 terribiliter
472 3368 629 3455 irruens,
649 3391 713 3437 nos
734 3384 769 3438 et
786 3386 908 3440 nostra
920 3374 1067 3467 penitus
1083 3370 1269 3456 contrivit,

209 3478 562 3581 irreparabiliterque
581 3483 725 3583 dejecit.
752 3483 854 3556 Ecce
876 3485 1004 3557 Juder
1031 3486 1269 3583 omnipotens,

210 3595 301 3668 siem
326 3620 400 3696 per
429 3624 559 3670 manus
589 3599 927 3674 Nabuchodonosor
955 3621 989 3673 et
1017 3602 1274 3676 Chaldoeorwu

211 3710 411 3786 Jerusalem
425 3732 459 3788 et
476 3717 648 3817 templum
661 3717 866 3791 Solomonis
879 3719 1059 3792 destrurit
1066 3777 1078 3809 ,
1095 3737 1275 3794 sanctua-

214 3831 374 3928 riumque
390 3857 494 3903 suum
508 3833 612 3931 juste
627 3833 849 3919 humiliavit,
873 3841 927 3906 εἰς
946 3862 1017 3936 per
1035 3862 1165 3909 munus
1189 3839 1275 3908 Hu-

245 4116 334 4187 (rJCs
348 4127 407 4172 mot
418 4127 460 4173 est
472 4119 507 4174 ici
521 4137 672 4192 synonyme
686 4120 721 4175 de
735 4123 839 4194 prieur,
854 4141 964 4179 comme
977 4122 1112 4196 l’indique
1125 4123 1149 4177 la
1161 4125 1232 4178 suite
1243 4123 1279 4177 de

218 4200 362 4277 upum.

290 4319 348 4368 lll·
1111 4331 1129 4405 7
