2888 4934
192 447 252 507 tta
471 442 656 504 HISTORIA
679 439 984 502 tcctsssltsrtct.

190 577 313 651 locum
335 575 501 676 quaesivit
526 572 694 645 idoneum
720 568 786 642 sibi
810 571 952 672 suisque
974 568 1176 666 sodalibus,
1198 571 1256 672 qui

190 692 302 765 sancti
332 690 566 764 decreverant
594 687 756 788 regulam
785 686 992 777 Benedicti,
1024 688 1118 761 sicut
1146 687 1255 761 Judaei

190 810 307 908 legem
334 809 472 906 Moysi,
503 807 546 880 ad
575 808 733 878 litteram
761 829 903 878 servare
927 807 1081 906 penitus.
1100 805 1258 879 Tandem

190 926 288 1016 Odo,
314 927 408 999 lilius
425 925 597 1012 Henrici,
616 921 836 1022 Burgundiae
854 922 949 1013 dux,
972 924 1044 997 illis
1060 948 1258 1023 compassus

189 1060 261 1134 est,
280 1061 316 1118 et
333 1044 509 1143 praedium
527 1043 564 1115 in
581 1044 662 1116 loco
677 1043 738 1142 qui
755 1042 942 1115 Cistertius
956 1042 1105 1131 dicitur,
1127 1043 1164 1115 iu
1181 1042 1257 1142 epi-

190 1177 337 1259 scopatu
358 1159 587 1233 Cabilonensi
610 1160 685 1257 (r),
712 1156 861 1257 largitus
886 1176 952 1231 est.
974 1157 1029 1231 lbi
1055 1157 1257 1232 Rodbertue

190 1277 299 1351 abbas
327 1303 409 1351 cum
435 1277 557 1351 electis
584 1274 757 1348 fratribus
788 1275 996 1376 aliquandiu
1023 1274 1201 1349 habitavit
1223 1276 1258 1349 in

190 1421 312 1469 eremo
321 1451 331 1485 ,
361 1396 483 1468 nimiae
517 1393 751 1467 districtionis
773 1409 809 1466 et
836 1394 1022 1493 religionis
1048 1392 1259 1467 coenobium

190 1530 398 1587 construere
415 1515 530 1612 coepit
546 1514 619 1611 (2),
640 1514 786 1612 Deoque
808 1511 966 1585 donante
988 1513 1026 1585 in
1052 1511 1155 1584 brevi
1179 1512 1257 1610 ple-

188 1655 321 1732 rosque
339 1631 536 1704 sanctitatis
551 1630 779 1702 {emulatores
796 1627 935 1702 babuit.
955 1629 1121 1728 Cumque
1139 1627 1258 1702 Molis·

188 1773 326 1821 menses
336 1747 531 1822 coenobitae
542 1744 763 1846 peraliquod
775 1763 914 1845 tempus
924 1763 1068 1845 pastore
1080 1738 1256 1835 calerent,

187 1866 339 1966 viroque
355 1866 421 1938 Dei
437 1865 633 1938 virtutibus
648 1867 784 1938 lamoso
808 1864 1032 1954 discedente,
1058 1862 1257 1962 despicabi-

188 1983 296 2057 liores
316 2009 400 2084 erga
429 1985 563 2057 vicinos
581 1999 617 2056 et
636 2000 742 2056 notos
761 1980 905 2072 fierent,
924 1981 1116 2056 Urbanum
1130 1982 1257 2081 Papam

186 2101 363 2199 supplices
376 2099 556 2190 adierunt,
573 2101 676 2199 eique
689 2124 836 2197 prorsus
849 2099 1001 2172 enodata
1015 2100 1107 2171 serie
1121 2123 1256 2186 rerum,

186 2242 273 2316 quas
287 2244 394 2315 supra
412 2218 540 2306 retuli,
560 2216 751 2290 consilium
767 2233 803 2289 et
818 2217 993 2289 auxilinm
1010 2215 1058 2288 ab
1076 2241 1122 2291 eo
1138 2232 1256 2315 postu-

185 2333 366 2406 laverunt.
387 2333 452 2406 llle
468 2359 557 2408 vero
575 2350 726 2431 paterno
743 2333 873 2408 affectu
887 2336 1049 2435 utrisque
1063 2334 1255 2408 consuluit.

186 2448 320 2523 Abbati
357 2451 454 2523 enim
487 2452 679 2549 apostolica
706 2453 809 2551 jussit
841 2453 1053 2524 auctoritate
1089 2468 1131 2524 ut
1162 2453 1257 2549 prius

185 2570 445 2641 monasterium
463 2584 667 2667 repeteret,
686 2584 742 2656 et,
765 2594 810 2641 ne
830 2567 1025 2658 laberetur,
1041 2570 1257 2668 regulariter

185 2702 345 2785 regeret,
362 2687 455 2759 acin
472 2688 561 2774 aliu,
577 2685 675 2788 quod
690 2685 918 2785 postmodum
934 2704 1116 2786 coeperat,
1137 2713 1256 2788 quem·

184 2803 274 2877 libet
285 2804 329 2877 de
340 2806 411 2877 suis
425 2804 594 2878 idoneum
606 2803 851 2876 substitueret.
866 2803 1003 2877 Deinde
1017 2803 1123 2876 firma
1136 2805 1256 2877 statuit

184 2924 369 2996 sanctione
389 2940 430 2995 ut
455 2925 489 2995 in
512 2924 639 3020 primis
662 2922 813 3021 quisque
844 2948 951 3021 quam
979 2922 1088 2994 vellet
1111 2923 1254 2994 institu-

184 3039 321 3111 tionem
339 3041 423 3112 ritae
446 3040 643 3137 arriperet,
670 3040 853 3138 ipsamque
872 3039 972 3112 omni
989 3040 1061 3112 vita
1080 3066 1142 3111 sua
1164 3039 1254 3111 irre·

182 3155 404 3256 fragabiliter
421 3174 574 3230 teneret.

233 3276 290 3349 Sic
309 3275 484 3347 nimirum
507 3276 618 3348 solers
630 3275 724 3372 Papa
744 3274 833 3346 utile
855 3299 962 3371 super
981 3272 1050 3346 hoc
1069 3272 1252 3348 decretum

182 3393 445 3491 promulgavit,
469 3393 618 3466 dicens:
651 3392 887 3492 Summopere
909 3391 1112 3464 cauendum
1133 3410 1186 3465 est
1212 3416 1252 3463 ne

182 3507 369 3582 borridum
383 3510 542 3581 schisma
561 3512 597 3580 iu
615 3511 724 3582 domo
744 3511 817 3580 Dei
828 3514 1023 3597 nutriatur,
1040 3508 1250 3582 multorum-

183 3650 250 3722 que
288 3626 342 3697 od
375 3628 627 3698 detrimentum
654 3632 832 3700 scaturiat
858 3643 965 3726 utque
987 3645 1189 3723 grassetur,
1220 3641 1250 3699 et

183 3767 367 3814 rursusne
386 3743 517 3815 bouum
540 3744 770 3843 culpabiliter
778 3741 1016 3845 prcesocetur,
1039 3746 1144 3843 quod
1160 3744 1249 3817 divi·

216 3963 254 4032 (ι)
267 3963 399 4027 (Υιῑοειιη,
412 3967 475 4036 pres
490 3967 586 4034 bulte,
602 3967 670 4021 dans
682 3966 708 4021 le
720 3966 829 4021 diocese
840 3966 876 4021 de
889 3967 1005 4022 chalon.

217 4053 255 4123 (a)
270 4053 306 4106 La
320 4053 447 4108 nouvelle
460 4060 656 4112 communaute
669 4058 712 4112 sut
726 4058 885 4130 organisee,
900 4068 928 4112 et
941 4057 981 4112 los
994 4077 1142 4114 nouveaux
1155 4067 1248 4114 statuta

181 4140 303 4286 adoptp'pe
311 4141 337 4196 le
355 4141 503 4200 dimanche
520 4146 568 4202 dea
581 4147 737 4218 Rameaux,
752 4165 783 4202 ar
799 4147 968 4223 roars1098,
980 4148 1049 4219 jour
1059 4148 1096 4204 de
1108 4149 1136 4205 la
1150 4150 1204 4205 lete
1216 4146 1248 4201 de

182 4240 254 4285 saint
304 4230 375 4287 uolt.
