2888 4934
183 404 243 464 380
464 400 649 462 HISTORIA
672 400 979 462 tchEstssttcA.
1148 406 1255 483 [1091]

180 538 247 611 bus
265 539 316 634 (ι)
335 552 480 609 strenue
496 534 623 636 gessit,
648 532 885 634 Ecclesiaeque
900 534 966 607 Dei
990 532 1116 607 solerti
1137 535 1255 610 studio

183 657 278 728 inter
295 678 466 753 prospera
482 668 518 725 et
539 650 685 724 adversa
711 649 876 750 prodesse
894 650 1035 752 sategit.
1053 650 1125 725 Sed
1146 650 1256 726 duros

181 771 289 846 nimis
313 787 350 845 et
376 786 564 870 protervos
591 767 718 841 habuit
742 767 1007 869 parochianos:
1029 767 1256 845 Rodbertum

182 890 319 964 scilicet
333 889 616 976 Belesmensem,
642 902 680 961 et
698 890 896 962 Rotronem
919 888 1253 980 Mauritaniensem,

183 1031 382 1107 eorumque
402 1004 615 1104 complices,
636 1004 697 1104 qui
720 986 916 1078 crudeliter
933 1005 1028 1078 inter
1050 1029 1089 1079 se
1109 1002 1256 1079 disside-

184 1122 294 1213 bant,
326 1138 362 1196 et
387 1146 512 1221 pacem
542 1120 711 1195 Ecclesiae
734 1120 799 1193 Dei
821 1122 1030 1221 frequenter
1052 1120 1254 1212 violabant,

185 1265 338 1341 ovesque
353 1240 535 1315 Dominici
552 1238 691 1340 gregis,
714 1264 801 1338 quas
817 1236 979 1312 Christus
999 1240 1176 1339 sanguine
1193 1264 1257 1314 suo

187 1356 361 1447 redemit,
388 1355 528 1429 bellicis
552 1352 766 1428 tumultibus
792 1352 1065 1456 dispergebant,
1083 1372 1120 1431 et
1137 1356 1259 1430 multi·

186 1470 527 1547 modissactionibus
536 1471 795 1570 opprimentes,
807 1468 1042 1544 dilaniabant.
1051 1470 1259 1545 Contineos

188 1588 349 1690 gladium
368 1586 470 1661 verbi
487 1589 553 1661 Dei
570 1586 738 1662 audacter
754 1588 911 1680 exeruit,
930 1586 1127 1663 obduratos
1145 1588 1184 1662 in
1201 1612 1260 1663 ne·

188 1706 301 1807 quitia
317 1706 528 1779 multotiens
541 1706 867 1780 excommunicavit
874 1735 885 1795 3
908 1704 969 1779 sed
991 1706 1030 1779 in
1052 1730 1140 1804 pace
1157 1704 1258 1779 firma

188 1821 341 1897 rebelles
357 1821 549 1920 discipulos
575 1820 719 1894 erudire
742 1821 800 1907 vel
826 1846 988 1912 servare,
1007 1822 1068 1894 vix
1091 1838 1156 1894 aut
1171 1847 1260 1895 nun·

189 1964 299 2040 quam
326 1939 459 2067 potuit.
491 1937 657 2013 Unde
621 1939 794 2012 nimirum
825 1937 985 2038 quandiu
1011 1938 1259 2038 pontificatum

185 2056 328 2145 tenuit,
346 2034 488 2156 seniper
502 2057 538 2129 in
552 2055 712 2129 tumultu
725 2072 762 2129 et
779 2054 1051 2190 perturbatione
1068 2054 1257 2143 laboravit,

190 2190 228 2248 et
244 2174 458 2277 plerumque
474 2175 566 2249 suria
583 2173 810 2249 liodberti
776 2175 929 2247 nimium
941 2175 1123 2263 saeviente,
1140 2174 1177 2247 in
1192 2172 1260 2245 Au·

192 2291 263 2392 glia
279 2292 336 2365 vel
353 2292 454 2366 ltalia
468 2292 644 2381 exulavit,
660 2293 848 2393 multoque
861 2307 958 2364 metu
972 2291 1097 2365 alixius
1110 2290 1258 2392 gemuit.

241 2408 418 2483 Uticensis
434 2426 555 2482 autem
568 2407 710 2482 abbatia
719 2463 731 2500 ,
751 2424 942 2509 postquam
958 2409 1128 2508 praesatus
1143 2422 1261 2481 rector

194 2550 278 2598 suus
286 2526 528 2625 episcopatum
543 2527 710 2625 suscepit,
721 2522 766 2598 de
776 2542 918 2624 pastore
930 2525 1098 2615 sollicita,
1113 2520 1261 2623 praedic·
1281 2562 1285 2569 ·

196 2657 274 2714 tum
285 2657 464 2740 pastorem
477 2668 581 2714 suum
595 2648 664 2715 xn⁰
678 2639 845 2714 kalendas
857 2641 996 2741 augusti
1013 2642 1067 2739 (2)
1080 2639 1259 2725 accersiit,

194 2759 359 2860 factoque
377 2758 545 2832 triduano
558 2759 716 2858 jejunio,
728 2756 772 2831 de
786 2756 952 2859 eligendo
966 2755 1094 2831 abbate
1112 2770 1261 2829 tractare

196 2879 324 2977 coepit.
341 2876 535 2950 Affuerunt
548 2878 655 2950 etiam
674 2893 745 2949 tres
762 2875 906 2949 abbates
920 2906 929 2947 :
943 2875 1056 2948 Fulco
1078 2873 1259 2959 Divensis,

198 2992 371 3065 Arnulsus
387 2992 616 3065 Troarcensis
625 3048 636 3082 ,
655 3009 691 3065 et
702 2991 873 3064 Radullus
889 2991 1064 3091 sagiensis
1077 2991 1147 3089 (3).
1161 2990 1261 3062 Lecta

198 3124 317 3181 autem
344 3108 499 3182 lectione
516 3107 561 3181 dc
579 3107 780 3182 ordinando
802 3106 931 3181 abbate
948 3105 1146 3182 secundum
1163 3131 1262 3206 regu·

200 3227 272 3298 lam
296 3227 408 3300 sancti
427 3225 630 3315 Benedicti,
658 3226 846 3326 elegerunt
870 3224 1047 3296 domnum
1073 3222 1264 3323 Rogcrium

201 3342 246 3417 de
261 3345 381 3444 Sappo
398 3345 474 3442 (l),
494 3343 711 3417 monachum
728 3341 884 3444 ejusdem
902 3340 1083 3430 coenobii,
1100 3340 1164 3441 qui
1181 3340 1264 3412 sim·

238 3603 277 3671 (r)
290 3618 323 3655 aa
333 3600 397 3673 juin
414 3618 531 3675 1091-27
543 3601 657 3655 octobre
673 3598 749 3654 1118.

240 3694 279 3850 llil
293 3690 520 3855 bbsilbbblssibbe
533 3779 569 3833 de
580 3778 766 3835 notre-name
778 3777 813 3832 de
826 3778 918 3832 Saint-
919 3778 1027 3832 Piene·
1031 3794 1093 3830 sur-
1080 3775 1164 3830 -Divc
1175 3770 1253 3847 (1078

210 3869 363 4026 ¹⁰lli-boul,
376 3960 445 4016 abbe
458 3960 494 4015 de
507 3962 617 4016 Troarn
630 3957 821 4031 (1088-1112).

242 4051 330 4105 llaoul
342 4050 499 4116 d'Escures,
514 4051 583 4106 abbe'
594 4050 629 4103 de
643 4050 708 4104 Se‘ez
720 4050 849 4122 (1089·11
860 4050 913 4118 ιο).

244 4142 281 4212 (l)
295 4160 325 4195 ar
338 4140 431 4212 juillet
447 4145 562 4213 πίνῳ-24
576 4142 629 4193 mai
648 4137 723 4193 1125.
