2888 4934
550 429 668 492 LIBER
691 428 878 491 OCTAVUS.
1194 427 1254 490 405

183 580 374 667 potestate,
391 588 498 663 super
509 577 748 635 antecessores
762 587 842 633 suos
856 560 1029 633 exaltatus
1041 577 1110 652 est,
1127 558 1260 635 studio-

184 711 255 786 que
273 686 347 783 ejus
363 683 539 782 religiosis
556 697 592 753 et
609 679 758 752 eruditis
776 680 938 779 personis
953 680 1052 780 regio
1066 680 1258 753 Scotorum

182 801 350 877 decorata
376 818 441 874 est.
470 801 550 890 En,
579 826 680 873 causa
706 799 917 888 Scotorum,
944 799 1005 898 qui
1030 797 1075 872 ab
1101 799 1260 898 antiquis

186 917 410 1018 temporibus
427 916 657 990 adhaeserunt
680 914 855 990 catholice
876 914 977 1005 fidei,
999 931 1035 988 et
1054 914 1259 988 christianae

185 1052 371 1139 gratanter
386 1036 591 1108 servierunt
613 1035 835 1133 simplicitati
855 1034 929 1133 (t),
955 1035 1153 1133 incoeptam
1172 1058 1260 1132 epa-

185 1156 360 1254 nalepsim
387 1156 443 1253 (a)
470 1153 738 1254 aliquantulum
767 1152 959 1250 protelavi.
991 1152 1058 1224 Sed
1089 1177 1187 1225 nunc
1216 1151 1260 1224 atl

184 1275 412 1374 propositum
430 1274 529 1346 nitor
547 1298 636 1371 opus
651 1271 695 1344 de
713 1273 848 1344 nostris
864 1269 1021 1372 regredi.

233 1390 377 1463 XXlll.
397 1389 544 1489 [1095.]
561 1390 729 1489 Plerique
743 1389 1059 1474 Nonnannorum,
1074 1389 1154 1491 qui,
1170 1387 1262 1461 divi·

185 1509 244 1580 tiis
254 1507 379 1580 labore
389 1508 544 1580 aliorum
556 1506 714 1608 quaesitis
728 1508 764 1579 in
776 1504 907 1606 Anglia
919 1504 1036 1597 ditati,
1049 1507 1156 1578 nimis
1169 1507 1262 1578 intu-

184 1641 375 1714 muerunt,
392 1623 608 1697 ardentioris
631 1621 835 1723 cupiditatis
860 1639 896 1696 et
917 1623 1095 1722 superbiae
1106 1625 1260 1725 ‚molesta

186 1741 435 1844 inquietudine
472 1741 666 1815 admodum
702 1742 873 1814 stimulati
911 1759 1007 1815 sunt.
1046 1740 1262 1816 luridebant

185 1861 320 1961 quippe
344 1877 380 1933 et
396 1859 569 1933 dolebant
583 1858 680 1960 quod
698 1859 915 1933 Guillelmus
931 1860 1043 1932 liuius
1065 1859 1208 1933 audacia
1225 1876 1262 1932 et

183 1976 1261 2077 probitatepraecipuevigeret‚nullumquetimens,subjectis

184 2093 356 2168 omnibus
368 2093 484 2194 rigide
499 2096 708 2193 imperaret.
722 2091 1042 2193 Arrogantesergo
1052 2094 1260 2195 conglobati

183 2227 290 2301 sunt,
309 2227 344 2284 et
363 2212 399 2284 in
418 2235 541 2311 regem
559 2212 732 2284 nefariam
754 2211 1060 2309 conspirationem
1078 2212 1259 2300 lecerunt,

184 2528 293 2585 Siward
316 2529 387 2583 Baro
412 2531 504 2583 aurait
525 2532 569 2585 ete
587 2530 612 2585 le
634 2532 706 2586 frere
726 2530 761 2587 de
778 2530 917 2596 celui-ci,
937 2541 965 2586 et
988 2531 1023 2585 de
1044 2541 1117 2587 cette
1140 2532 1263 2588 maniere

185 2619 393 2693 s'mpliquerait
409 2638 436 2674 sa
454 2622 558 2693 pruche
574 2625 689 2694 parente'
706 2639 770 2675 arec
786 2621 811 2675 la
827 2620 932 2675 famille
950 2620 1042 2693 royale
1057 2609 1194 2676 d'Ecosse.
1213 2621 1262 2678 See

183 2723 274 2768 terres
291 2713 308 2765 a
327 2711 463 2766 Leclrlatle
484 2711 737 2783 (Glocesterslrirc)
755 2721 783 2765 et
801 2714 816 2765 a
836 2711 942 2783 Harey,
960 2710 1028 2766 dans
1042 2711 1098 2767 l'ile
1111 2710 1261 2767 d'llitholrn

183 2799 430 2872 (Lincolnshire)‚
451 2801 578 2856 laisaient
597 2802 685 2874 partie
702 2800 741 2854 du
760 2801 904 2855 territoire
922 2799 957 2855 de
974 2800 1128 2856 l’ancienne
1146 2802 1261 2857 Marcie.

183 2891 293 2965 Halgre
309 2903 372 2946 tous
390 2890 429 2946 les
447 2893 543 2946 motils
559 2893 606 2965 qui
623 2908 694 2946 nous
709 2901 821 2964 portent
836 2893 851 2943 'a
865 2890 935 2945 l'aire
947 2891 1100 2947 descendi-e
1114 2878 1260 2960 Edouard,

184 2981 229 3037 fils
240 2980 275 3036 de
287 2981 410 3048 Siward,
425 2981 460 3037 de
475 3001 506 3036 ce
521 3000 708 3054 personnage,
722 2999 792 3035 nous
805 2980 908 3036 devons
921 2982 1076 3055 rependant
1088 2983 1196 3054 ajouter
1206 3000 1262 3057 que

181 3070 240 3126 l’on
254 3050 312 3126 voil
326 3072 432 3146 ligurer
446 3075 534 3145 parmi
552 3073 591 3127 les
606 3074 807 3147 souscripteurs
824 3072 908 3128 d’une
924 3074 1020 3129 charte
1033 3074 1069 3129 de
1083 3072 1260 3142 Guillaume,

182 3161 289 3237 &vique
304 3163 339 3217 de
356 3164 499 3233 Durham‚
521 3167 730 3239 contemporain
744 3165 779 3220 de
791 3164 1107 3234 Guillaume-le·Roux,
1126 3184 1163 3220 un
1183 3175 1263 3220 autre

183 3251 309 3318 siward,
320 3264 435 3327 portant
444 3254 468 3308 le
480 3272 594 3309 surnom
602 3255 638 3310 de
649 3256 721 3310 Bran
734 3258 869 3330 :Signum
882 3256 1010 3313 siwardi
1017 3257 1107 3312 Bran.
1116 3255 1261 3312 pentane

183 3359 221 3396 au
242 3352 316 3397 reste
337 3343 440 3398 erait-il
464 3343 505 3397 fils
527 3344 673 3401 lui-mima
694 3345 729 3400 de
751 3346 860 3403 Siward
881 3346 969 3415 Barn,
991 3356 1020 3401 et
1041 3347 1107 3420 pere
1129 3362 1167 3399 ou
1188 3345 1261 3400 frere

183 3420 388 3488 d’Edouard.-
400 3437 525 3508 Morqfia
533 3447 575 3490 est
585 3435 610 3492 le
617 3440 707 3493 comte'
717 3437 752 3493 de
760 3439 856 3510 lloray
864 3455 902 3491 ou
910 3438 1034 3509 Murray,
1048 3436 1191 3508 beaucoup
1200 3433 1264 3508 plus

183 3522 377 3579 considerable
388 3525 521 3579 autrefois
531 3525 772 3598 qu’aujourd’hui‚
785 3526 916 3600 puisqu’il
926 3526 1100 3598 comprenait
1110 3524 1149 3579 les
1158 3526 1263 3579 comtes

183 3612 289 3667 aotuels
306 3613 341 3668 de
357 3614 460 3682 Nairn,
479 3615 514 3672 de
527 3616 624 3689 Moray
639 3635 755 3690 propre,
770 3636 808 3672 ou
822 3616 919 3690 fflgin,
934 3626 1033 3672 etune
1050 3611 1155 3687 grande
1172 3612 1263 3686 partie

183 3702 221 3758 de
234 3703 308 3759 celui
320 3704 356 3760 de
369 3705 456 3761 Banll.
470 3706 572 3762 C‘etait
585 3710 657 3762 aussi
673 3727 711 3763 uu
725 3707 838 3763 es'icbe.

221 3792 360 3858 (1)N0tre
370 3806 474 3849 auteur
486 3795 538 3850 fait
547 3796 582 3850 ici
592 3796 709 3850 allusion
721 3800 737 3850 a
749 3796 774 3850 la
788 3796 948 3869 preteution
958 3793 993 3850 de
1001 3781 1113 3867 t’Eglise
1122 3778 1260 3858 uicorsa,

183 3878 289 3936 d’aroir
306 3901 373 3956 requ
390 3883 415 3937 la
434 3885 471 3938 ἰοί
489 3885 653 3941 chretienne
666 3884 715 3940 des
730 3885 756 3940 le
769 3885 914 3959 pontificat
928 3883 964 3938 de
981 3884 1054 3938 saint
1068 3881 1179 3950 Victor,
1194 3897 1260 3954 pre-

183 3970 257 4025 mier
269 3970 308 4025 du
323 3991 388 4027 nom
402 3971 518 4047 (193-28
527 3974 621 4046 juillet
633 3978 709 4047 noa).

221 4061 261 4135 (a)
280 4064 320 4118 Ce
338 4075 410 4133 mot,
426 4066 475 4138 qui
489 4066 597 4139 signifie
611 4069 775 4139 repetition,
792 4077 834 4122 est
849 4068 907 4141 pris
919 4067 954 4122 ici
970 4065 1038 4123 dans
1051 4064 1154 4121 lesem
1166 4062 1201 4119 de
1214 4062 1260 4118 di·

187 4167 323 4221 gression.
