<?xml version="1.0" encoding="UTF-8"?>
<!DOCTYPE html PUBLIC "-//W3C//DTD XHTML 1.0 Transitional//EN"
    "http://www.w3.org/TR/xhtml1/DTD/xhtml1-transitional.dtd">
<html xmlns="http://www.w3.org/1999/xhtml" xml:lang="en" lang="en">
 <head>
  <title>
</title>
<meta http-equiv="Content-Type" content="text/html;charset=utf-8" />
  <meta name='ocr-system' content='tesseract 3.04.00' />
  <meta name='ocr-capabilities' content='ocr_page ocr_carea ocr_par ocr_line ocrx_word'/>
</head>
<body>
  <div class='ocr_page' id='page_1' title='image "./ordericivitalis05deligoog_0557.png"; bbox 0 0 2888 4934; ppageno 0'>
   <div class='ocr_carea' id='block_1_1' title="bbox 282 353 1359 437">
    <p class='ocr_par' dir='ltr' id='par_1_1' title="bbox 282 353 1359 437">
     <span class='ocr_line' id='line_1_1' title="bbox 282 353 1359 437; baseline -0.005 -14"><span class='ocrx_word' id='word_1_1' title='bbox 282 362 343 424; x_wconf 81' lang='grc'><strong>546</strong></span> <span class='ocrx_word' id='word_1_2' title='bbox 561 356 746 418; x_wconf 73' lang='lat' dir='ltr'>HISTORIA</span> <span class='ocrx_word' id='word_1_3' title='bbox 768 353 1075 416; x_wconf 75' lang='lat' dir='ltr'><strong>Etcttstastlcn.</strong></span> <span class='ocrx_word' id='word_1_4' title='bbox 1149 359 1359 437; x_wconf 76' lang='lat' dir='ltr'><strong>[sun101098]</strong></span> 
     </span>
    </p>
   </div>
   <div class='ocr_carea' id='block_1_2' title="bbox 192 488 1362 3055">
    <p class='ocr_par' dir='ltr' id='par_1_2' title="bbox 195 488 1362 2236">
     <span class='ocr_line' id='line_1_2' title="bbox 285 488 1360 591; baseline -0.003 -23"><span class='ocrx_word' id='word_1_5' title='bbox 285 495 363 568; x_wconf 85' lang='lat' dir='ltr'><strong>buli</strong></span> <span class='ocrx_word' id='word_1_6' title='bbox 375 493 490 567; x_wconf 89' lang='lat' dir='ltr'><strong>vocati</strong></span> <span class='ocrx_word' id='word_1_7' title='bbox 505 507 589 564; x_wconf 90' lang='lat' dir='ltr'><strong>sunt</strong></span> <span class='ocrx_word' id='word_1_8' title='bbox 606 492 675 590; x_wconf 89' lang='lat' dir='ltr'><strong>(t).</strong></span> <span class='ocrx_word' id='word_1_9' title='bbox 695 491 788 562; x_wconf 79' lang='lat' dir='ltr'><strong>&#39;lota</strong></span> <span class='ocrx_word' id='word_1_10' title='bbox 806 506 917 564; x_wconf 88' lang='lat' dir='ltr'><strong>nocte</strong></span> <span class='ocrx_word' id='word_1_11' title='bbox 937 514 1004 588; x_wconf 89' lang='lat' dir='ltr'><strong>per</strong></span> <span class='ocrx_word' id='word_1_12' title='bbox 1018 488 1174 590; x_wconf 84' lang='lat' dir='ltr'><strong>abrupta</strong></span> <span class='ocrx_word' id='word_1_13' title='bbox 1188 491 1360 591; x_wconf 74' lang='lat' dir='ltr'><strong>praecipi·</strong></span> 
     </span>
     <span class='ocr_line' id='line_1_3' title="bbox 285 607 1360 696; baseline -0.003 -10"><span class='ocrx_word' id='word_1_14' title='bbox 285 615 420 686; x_wconf 89' lang='lat' dir='ltr'><strong>tiorum</strong></span> <span class='ocrx_word' id='word_1_15' title='bbox 448 610 744 696; x_wconf 86' lang='lat' dir='ltr'><strong>ambulaverunt,</strong></span> <span class='ocrx_word' id='word_1_16' title='bbox 773 623 918 682; x_wconf 91' lang='lat' dir='ltr'><strong>etcum</strong></span> <span class='ocrx_word' id='word_1_17' title='bbox 940 607 1065 682; x_wconf 89' lang='lat' dir='ltr'><strong>multis</strong></span> <span class='ocrx_word' id='word_1_18' title='bbox 1091 609 1291 683; x_wconf 82' lang='lat' dir='ltr'><strong>comitibus</strong></span> <span class='ocrx_word' id='word_1_19' title='bbox 1319 610 1360 683; x_wconf 89' lang='lat' dir='ltr'><strong>ad</strong></span> 
     </span>
     <span class='ocr_line' id='line_1_4' title="bbox 282 724 1361 827; baseline -0.005 -22"><span class='ocrx_word' id='word_1_20' title='bbox 282 733 436 805; x_wconf 89' lang='lat' dir='ltr'><strong>Portum</strong></span> <span class='ocrx_word' id='word_1_21' title='bbox 457 728 577 801; x_wconf 82' lang='lat' dir='ltr'><strong>Sancti</strong></span> <span class='ocrx_word' id='word_1_22' title='bbox 600 727 778 800; x_wconf 84' lang='lat' dir='ltr'>Simeonis</span> <span class='ocrx_word' id='word_1_23' title='bbox 798 724 954 824; x_wconf 80' lang='lat' dir='ltr'>pedites,</span> <span class='ocrx_word' id='word_1_24' title='bbox 974 724 1143 800; x_wconf 84' lang='lat' dir='ltr'><strong>manibus</strong></span> <span class='ocrx_word' id='word_1_25' title='bbox 1159 725 1361 827; x_wconf 82' lang='lat' dir='ltr'><strong>etpedibus</strong></span> 
     </span>
     <span class='ocr_line' id='line_1_5' title="bbox 195 840 1359 942; baseline -0.004 -21"><span class='ocrx_word' id='word_1_26' title='bbox 195 858 198 867; x_wconf 84' lang='lat'><em>&#39;</em></span> <span class='ocrx_word' id='word_1_27' title='bbox 282 844 489 934; x_wconf 79' lang='lat' dir='ltr'><strong>excoriatis,</strong></span> <span class='ocrx_word' id='word_1_28' title='bbox 508 842 745 917; x_wconf 89' lang='lat' dir='ltr'><strong>devenerunt.</strong></span> <span class='ocrx_word' id='word_1_29' title='bbox 765 841 819 913; x_wconf 93' lang='lat' dir='ltr'><strong>lbi</strong></span> <span class='ocrx_word' id='word_1_30' title='bbox 837 840 969 913; x_wconf 87' lang='lat' dir='ltr'><strong>multas</strong></span> <span class='ocrx_word' id='word_1_31' title='bbox 989 867 1099 915; x_wconf 87' lang='lat' dir='ltr'><strong>naves</strong></span> <span class='ocrx_word' id='word_1_32' title='bbox 1122 860 1359 942; x_wconf 77' lang='lat' dir='ltr'><strong>repererunt,</strong></span> 
     </span>
     <span class='ocr_line' id='line_1_6' title="bbox 282 957 1360 1062; baseline -0.005 -23"><span class='ocrx_word' id='word_1_33' title='bbox 282 980 319 1039; x_wconf 91' lang='lat' dir='ltr'><strong>et</strong></span> <span class='ocrx_word' id='word_1_34' title='bbox 335 981 473 1052; x_wconf 87' lang='lat' dir='ltr'><strong>nautas,</strong></span> <span class='ocrx_word' id='word_1_35' title='bbox 491 963 527 1034; x_wconf 93' lang='lat' dir='ltr'><strong>in</strong></span> <span class='ocrx_word' id='word_1_36' title='bbox 544 977 654 1062; x_wconf 92' lang='lat' dir='ltr'><strong>portu</strong></span> <span class='ocrx_word' id='word_1_37' title='bbox 669 960 891 1047; x_wconf 76' lang='lat' dir='ltr'><strong>vacillantes,</strong></span> <span class='ocrx_word' id='word_1_38' title='bbox 905 957 1112 1032; x_wconf 83' lang='lat' dir='ltr'><strong>crudelibus</strong></span> <span class='ocrx_word' id='word_1_39' title='bbox 1126 962 1270 1035; x_wconf 87' lang='lat' dir='ltr'><strong>nuntiis</strong></span> <span class='ocrx_word' id='word_1_40' title='bbox 1287 977 1360 1036; x_wconf 88' lang='lat' dir='ltr'><strong>ter-</strong></span> 
     </span>
     <span class='ocr_line' id='line_1_7' title="bbox 284 1073 1360 1178; baseline -0.004 -24"><span class='ocrx_word' id='word_1_41' title='bbox 284 1096 457 1169; x_wconf 89' lang='lat' dir='ltr'><strong>ruerunt,</strong></span> <span class='ocrx_word' id='word_1_42' title='bbox 473 1078 632 1152; x_wconf 88' lang='lat' dir='ltr'><strong>dieentes</strong></span> <span class='ocrx_word' id='word_1_43' title='bbox 645 1075 774 1176; x_wconf 89' lang='lat' dir='ltr'><strong>quoda</strong></span> <span class='ocrx_word' id='word_1_44' title='bbox 788 1077 916 1148; x_wconf 83' lang='lat' dir='ltr'><strong>Turris</strong></span> <span class='ocrx_word' id='word_1_45' title='bbox 931 1073 1123 1151; x_wconf 80' lang='lat' dir='ltr'><strong>Antiochia</strong></span> <span class='ocrx_word' id='word_1_46' title='bbox 1139 1094 1246 1178; x_wconf 81' lang='lat' dir='ltr'><strong>capta</strong></span> <span class='ocrx_word' id='word_1_47' title='bbox 1261 1096 1360 1165; x_wconf 85' lang='lat' dir='ltr'><strong>esset,</strong></span> 
     </span>
     <span class='ocr_line' id='line_1_8' title="bbox 284 1193 1362 1295; baseline -0.004 -23"><span class='ocrx_word' id='word_1_48' title='bbox 284 1215 320 1273; x_wconf 91' lang='lat' dir='ltr'><strong>et</strong></span> <span class='ocrx_word' id='word_1_49' title='bbox 337 1197 474 1271; x_wconf 89' lang='lat' dir='ltr'><strong>ibidem</strong></span> <span class='ocrx_word' id='word_1_50' title='bbox 491 1194 684 1269; x_wconf 87' lang='lat' dir='ltr'><strong>Christiani</strong></span> <span class='ocrx_word' id='word_1_51' title='bbox 700 1223 720 1267; x_wconf 90' lang='lat' dir='ltr'><strong>a</strong></span> <span class='ocrx_word' id='word_1_52' title='bbox 735 1195 883 1295; x_wconf 77' lang='lat' dir='ltr'><strong>paganis</strong></span> <span class='ocrx_word' id='word_1_53' title='bbox 898 1193 1005 1269; x_wconf 88' lang='lat' dir='ltr'><strong>deleti</strong></span> <span class='ocrx_word' id='word_1_54' title='bbox 1023 1212 1155 1269; x_wconf 85' lang='lat' dir='ltr'><strong>essent.</strong></span> <span class='ocrx_word' id='word_1_55' title='bbox 1174 1196 1243 1269; x_wconf 86' lang='lat' dir='ltr'><strong>llis</strong></span> <span class='ocrx_word' id='word_1_56' title='bbox 1261 1196 1362 1270; x_wconf 89' lang='lat' dir='ltr'><strong>audi-</strong></span> 
     </span>
     <span class='ocr_line' id='line_1_9' title="bbox 285 1310 1361 1413; baseline -0.003 -22"><span class='ocrx_word' id='word_1_57' title='bbox 285 1318 348 1405; x_wconf 90' lang='lat' dir='ltr'><strong>tis,</strong></span> <span class='ocrx_word' id='word_1_58' title='bbox 364 1332 556 1390; x_wconf 90' lang='lat' dir='ltr'><strong>nautarum</strong></span> <span class='ocrx_word' id='word_1_59' title='bbox 572 1314 632 1386; x_wconf 88' lang='lat' dir='ltr'><strong>alii</strong></span> <span class='ocrx_word' id='word_1_60' title='bbox 651 1310 818 1386; x_wconf 87' lang='lat' dir='ltr'><strong>anchoris</strong></span> <span class='ocrx_word' id='word_1_61' title='bbox 841 1311 1006 1410; x_wconf 83' lang='lat' dir='ltr'><strong>abruptis</strong></span> <span class='ocrx_word' id='word_1_62' title='bbox 1023 1337 1124 1386; x_wconf 87' lang='lat' dir='ltr'><strong>mare</strong></span> <span class='ocrx_word' id='word_1_63' title='bbox 1142 1314 1222 1413; x_wconf 90' lang='lat' dir='ltr'><strong>jam</strong></span> <span class='ocrx_word' id='word_1_64' title='bbox 1244 1314 1361 1388; x_wconf 78' lang='lat' dir='ltr'><strong>sulca-</strong></span> 
     </span>
     <span class='ocr_line' id='line_1_10' title="bbox 284 1428 1360 1530; baseline -0.005 -22"><span class='ocrx_word' id='word_1_65' title='bbox 284 1435 393 1523; x_wconf 91' lang='lat' dir='ltr'><strong>bant,</strong></span> <span class='ocrx_word' id='word_1_66' title='bbox 411 1450 448 1506; x_wconf 93' lang='lat' dir='ltr'><strong>et</strong></span> <span class='ocrx_word' id='word_1_67' title='bbox 464 1430 607 1505; x_wconf 89' lang='lat' dir='ltr'><strong>carbasa</strong></span> <span class='ocrx_word' id='word_1_68' title='bbox 624 1430 838 1529; x_wconf 84' lang='lat' dir='ltr'><strong>crepitantes</strong></span> <span class='ocrx_word' id='word_1_69' title='bbox 856 1430 892 1502; x_wconf 91' lang='lat' dir='ltr'><strong>in</strong></span> <span class='ocrx_word' id='word_1_70' title='bbox 906 1455 1010 1501; x_wconf 87' lang='lat' dir='ltr'><strong>auras</strong></span> <span class='ocrx_word' id='word_1_71' title='bbox 1023 1428 1268 1530; x_wconf 87' lang='lat' dir='ltr'><strong>obliquabant</strong></span> <span class='ocrx_word' id='word_1_72' title='bbox 1275 1459 1287 1520; x_wconf 81' lang='lat'><em>3</em></span> <span class='ocrx_word' id='word_1_73' title='bbox 1304 1431 1360 1504; x_wconf 87' lang='lat' dir='ltr'><strong>alii</strong></span> 
     </span>
     <span class='ocr_line' id='line_1_11' title="bbox 284 1546 1362 1654; baseline -0.006 -28"><span class='ocrx_word' id='word_1_74' title='bbox 284 1553 497 1654; x_wconf 82' lang='lat' dir='ltr'><strong>pigritantes</strong></span> <span class='ocrx_word' id='word_1_75' title='bbox 514 1546 806 1637; x_wconf 87' lang='lat' dir='ltr'><strong>dissimulabant;</strong></span> <span class='ocrx_word' id='word_1_76' title='bbox 825 1571 954 1619; x_wconf 86' lang='lat' dir='ltr'><strong>ornnes</strong></span> <span class='ocrx_word' id='word_1_77' title='bbox 971 1561 1092 1619; x_wconf 89' lang='lat' dir='ltr'><strong>tamen</strong></span> <span class='ocrx_word' id='word_1_78' title='bbox 1110 1546 1149 1619; x_wconf 92' lang='lat' dir='ltr'><strong>in</strong></span> <span class='ocrx_word' id='word_1_79' title='bbox 1169 1573 1362 1621; x_wconf 87' lang='lat' dir='ltr'><strong>commune</strong></span> 
     </span>
     <span class='ocr_line' id='line_1_12' title="bbox 285 1664 1361 1777; baseline -0.003 -34"><span class='ocrx_word' id='word_1_80' title='bbox 285 1669 528 1744; x_wconf 86' lang='lat' dir='ltr'><strong>turbabantur</strong></span> <span class='ocrx_word' id='word_1_81' title='bbox 556 1683 593 1740; x_wconf 91' lang='lat' dir='ltr'><strong>et</strong></span> <span class='ocrx_word' id='word_1_82' title='bbox 616 1664 820 1777; x_wconf 85' lang='lat' dir='ltr'><strong>pallebant.</strong></span> <span class='ocrx_word' id='word_1_83' title='bbox 852 1664 948 1736; x_wconf 90' lang='lat' dir='ltr'><strong>Dum</strong></span> <span class='ocrx_word' id='word_1_84' title='bbox 974 1664 1051 1737; x_wconf 84' lang='lat' dir='ltr'><strong>haec</strong></span> <span class='ocrx_word' id='word_1_85' title='bbox 1079 1680 1256 1765; x_wconf 89' lang='lat' dir='ltr'><strong>aguntur,</strong></span> <span class='ocrx_word' id='word_1_86' title='bbox 1284 1692 1361 1740; x_wconf 87' lang='lat' dir='ltr'><strong>ecce</strong></span> 
     </span>
     <span class='ocr_line' id='line_1_13' title="bbox 283 1781 1361 1883; baseline -0.004 -23"><span class='ocrx_word' id='word_1_87' title='bbox 283 1790 393 1861; x_wconf 80' lang='lat' dir='ltr'><strong>Turni</strong></span> <span class='ocrx_word' id='word_1_88' title='bbox 412 1785 545 1875; x_wconf 88' lang='lat' dir='ltr'><strong>subito,</strong></span> <span class='ocrx_word' id='word_1_89' title='bbox 561 1784 684 1859; x_wconf 89' lang='lat' dir='ltr'><strong>littora</strong></span> <span class='ocrx_word' id='word_1_90' title='bbox 702 1783 944 1883; x_wconf 78' lang='lat' dir='ltr'><strong>explorantes,</strong></span> <span class='ocrx_word' id='word_1_91' title='bbox 960 1781 1146 1871; x_wconf 91' lang='lat' dir='ltr'><strong>advolant,</strong></span> <span class='ocrx_word' id='word_1_92' title='bbox 1168 1783 1361 1882; x_wconf 83' lang='lat' dir='ltr'><strong>imparatos</strong></span> 
     </span>
     <span class='ocr_line' id='line_1_14' title="bbox 285 1899 1361 1999; baseline -0.003 -20"><span class='ocrx_word' id='word_1_93' title='bbox 285 1920 322 1979; x_wconf 88' lang='lat' dir='ltr'><strong>et</strong></span> <span class='ocrx_word' id='word_1_94' title='bbox 338 1905 526 1979; x_wconf 88' lang='lat' dir='ltr'><strong>timoratos</strong></span> <span class='ocrx_word' id='word_1_95' title='bbox 546 1918 670 1975; x_wconf 88' lang='lat' dir='ltr'><strong>nautas</strong></span> <span class='ocrx_word' id='word_1_96' title='bbox 691 1899 892 1988; x_wconf 88' lang='lat' dir='ltr'><strong>trucidant,</strong></span> <span class='ocrx_word' id='word_1_97' title='bbox 919 1915 1013 1974; x_wconf 85' lang='lat' dir='ltr'><strong>rates</strong></span> <span class='ocrx_word' id='word_1_98' title='bbox 1041 1901 1079 1973; x_wconf 92' lang='lat' dir='ltr'><strong>in</strong></span> <span class='ocrx_word' id='word_1_99' title='bbox 1102 1918 1219 1999; x_wconf 92' lang='lat' dir='ltr'><strong>portu</strong></span> <span class='ocrx_word' id='word_1_100' title='bbox 1242 1928 1361 1976; x_wconf 88' lang='lat' dir='ltr'><strong>remo-</strong></span> 
     </span>
     <span class='ocr_line' id='line_1_15' title="bbox 287 2018 1361 2122; baseline -0.003 -27"><span class='ocrx_word' id='word_1_101' title='bbox 287 2039 406 2096; x_wconf 86' lang='lat' dir='ltr'><strong>rantes</strong></span> <span class='ocrx_word' id='word_1_102' title='bbox 435 2022 616 2122; x_wconf 45' lang='lat' dir='ltr'><strong>‚spoliant,</strong></span> <span class='ocrx_word' id='word_1_103' title='bbox 649 2018 793 2120; x_wconf 82' lang='lat' dir='ltr'><strong>ignibus</strong></span> <span class='ocrx_word' id='word_1_104' title='bbox 833 2018 1005 2117; x_wconf 87' lang='lat' dir='ltr'><strong>appositis</strong></span> <span class='ocrx_word' id='word_1_105' title='bbox 1041 2037 1300 2108; x_wconf 89' lang='lat' dir='ltr'><strong>concremant,</strong></span> <span class='ocrx_word' id='word_1_106' title='bbox 1328 2037 1361 2092; x_wconf 92' lang='lat' dir='ltr'><strong>et</strong></span> 
     </span>
     <span class='ocr_line' id='line_1_16' title="bbox 285 2137 1076 2236; baseline -0.009 -21"><span class='ocrx_word' id='word_1_107' title='bbox 285 2139 478 2215; x_wconf 87' lang='lat' dir='ltr'><strong>desidiosos</strong></span> <span class='ocrx_word' id='word_1_108' title='bbox 496 2138 661 2214; x_wconf 86' lang='lat' dir='ltr'><strong>homines</strong></span> <span class='ocrx_word' id='word_1_109' title='bbox 677 2164 745 2236; x_wconf 91' lang='lat' dir='ltr'><strong>pro</strong></span> <span class='ocrx_word' id='word_1_110' title='bbox 761 2152 849 2210; x_wconf 93' lang='lat' dir='ltr'><strong>voto</strong></span> <span class='ocrx_word' id='word_1_111' title='bbox 864 2137 1076 2210; x_wconf 85' lang='lat' dir='ltr'><strong>dilacerant.</strong></span> 
     </span>
    </p>

    <p class='ocr_par' dir='ltr' id='par_1_3' title="bbox 192 2253 1362 3055">
     <span class='ocr_line' id='line_1_17' title="bbox 334 2253 1360 2355; baseline -0.001 -27"><span class='ocrx_word' id='word_1_112' title='bbox 334 2258 516 2355; x_wconf 80' lang='lat' dir='ltr'><strong>Pugnaces</strong></span> <span class='ocrx_word' id='word_1_113' title='bbox 531 2255 632 2329; x_wconf 91' lang='lat' dir='ltr'><strong>urbis</strong></span> <span class='ocrx_word' id='word_1_114' title='bbox 647 2255 837 2328; x_wconf 89' lang='lat' dir='ltr'><strong>muniones</strong></span> <span class='ocrx_word' id='word_1_115' title='bbox 850 2253 992 2353; x_wconf 89' lang='lat' dir='ltr'><strong>pondus</strong></span> <span class='ocrx_word' id='word_1_116' title='bbox 1005 2255 1163 2327; x_wconf 86' lang='lat' dir='ltr'><strong>Turcani</strong></span> <span class='ocrx_word' id='word_1_117' title='bbox 1184 2255 1273 2329; x_wconf 91' lang='lat' dir='ltr'><strong>belli</strong></span> <span class='ocrx_word' id='word_1_118' title='bbox 1293 2271 1360 2329; x_wconf 88' lang='lat' dir='ltr'><strong>tota</strong></span> 
     </span>
     <span class='ocr_line' id='line_1_18' title="bbox 286 2371 1362 2473; baseline -0.001 -26"><span class='ocrx_word' id='word_1_119' title='bbox 286 2374 344 2447; x_wconf 89' lang='lat' dir='ltr'><strong>die</strong></span> <span class='ocrx_word' id='word_1_120' title='bbox 357 2375 573 2464; x_wconf 87' lang='lat' dir='ltr'><strong>sustinuere,</strong></span> <span class='ocrx_word' id='word_1_121' title='bbox 586 2371 986 2473; x_wconf 86' lang='lat' dir='ltr'><strong>subitoquesapientum</strong></span> <span class='ocrx_word' id='word_1_122' title='bbox 995 2373 1149 2445; x_wconf 89' lang='lat' dir='ltr'><strong>consilio</strong></span> <span class='ocrx_word' id='word_1_123' title='bbox 1159 2399 1310 2446; x_wconf 87' lang='lat' dir='ltr'><strong>murum</strong></span> <span class='ocrx_word' id='word_1_124' title='bbox 1321 2372 1362 2446; x_wconf 90' lang='lat' dir='ltr'><strong>de</strong></span> 
     </span>
     <span class='ocr_line' id='line_1_19' title="bbox 289 2487 1361 2590; baseline 0 -28"><span class='ocrx_word' id='word_1_125' title='bbox 289 2487 464 2590; x_wconf 91' lang='lat' dir='ltr'><strong>lapidibus</strong></span> <span class='ocrx_word' id='word_1_126' title='bbox 473 2489 1361 2588; x_wconf 84' lang='lat' dir='ltr'><strong>impolitisetsinecoementointercivitatemetop</strong></span> 
     </span>
     <span class='ocr_line' id='line_1_20' title="bbox 288 2606 1358 2707; baseline -0.002 -27"><span class='ocrx_word' id='word_1_127' title='bbox 288 2607 412 2707; x_wconf 90' lang='lat' dir='ltr'><strong>pidum</strong></span> <span class='ocrx_word' id='word_1_128' title='bbox 423 2606 720 2707; x_wconf 79' lang='lat' dir='ltr'><strong>(a)aedificavere.</strong></span> <span class='ocrx_word' id='word_1_129' title='bbox 737 2609 814 2706; x_wconf 88' lang='lat' dir='ltr'><strong>lpsa</strong></span> <span class='ocrx_word' id='word_1_130' title='bbox 825 2607 922 2679; x_wconf 92' lang='lat' dir='ltr'><strong>enim</strong></span> <span class='ocrx_word' id='word_1_131' title='bbox 933 2607 1086 2680; x_wconf 87' lang='lat' dir='ltr'><strong>maceria</strong></span> <span class='ocrx_word' id='word_1_132' title='bbox 1097 2624 1358 2706; x_wconf 91' lang='lat' dir='ltr'><strong>opportunum,</strong></span> 
     </span>
     <span class='ocr_line' id='line_1_21' title="bbox 192 2716 1362 2825; baseline 0 -28"><span class='ocrx_word' id='word_1_133' title='bbox 192 2716 201 2731; x_wconf 70' lang='grc'><strong>”</strong></span> <span class='ocrx_word' id='word_1_134' title='bbox 288 2723 1362 2825; x_wconf 77' lang='lat' dir='ltr'><strong>utdesenderentse,Christianispraestititauxilium,imper</strong></span> 
     </span>
     <span class='ocr_line' id='line_1_22' title="bbox 289 2839 1360 2941; baseline 0.002 -28"><span class='ocrx_word' id='word_1_135' title='bbox 289 2858 418 2914; x_wconf 90' lang='lat' dir='ltr'><strong>tunum</strong></span> <span class='ocrx_word' id='word_1_136' title='bbox 436 2858 555 2913; x_wconf 88' lang='lat' dir='ltr'><strong>autem</strong></span> <span class='ocrx_word' id='word_1_137' title='bbox 572 2841 698 2912; x_wconf 89' lang='lat' dir='ltr'><strong>Turcis</strong></span> <span class='ocrx_word' id='word_1_138' title='bbox 714 2839 948 2939; x_wconf 89' lang='lat' dir='ltr'><strong>impugnandi</strong></span> <span class='ocrx_word' id='word_1_139' title='bbox 966 2842 1108 2939; x_wconf 87' lang='lat' dir='ltr'><strong>peperit</strong></span> <span class='ocrx_word' id='word_1_140' title='bbox 1122 2840 1360 2941; x_wconf 90' lang='lat' dir='ltr'><strong>impedimen-</strong></span> 
     </span>
     <span class='ocr_line' id='line_1_23' title="bbox 292 2954 1361 3055; baseline 0.001 -28"><span class='ocrx_word' id='word_1_141' title='bbox 292 2973 383 3027; x_wconf 89' lang='lat' dir='ltr'><strong>tum.</strong></span> <span class='ocrx_word' id='word_1_142' title='bbox 412 2955 541 3028; x_wconf 88' lang='lat' dir='ltr'><strong>Franci</strong></span> <span class='ocrx_word' id='word_1_143' title='bbox 570 2971 641 3027; x_wconf 90' lang='lat' dir='ltr'><strong>tota</strong></span> <span class='ocrx_word' id='word_1_144' title='bbox 677 2954 864 3028; x_wconf 87' lang='lat' dir='ltr'><strong>sedulitate</strong></span> <span class='ocrx_word' id='word_1_145' title='bbox 888 2971 1039 3055; x_wconf 85' lang='lat' dir='ltr'><strong>propter</strong></span> <span class='ocrx_word' id='word_1_146' title='bbox 1063 2981 1214 3030; x_wconf 91' lang='lat' dir='ltr'><strong>murum</strong></span> <span class='ocrx_word' id='word_1_147' title='bbox 1238 2958 1361 3031; x_wconf 89' lang='lat' dir='ltr'><strong>armati</strong></span> 
     </span>
    </p>
   </div>
   <div class='ocr_carea' id='block_1_3' title="bbox 289 3070 1364 3735">
    <p class='ocr_par' dir='ltr' id='par_1_4' title="bbox 289 3070 1364 3735">
     <span class='ocr_line' id='line_1_24' title="bbox 290 3070 1362 3173; baseline 0.002 -29"><span class='ocrx_word' id='word_1_148' title='bbox 290 3070 517 3159; x_wconf 88' lang='lat' dir='ltr'><strong>assistebant,</strong></span> <span class='ocrx_word' id='word_1_149' title='bbox 539 3097 607 3145; x_wconf 90' lang='lat' dir='ltr'><strong>nec</strong></span> <span class='ocrx_word' id='word_1_150' title='bbox 629 3099 775 3162; x_wconf 85' lang='lat' dir='ltr'><strong>somno,</strong></span> <span class='ocrx_word' id='word_1_151' title='bbox 801 3098 867 3146; x_wconf 90' lang='lat' dir='ltr'><strong>nec</strong></span> <span class='ocrx_word' id='word_1_152' title='bbox 888 3072 1110 3173; x_wconf 85' lang='lat' dir='ltr'><strong>quibuslibet</strong></span> <span class='ocrx_word' id='word_1_153' title='bbox 1134 3073 1216 3146; x_wconf 87' lang='lat' dir='ltr'><strong>aliis</strong></span> <span class='ocrx_word' id='word_1_154' title='bbox 1235 3101 1362 3147; x_wconf 89' lang='lat' dir='ltr'><strong>curau-</strong></span> 
     </span>
     <span class='ocr_line' id='line_1_25' title="bbox 289 3188 1360 3290; baseline -0.002 -26"><span class='ocrx_word' id='word_1_155' title='bbox 289 3190 343 3264; x_wconf 89' lang='lat' dir='ltr'><strong>dis</strong></span> <span class='ocrx_word' id='word_1_156' title='bbox 361 3188 610 3290; x_wconf 85' lang='lat' dir='ltr'><strong>indulgebant.</strong></span> <span class='ocrx_word' id='word_1_157' title='bbox 630 3191 782 3263; x_wconf 90' lang='lat' dir='ltr'><strong>lnterim</strong></span> <span class='ocrx_word' id='word_1_158' title='bbox 798 3190 907 3263; x_wconf 82' lang='lat' dir='ltr'><strong>lames</strong></span> <span class='ocrx_word' id='word_1_159' title='bbox 924 3189 1144 3289; x_wconf 89' lang='lat' dir='ltr'><strong>pedetentim</strong></span> <span class='ocrx_word' id='word_1_160' title='bbox 1163 3193 1360 3279; x_wconf 89' lang='lat' dir='ltr'><strong>convaluit,</strong></span> 
     </span>
     <span class='ocr_line' id='line_1_26' title="bbox 291 3306 1363 3409; baseline -0.001 -28"><span class='ocrx_word' id='word_1_161' title='bbox 291 3325 328 3381; x_wconf 91' lang='lat' dir='ltr'><strong>et</strong></span> <span class='ocrx_word' id='word_1_162' title='bbox 351 3308 531 3395; x_wconf 90' lang='lat' dir='ltr'><strong>obsessos,</strong></span> <span class='ocrx_word' id='word_1_163' title='bbox 554 3324 595 3379; x_wconf 91' lang='lat' dir='ltr'><strong>ut</strong></span> <span class='ocrx_word' id='word_1_164' title='bbox 609 3333 719 3409; x_wconf 91' lang='lat' dir='ltr'><strong>equos</strong></span> <span class='ocrx_word' id='word_1_165' title='bbox 737 3325 773 3381; x_wconf 93' lang='lat' dir='ltr'><strong>et</strong></span> <span class='ocrx_word' id='word_1_166' title='bbox 799 3307 937 3398; x_wconf 85' lang='lat' dir='ltr'><strong>asinos,</strong></span> <span class='ocrx_word' id='word_1_167' title='bbox 956 3324 992 3380; x_wconf 88' lang='lat' dir='ltr'><strong>et</strong></span> <span class='ocrx_word' id='word_1_168' title='bbox 1016 3307 1044 3380; x_wconf 91' lang='lat' dir='ltr'><strong>si</strong></span> <span class='ocrx_word' id='word_1_169' title='bbox 1069 3306 1157 3408; x_wconf 92' lang='lat' dir='ltr'><strong>quid</strong></span> <span class='ocrx_word' id='word_1_170' title='bbox 1176 3306 1276 3381; x_wconf 89' lang='lat' dir='ltr'><strong>aliud</strong></span> <span class='ocrx_word' id='word_1_171' title='bbox 1298 3309 1363 3380; x_wconf 90' lang='lat' dir='ltr'><strong>im-</strong></span> 
     </span>
     <span class='ocr_line' id='line_1_27' title="bbox 292 3423 1363 3526; baseline -0.001 -28"><span class='ocrx_word' id='word_1_172' title='bbox 292 3425 468 3499; x_wconf 88' lang='lat' dir='ltr'><strong>mundum</strong></span> <span class='ocrx_word' id='word_1_173' title='bbox 486 3441 581 3512; x_wconf 87' lang='lat' dir='ltr'><strong>erat,</strong></span> <span class='ocrx_word' id='word_1_174' title='bbox 601 3423 838 3513; x_wconf 84' lang='lat' dir='ltr'><strong>devorarent,</strong></span> <span class='ocrx_word' id='word_1_175' title='bbox 864 3425 1052 3522; x_wconf 88' lang='lat' dir='ltr'><strong>compulit.</strong></span> <span class='ocrx_word' id='word_1_176' title='bbox 1072 3426 1114 3497; x_wconf 93' lang='lat' dir='ltr'><strong>ln</strong></span> <span class='ocrx_word' id='word_1_177' title='bbox 1141 3441 1244 3498; x_wconf 89' lang='lat' dir='ltr'><strong>tanta</strong></span> <span class='ocrx_word' id='word_1_178' title='bbox 1268 3448 1363 3526; x_wconf 86' lang='lat' dir='ltr'><strong>eges·</strong></span> 
     </span>
     <span class='ocr_line' id='line_1_28' title="bbox 295 3542 1364 3641; baseline -0.003 -25"><span class='ocrx_word' id='word_1_179' title='bbox 295 3562 364 3616; x_wconf 87' lang='lat' dir='ltr'><strong>tate</strong></span> <span class='ocrx_word' id='word_1_180' title='bbox 394 3543 515 3616; x_wconf 84' lang='lat' dir='ltr'><strong>fideles</strong></span> <span class='ocrx_word' id='word_1_181' title='bbox 538 3542 757 3615; x_wconf 89' lang='lat' dir='ltr'><strong>invocabant</strong></span> <span class='ocrx_word' id='word_1_182' title='bbox 781 3543 998 3632; x_wconf 89' lang='lat' dir='ltr'><strong>Dominum,</strong></span> <span class='ocrx_word' id='word_1_183' title='bbox 1026 3560 1061 3615; x_wconf 91' lang='lat' dir='ltr'><strong>et</strong></span> <span class='ocrx_word' id='word_1_184' title='bbox 1087 3544 1161 3641; x_wconf 90' lang='lat' dir='ltr'><strong>ipse</strong></span> <span class='ocrx_word' id='word_1_185' title='bbox 1186 3542 1364 3618; x_wconf 81' lang='lat' dir='ltr'><strong>exaudivit</strong></span> 
     </span>
     <span class='ocr_line' id='line_1_29' title="bbox 293 3687 364 3735; baseline 0.014 -2"><span class='ocrx_word' id='word_1_186' title='bbox 293 3687 364 3735; x_wconf 90' lang='lat' dir='ltr'><strong>eos.</strong></span> 
     </span>
    </p>
   </div>
   <div class='ocr_carea' id='block_1_4' title="bbox 294 3892 1365 4235">
    <p class='ocr_par' dir='ltr' id='par_1_5' title="bbox 294 3892 1364 4053">
     <span class='ocr_line' id='line_1_30' title="bbox 328 3892 1364 3964; baseline 0 -18"><span class='ocrx_word' id='word_1_187' title='bbox 328 3895 366 3964; x_wconf 85' lang='lat' dir='ltr'><strong>(r)</strong></span> <span class='ocrx_word' id='word_1_188' title='bbox 386 3896 467 3948; x_wconf 88' lang='lat' dir='ltr'><strong>Cette</strong></span> <span class='ocrx_word' id='word_1_189' title='bbox 485 3892 555 3948; x_wconf 87' lang='lat' dir='ltr'><strong>suite</strong></span> <span class='ocrx_word' id='word_1_190' title='bbox 573 3894 625 3948; x_wconf 91' lang='lat' dir='ltr'><strong>dut</strong></span> <span class='ocrx_word' id='word_1_191' title='bbox 643 3893 718 3946; x_wconf 91' lang='lat' dir='ltr'><strong>avoir</strong></span> <span class='ocrx_word' id='word_1_192' title='bbox 737 3892 793 3947; x_wconf 90' lang='lat' dir='ltr'><strong>lieu</strong></span> <span class='ocrx_word' id='word_1_193' title='bbox 810 3892 879 3946; x_wconf 87' lang='lat' dir='ltr'><strong>dans</strong></span> <span class='ocrx_word' id='word_1_194' title='bbox 896 3893 920 3946; x_wconf 87' lang='lat' dir='ltr'><strong>la</strong></span> <span class='ocrx_word' id='word_1_195' title='bbox 937 3894 1001 3947; x_wconf 91' lang='lat' dir='ltr'><strong>nuit</strong></span> <span class='ocrx_word' id='word_1_196' title='bbox 1017 3892 1056 3946; x_wconf 90' lang='lat' dir='ltr'><strong>du</strong></span> <span class='ocrx_word' id='word_1_197' title='bbox 1071 3893 1206 3948; x_wconf 87' lang='lat' dir='ltr'><strong>rendredi</strong></span> <span class='ocrx_word' id='word_1_198' title='bbox 1226 3916 1253 3949; x_wconf 87' lang='lat' dir='ltr'><strong>vr</strong></span> <span class='ocrx_word' id='word_1_199' title='bbox 1274 3914 1308 3949; x_wconf 83' lang='lat' dir='ltr'><strong>an</strong></span> <span class='ocrx_word' id='word_1_200' title='bbox 1325 3912 1364 3946; x_wconf 77' lang='lat' dir='ltr'><strong>sa·</strong></span> 
     </span>
     <span class='ocr_line' id='line_1_31' title="bbox 294 3983 502 4053; baseline -0.005 -17"><span class='ocrx_word' id='word_1_201' title='bbox 294 3983 369 4036; x_wconf 86' lang='lat' dir='ltr'><strong>medi</strong></span> <span class='ocrx_word' id='word_1_202' title='bbox 385 4000 416 4035; x_wconf 81' lang='lat' dir='ltr'><strong>ra</strong></span> <span class='ocrx_word' id='word_1_203' title='bbox 427 3983 502 4053; x_wconf 88' lang='lat' dir='ltr'><strong>jnin.</strong></span> 
     </span>
    </p>

    <p class='ocr_par' dir='ltr' id='par_1_6' title="bbox 294 4071 1365 4235">
     <span class='ocr_line' id='line_1_32' title="bbox 328 4071 1365 4145; baseline 0.003 -18"><span class='ocrx_word' id='word_1_204' title='bbox 328 4076 366 4145; x_wconf 85' lang='lat' dir='ltr'><strong>(a)</strong></span> <span class='ocrx_word' id='word_1_205' title='bbox 385 4075 420 4127; x_wconf 86' lang='lat' dir='ltr'><strong>La</strong></span> <span class='ocrx_word' id='word_1_206' title='bbox 439 4071 576 4126; x_wconf 88' lang='lat' dir='ltr'><strong>citadelle.</strong></span> <span class='ocrx_word' id='word_1_207' title='bbox 596 4073 713 4128; x_wconf 86' lang='lat' dir='ltr'><strong>Suirant</strong></span> <span class='ocrx_word' id='word_1_208' title='bbox 731 4075 826 4128; x_wconf 87' lang='lat' dir='ltr'><strong>Pierre</strong></span> <span class='ocrx_word' id='word_1_209' title='bbox 845 4073 1012 4139; x_wconf 85' lang='lat' dir='ltr'><strong>Tudebode,</strong></span> <span class='ocrx_word' id='word_1_210' title='bbox 1033 4084 1106 4130; x_wconf 87' lang='lat' dir='ltr'><strong>cette</strong></span> <span class='ocrx_word' id='word_1_211' title='bbox 1125 4075 1258 4132; x_wconf 88' lang='lat' dir='ltr'><strong>muraille</strong></span> <span class='ocrx_word' id='word_1_212' title='bbox 1274 4096 1308 4132; x_wconf 89' lang='lat' dir='ltr'><strong>ne</strong></span> <span class='ocrx_word' id='word_1_213' title='bbox 1326 4077 1365 4131; x_wconf 87' lang='lat' dir='ltr'><strong>lut</strong></span> 
     </span>
     <span class='ocr_line' id='line_1_33' title="bbox 294 4161 694 4235; baseline -0.005 -16"><span class='ocrx_word' id='word_1_214' title='bbox 294 4164 384 4219; x_wconf 72' lang='lat' dir='ltr'><strong>eleree</strong></span> <span class='ocrx_word' id='word_1_215' title='bbox 397 4162 524 4235; x_wconf 74' lang='lat' dir='ltr'><strong>qu&#39;apres</strong></span> <span class='ocrx_word' id='word_1_216' title='bbox 537 4161 694 4218; x_wconf 87' lang='lat' dir='ltr'><strong>l&#39;inceudie.</strong></span> 
     </span>
    </p>
   </div>
   <div class='ocr_carea' id='block_1_5' title="bbox 0 0 1462 4934">
    <p class='ocr_par' dir='ltr' id='par_1_7' title="bbox 0 0 1462 4934">
     <span class='ocr_line' id='line_1_34' title="bbox 0 0 1462 4934; baseline 0 0"><span class='ocrx_word' id='word_1_217' title='bbox 0 0 1462 4934; x_wconf 95' lang='lat' dir='ltr'><strong> </strong></span> 
     </span>
    </p>
   </div>
  </div>
 </body>
</html>
