2888 4934
182 455 240 516 438
463 449 646 511 HISTORIA
667 449 969 511 ecetesnstlct.

180 582 472 685 iry‘ormutionem
506 582 592 655 boni
628 609 877 657 commemoro.
915 582 993 653 Sed
1026 582 1114 656 inde
1144 583 1249 656 nulla

180 703 284 778 uobis
297 703 456 774 uiolenta
474 702 668 803 imponitur
682 705 845 789 exactio,
867 702 977 772 immo
994 699 1152 773 salubris
1163 727 1249 802 pro-

178 822 329 920 ponitur
345 821 550 917 persuasio.
579 817 623 887 V
618 842 718 887 erum
739 815 793 887 ad
818 814 1010 886 tenendam
1035 830 1107 915 per
1128 820 1249 888 omnia

180 942 302 1008 sancti
317 933 510 1006 Benedicti
530 932 695 1029 regulam
712 959 777 1004 vos
795 933 924 1020 inrito,
945 958 1055 1030 quam
1076 934 1116 1003 in
1136 933 1249 1035 pluri·

182 1051 249 1126 bus
265 1052 526 1152 praevaricari,
554 1049 756 1122 secundum
781 1048 823 1121 id
847 1049 947 1148 quod
964 1045 1121 1150 professi
1144 1053 1245 1140 estis,

183 1196 245 1242 vos
261 1171 441 1243 ueraciter
450 1194 627 1268 agnosco.
647 1168 752 1241 Unde
764 1173 910 1267 superni
919 1167 1065 1268 judicis
1080 1167 1249 1240 animod-

181 1291 376 1360 versionem
396 1288 628 1387 pertimesco,
654 1312 700 1358 ne
722 1292 760 1358 in
781 1312 847 1358 nos
867 1284 1041 1358 deserviat
1056 1312 1128 1388 pro
1149 1301 1248 1358 reatu

182 1408 497 1503 transgressionis,
516 1405 556 1474 in
574 1403 757 1477 tremendo
768 1403 930 1504 judicio.

229 1520 284 1594 Ad
305 1519 382 1594 haec
398 1519 565 1594 monachi
582 1521 847 1620 responderunt
865 1552 873 1591 :
894 1522 1032 1594 Beatus
1050 1537 1161 1620 pater
1178 1522 1249 1594 Be-

180 1638 365 1729 nedictus,
382 1656 419 1710 ut
433 1638 535 1711 nobis
549 1640 715 1713 omnibus
727 1640 906 1712 evidenter
913 1646 1090 1741 patescit,
1108 1639 1249 1711 beatum

181 1757 377 1846 Maurum,
409 1759 621 1830 monosterii
645 1764 704 1831 sui
726 1759 907 1858 priorem,
929 1785 1034 1857 quem
1053 1784 1079 1828 a
1091 1759 1250 1858 pueritia

181 1875 374 1963 nutrierat,
394 1874 433 1945 in
453 1873 619 1946 Galliam
632 1875 748 1962 misit,
770 1889 804 1945 et
821 1874 952 1947 librum
968 1875 1126 1972 reguloe,
1149 1899 1248 1972 quem

182 1992 260 2093 ipse
276 1992 336 2064 air
349 1993 419 2065 Dei
432 1994 586 2093 propria
601 2019 716 2065 manu
734 1995 967 2095 conscripsit,
987 2010 1022 2064 et
1039 1992 1172 2065 libram
1186 2019 1251 2094 pu·

181 2108 239 2178 nis
252 2105 505 2206 heminamque
517 2110 675 2209 oiniper
684 2135 767 2180 eum
781 2111 939 2182 Francis
951 2108 1160 2182 destinauit.
1179 2109 1251 2180 llic

181 2248 205 2294 n
222 2224 468 2297 Tlteodelterto
482 2251 566 2324 rege
578 2242 788 2325 susceptus,
808 2251 919 2325 usque
931 2224 1135 2298 odolricum
1147 2248 1252 2295 suum

181 2343 219 2412 in
238 2340 367 2414 Gallia
377 2343 603 2443 permansit,
622 2358 734 2438 atque
750 2342 879 2430 Floro,
898 2344 994 2442 regis
1021 2343 1248 2426 consiliario,

181 2459 402 2559 adjuvante,
427 2459 627 2532 caenobium
646 2465 865 2551 construxit,
887 2461 1009 2560 ibique
1030 2485 1096 2533 exe
1120 2486 1253 2532 mona-

182 2574 290 2666 clros,
315 2578 353 2648 in
377 2577 456 2650 loco
478 2582 542 2672 qui
568 2576 836 2674 Glunndblium
861 2579 1012 2669 dicitur,
1039 2578 1255 2675 regulariter

181 2696 356 2766 instruxit
386 2695 455 2792 (1).
485 2695 676 2767 Discretus
706 2712 830 2767 autem
855 2711 965 2793 pater
995 2700 1154 2767 Maurus
1184 2719 1254 2765 non

182 2838 298 2885 mores
317 2813 598 2913 AEgyptiorum,
627 2815 693 2912 qui
714 2815 828 2885 nimio
852 2813 942 2885 solis
965 2812 1096 2885 ardore
1113 2814 1256 2912 jugiter

183 2942 361 3018 aestuant,
381 2930 543 3000 imitatus
562 2946 614 3002 est
620 2962 637 3016 ,·
655 2933 722 3001 sed
738 2934 826 3000 ritus
846 2928 1058 3017 Gallorum,
1077 2933 1141 3027 (μα’
1156 2951 1255 3026 scepe

183 3043 342 3117 brumali
348 3045 435 3144 gelu
450 3048 489 3116 in
507 3045 703 3118 Occidente
717 3049 1016 3132 contremiscunt,
1029 3049 1089 3142 pie
1103 3044 1253 3115 intuitus

183 3176 254 3248 est,
270 3162 366 3233 sicut.
381 3188 406 3232 a
422 3162 607 3260 spirituali
621 3164 798 3261 magistro
815 3162 1012 3234 salubriter
1024 3161 1173 3233 edoctus
1187 3174 1250 3230 est.

181 3277 286 3349 Dicit
299 3279 393 3349 enim
407 3295 557 3350 sanctus
567 3278 788 3350 Benedictus
805 3306 815 3350 .·
832 3277 1053 3350 Vestimenta
1067 3273 1251 3363 iratribus,

181 3393 377 3467 secundum
392 3396 556 3467 locorum
570 3397 778 3495 qualitatem
792 3394 854 3466 ubi
866 3392 1044 3482 habitant,
1060 3393 1118 3464 vel
1130 3417 1250 3464 aerum

182 3513 412 3610 temperiem,
435 3511 578 3584 dentur.
606 3513 674 3605 Qui
701 3513 736 3584 in
760 3511 899 3611 frigidis
923 3508 1152 3609 regionibus,
1174 3534 1250 3580 am·

181 3628 274 3727 plius
281 3659 292 3719 ;
313 3630 350 3702 in
368 3628 489 3702 calidis
507 3655 611 3720 vero,
630 3632 750 3702 minus
768 3628 944 3729 indigent.
964 3629 1050 3700 Haec
1067 3653 1156 3726 ergo
1171 3650 1251 3698 con-

181 3744 348 3819 sideratio
362 3772 470 3845 penes
483 3747 650 3820 abbatem
673 3765 738 3821 est.
764 3753 824 3820 Sic
839 3751 947 3819 etiam
964 3747 1011 3819 de
1024 3745 1105 3819 cibo
1118 3761 1153 3816 et
1166 3760 1250 3845 potu

215 3974 254 4042 (1)
267 3972 346 4028 Saint
359 3975 439 4028 Maur
453 3977 542 4029 ari-iva
555 3979 570 4030 'a
583 3977 724 4032 Glansenil
741 3997 776 4032 en
792 3976 855 4044 543.
873 3978 920 4033 On
933 3999 949 4032 a
962 3978 1044 4051 peine
1058 3981 1073 4032 a
1087 3977 1248 4050 s'expliquer

182 4072 322 4116 comment
335 4061 448 4134 l’Anjou
463 4067 574 4136 pouvait
587 4069 748 4140 appartenir
763 4070 778 4121 'a
795 4066 990 4135 Thiodebert,
1007 4069 1048 4122 roi
1066 4065 1246 4129 d'Austrasie3

182 4150 336 4225 rependant
348 4151 374 4206 le
387 4152 437 4206 fait
450 4153 512 4207 n’en
525 4156 614 4225 parsit
627 4175 674 4230 pas
688 4158 777 4211 moins
791 4157 900 4229 positis,
917 4155 1025 4230 d'apres
1037 4155 1064 4211 le
1076 4155 1247 4227 temoiguage

182 4240 219 4294 du
232 4239 386 4313 biographe
398 4244 617 4315 contemporain.
