2888 4934
567 120 684 182 utana
698 119 906 190 SEPTIMUS.
1207 126 1267 196 205

192 253 500 352 metropolitanas
520 249 635 340 sedes,
658 269 694 325 et
716 252 947 351 episcopales,
971 252 1166 325 secundum
1183 254 1269 327 scita

195 398 386 447 canonum
411 371 627 459 construxit,
652 367 933 468 monachosque,
956 369 1017 468 qui
1040 369 1140 467 prius
1165 369 1266 443 invisi

200 507 237 562 ct
268 487 442 587 incogniti
472 487 580 559 Danis
610 503 734 572 erant,
769 487 950 577 accersiit,
982 502 1018 559 et
1051 503 1267 585 opportunae

200 604 435 677 habitationis
453 604 570 677 locum
593 604 629 675 in
653 629 766 702 regno
788 629 851 675 suo
876 602 1074 675 liberaliter
1096 607 1144 675 eis
1167 603 1264 677 dele·

200 722 312 821 gavit.

250 839 335 912 Xll.
362 840 469 912 Anno
486 837 531 909 ab
549 839 800 910 incarnatione
825 838 969 909 Domini
998 852 1038 909 u⁰
1057 845 1166 911 Lxxx⁰
1183 855 1264 928 v110,

202 957 399 1031 indictione
425 969 476 1041 κ’,
505 982 603 1030 nono
625 954 682 1028 die
706 957 809 1042 maii,
837 982 966 1053 corpus
990 958 1102 1029 sancti
1125 957 1265 1030 Nicolai

200 1074 457 1173 archiepiscopi
474 1090 509 1146 et
526 1073 736 1147 confessoris
752 1073 796 1146 de
812 1074 933 1171 Myrea
953 1075 988 1145 iu
1004 1075 1135 1145 Barum
1151 1091 1265 1148 trans·

200 1193 314 1265 latum
330 1207 396 1265 est.
415 1190 530 1285 Quam
548 1190 837 1278 translationem,
863 1192 1018 1291 qualiter
1038 1207 1075 1263 et
1096 1218 1116 1262 a
1135 1191 1266 1291 quibus

199 1306 287 1381 lacta
305 1309 370 1396 sit,
390 1305 571 1380 Johannes
582 1361 592 1393 ,
612 1304 881 1379 archidiaconns
901 1306 1064 1378 Barensis
1086 1307 1262 1398 ecclesiae,

201 1421 402 1495 luculenter
414 1419 585 1494 describit
599 1422 667 1518 (1).
683 1421 738 1492 Ex
754 1423 829 1520 ejus
845 1421 948 1493 dictis
967 1421 1054 1493 libet
1071 1448 1266 1522 parumper

198 1535 407 1637 decerpere,
427 1553 464 1610 et
481 1537 702 1610 mentionem
719 1553 792 1608 tam
809 1538 976 1636 gloriosae
994 1538 1044 1609 rei
1064 1537 1146 1612 huic
1162 1565 1265 1638 opus-

200 1654 278 1728 culo
305 1655 463 1728 inserere
487 1652 531 1726 ad
552 1654 720 1727 notitiam
740 1652 999 1740 studiosorum,
1020 1655 1084 1754 qui
1101 1654 1263 1728 nondum

199 1769 289 1846 dicta
317 1770 493 1845 lobannis
523 1770 663 1860 videre3
693 1773 721 1843 si
750 1773 843 1845 sorte
876 1772 1065 1871 contingat
1098 1789 1138 1844 ut
1170 1773 1263 1845 istud

199 1886 392 1989 dignentur
414 1888 600 1987 inspicere.

240 2007 423 2104 Tempore
436 2005 554 2078 Alexii
571 2006 810 2104 imperatoris,
824 2007 949 2095 Turci,
961 2008 1094 2108 aliique
1106 2033 1262 2107 pagano·

196 2147 277 2195 rum
290 2123 418 2222 populi
436 2121 573 2197 rabiem
591 2150 690 2195 suam
710 2149 876 2198 exercere
894 2127 1054 2199 volentes
1074 2126 1162 2199 lines
1182 2152 1263 2200 suos

196 2239 377 2329 exierunt,
392 2241 541 2340 Deoque
553 2241 802 2338 permittente,
818 2243 962 2339 Lyciam
978 2243 1133 2342 aliasque
1148 2245 1263 2343 regio·

195 2382 256 2432 nes
274 2355 563 2432 Christianorum
583 2356 788 2457 depopulati
808 2375 909 2450 sunt,
926 2360 1088 2434 ccclesias
1110 2376 1263 2458 propter

195 2491 335 2573 peccata
348 2473 553 2549 christiana
570 2474 684 2575 plebis
699 2475 972 2563 destruxerunt,
991 2501 1112 2549 cruces
1125 2493 1161 2548 et
1174 2478 1262 2547 ima-

195 2592 292 2691 gines
308 2591 440 2664 Christi
457 2610 564 2693 atque
576 2594 775 2665 sanctuaria
793 2593 916 2665 multis
928 2592 1045 2666 modis
1056 2595 1259 2683 violarunt,

194 2722 229 2782 et
240 2709 372 2782 multas
385 2708 492 2782 urbes
506 2736 588 2782 cum
604 2708 741 2783 civibus
753 2712 824 2783 suis
838 2709 1004 2784 incendio
1018 2710 1257 2785 tradiderunt.

1168 2912 1255 2922 --—-·

224 3029 264 3100 (i)
275 3029 439 3083 Translata
452 3030 483 3085 S.
495 3028 611 3083 Nicolai
620 3032 744 3101 episcopi
755 3048 792 3084 ea·
805 3030 894 3103 Myra
903 3031 1003 3104 Lyciae
1016 3032 1084 3085 urbe
1096 3030 1137 3084 ad
1146 3032 1260 3102 Apulioe

190 3115 324 3188 oppidum
344 3117 462 3172 Barium
477 3119 527 3172 vel
537 3117 649 3183 Barim,
662 3121 767 3189 scripta
782 3119 819 3172 ab
835 3118 965 3172 Iohanne
983 3117 1179 3173 archidiacono
1199 3119 1258 3173 Ba-

189 3211 278 3277 nmi,
295 3207 411 3281 jubente
429 3209 536 3264 Ursone
552 3208 676 3262 Barensi
688 3218 716 3263 el
730 3210 872 3262 Canusino
885 3208 1103 3280 archiepiscopo,
1119 3210 1193 3261 circu
1206 3227 1258 3262 an·

188 3316 258 3355 m
267 3297 385 3353 Domini
395 3317 424 3354 u.
440 3316 516 3353 cxxx.
528 3309 610 3352 vnimn
622 3307 673 3353 aul
683 3300 757 3352 circa
764 3324 772 3362 ,·
786 3298 865 3370 apud
875 3298 986 3352 Surium
999 3297 1044 3352 die
1059 3316 1132 3351 nono
1146 3300 1221 3351 maii.
1235 3296 1258 3351 ll

185 3387 276 3443 existe
284 3405 324 3442 uu
332 3398 411 3443 autre
422 3388 753 3462 recitcoutemporainde
763 3399 836 3444 cette
848 3388 1021 3456 translation,
1030 3407 1080 3461 par
1089 3388 1257 3460 Nicephore,

153 3512 156 3517 -
184 3476 284 3542 moine
295 3476 335 3531 du
348 3489 468 3532 convent
476 3478 511 3533 de
524 3478 717 3534 saint-Benoit
729 3481 744 3533 a
754 3479 816 3533 Bari
826 3520 833 3544 ‚
845 3477 956 3550 publice
968 3497 1018 3550 par
1035 3477 1181 3532 Falconius
1191 3477 1259 3533 dans

183 3582 231 3622 m
243 3567 319 3621 Acta
329 3570 496 3640 primigenia
514 3569 544 3623 S.
560 3568 674 3623 Nicolai
683 3568 807 3641 (d'aprds
821 3588 857 3621 un
873 3569 1025 3622 manuscrit
1037 3568 1071 3623 de
1088 3568 1209 3642 l’abbayc
1223 3568 1258 3623 dc

182 3653 452 3712 &int-Barthdlemi
465 3656 500 3711 de
519 3657 700 3729 Fraucfort)‚
723 3676 779 3731 quc
793 3676 863 3712 nous
877 3669 1034 3731 regrettons
1046 3658 1082 3713 de
1101 3659 1205 3713 u’avoir
1219 3678 1258 3731 pu

180 3745 337 3814 consulter,
358 3747 427 3801 mais
444 3747 513 3803 dunt
530 3766 600 3802 nous
621 3758 783 3803 trouverons
796 3746 821 3801 la
833 3747 978 3803 substance
993 3748 1061 3805 dans
1074 3749 1209 3804 l‘histoirc
1223 3748 1257 3801 ‹lc

181 3834 261 3890 saint
274 3834 397 3901 Nicolas‚
413 3856 462 3909 par
475 3837 499 3893 le
512 3840 577 3911 pire
592 3837 706 3892 Beatillc
720 3837 753 3891 ‹la
769 3838 840 3891 [lari.
