2888 4934
165 494 249 571 [eos]
521 490 636 551 cisun
656 493 857 553 succinus.
1160 497 1217 556 rao

165 627 201 697 in
224 625 305 697 loco
325 624 385 722 qui
409 640 554 696 vocatur
572 624 708 698 Villare
730 630 802 722 (1);
828 626 1086 725 interfectisque
1106 628 1218 701 Saxo-

165 740 269 815 nihus
283 742 337 838 (a)
346 793 356 826 ,
372 766 454 814 curn
466 740 554 813 duce
567 768 631 814 suo
646 742 806 840 Helpone
820 746 983 832 nomine,
1001 746 1219 818 senonenses

165 855 362 929 extiterunt
384 856 547 927 victores.
566 855 713 928 Dixerat
734 858 831 928 enim
856 859 970 957 Helpo
994 860 1219 932 incensurum

165 997 202 1046 se
226 972 389 1047 ecclesias
416 988 451 1043 et
480 971 604 1061 villas,
632 1000 711 1073 quae
738 992 832 1046 sunt¹
847 1002 952 1074 super
976 974 1120 1048 Venena
1149 975 1220 1047 tlu-

165 1089 264 1178 vinm
289 1090 363 1186 (ὅ),
391 1089 567 1187 usquead
594 1091 792 1179 civitatem,
824 1092 1040 1192 infigereque
1065 1093 1221 1167 lanceam

165 1228 266 1277 suam
284 1205 320 1275 in
337 1219 480 1301 portam
496 1204 615 1276 Sancti
632 1207 771 1277 Leonis.
782 1207 990 1280 Interiectus
1007 1225 1124 1281 autem
1141 1236 1223 1281 cum

166 1321 303 1420 populo
318 1346 382 1392 suo
396 1347 415 1391 a
432 1321 710 1411 Senonensibus,
733 1340 932 1421 reportatus
951 1342 1003 1397 est
1019 1327 1053 1398 in
1073 1328 1223 1424 patriam

167 1463 268 1511 suam
282 1436 488 1511 Ardennam
503 1466 521 1510 a
538 1441 646 1511 servis
662 1442 745 1512 suis.
764 1441 822 1513 Sic
838 1443 934 1513 enim
946 1445 1095 1541 jusserat
1111 1460 1225 1515 mater

168 1556 277 1654 ipsius
301 1557 492 1653 Helponis,
522 1558 667 1631 nomine
690 1558 841 1630 Warna.
867 1559 1087 1632 Planxerunt
1107 1575 1224 1631 autem

171 1697 253 1745 cum
277 1672 422 1769 planctu
438 1698 569 1771 magno
583 1674 780 1746 hainardus
803 1699 920 1747 comes
942 1692 978 1748 et
993 1673 1227 1747 Archembal-

171 1787 235 1861 dus
248 1787 544 1886 archiepiscopus.
560 1791 847 1888 consanguineus
860 1792 956 1862 enim
973 1792 1119 1863 illorum
1134 1807 1223 1863 erat.

174 1903 305 1978 Videns
315 1906 432 2004 itaque
445 1907 568 1980 Bruno
581 1907 667 1998 dux,
679 1907 792 1980 socius
806 1906 959 2007 ejusdem
970 1908 1153 2006 Helponis,
1165 1910 1226 2007 qui

174 2020 360 2112 obsederat
375 2023 503 2095 Tr'ecas
517 2024 715 2110 civitatem,
731 2024 826 2123 quod
840 2041 1003 2096 mortuus
1016 2041 1105 2097 esset
1116 2026 1228 2097 socius

175 2163 255 2212 suus
268 2140 383 2236 HeIpo
396 2166 478 2211 cum
491 2141 578 2230 suis,
596 2166 755 2213 reversus
768 2157 820 2212 est
833 2143 869 2213 in
882 2142 1034 2239 patriam
1048 2168 1146 2213 suam
1157 2144 1226 2239 (4).

208 2477 249 2548 (ι)
264 2474 475 2531 Vihiers—Louis
488 2477 534 2543 (S.
550 2477 692 2530 Martinus
705 2476 740 2530 de
756 2477 910 2530 Villam'bur
933 2476 1101 2547 Ludovici),
1120 2480 1136 2530 a
1153 2477 1230 2531 envi-

179 2579 227 2619 ron
247 2562 313 2616 huit
332 2561 418 2616 lieues
438 2563 469 2614 Ε.
493 2561 526 2616 de
546 2564 622 2618 Sens.
644 2564 737 2634 Voyez
752 2582 799 2618 sur
811 2573 883 2618 cette
895 2563 1004 2620 bataille
1017 2564 1185 2619 l’hlmanach
1197 2564 1231 2618 de

179 2648 243 2706 Sem
252 2667 325 2724 pour
337 2649 442 2704 l'annce
458 2649 535 2724 1809,
555 2669 605 2723 par
617 2652 655 2705 Μ.
671 2652 772 2706 Tarbe.
1122 2637 1126 2647 ¹

209 2737 481 2810 (a)1ntersectosque
495 2740 630 2794 Saxones.
646 2740 697 2793 Ma.
713 2740 741 2794 S.
756 2742 789 2794 Α.
876 2772 888 2780 -

211 2823 254 2899 (3)
267 2825 302 2889 h
313 2827 411 2886 rivicoe
420 2827 455 2885 de
464 2829 562 2885 Vaune
574 2829 720 2897 (Venena,
732 2829 881 2895 Veronae,
895 2826 1024 2893 Veneda,
1040 2828 1172 2899 Vareno),
1184 2829 1232 2899 qui

181 2914 267 2986 prend
278 2935 307 2970 sa
319 2934 415 2970 source
427 2916 495 2971 dans
506 2916 532 2971 lc
549 2917 740 2989 de'partement
757 2915 792 2970 de
805 2916 918 2984 l’hube,
933 2933 1009 2989 passe
1021 2919 1037 2971 a
1047 2934 1102 2970 une
1115 2914 1187 2970 liene
1199 2935 1235 2971 au

183 3003 249 3060 nidi
263 3004 527 3075 deVilliers-Louis,
541 3018 568 3062 et
582 3024 609 3061 se
619 3008 689 3079 jette
702 3006 770 3061 dans
785 3006 899 3061 l'Yonne
916 3007 979 3080 pres
994 3015 1021 3059 ct
1036 3004 1070 3060 hu
1082 3005 1151 3060 rnidi
1164 3006 1198 3060 de
1209 3007 1234 3060 la

182 3093 241 3150 aitte
253 3092 289 3150 de
301 3094 381 3150 Sena.
394 3095 430 3149 La
443 3106 522 3167 porte
534 3095 569 3150 dc
581 3097 749 3152 saint-Leon
763 3106 805 3149 eet
818 3094 843 3148 la
853 3095 943 3150 meme
953 3095 1002 3169 qui
1014 3114 1029 3149 a
1039 3097 1120 3168 porte
1128 3095 1195 3149 dans
1210 3095 1236 3149 la

182 3180 251 3245 mite
264 3180 365 3237 lencm
378 3181 413 3236 de
423 3183 720 3239 Ponte-Notrc-Dame.
736 3183 771 3237 Sa
784 3182 920 3238 direction
929 3184 996 3239 e'tait
1007 3200 1067 3237 vers
1081 3182 1201 3236 l'orient.

212 3273 253 3344 (4)
265 3271 384 3340 Robert‚
399 3272 537 3326 troisierne
552 3272 592 3326 fils
607 3272 640 3349 de
655 3273 775 3327 Herbert
787 3274 830 3341 11,
844 3283 934 3327 comte
947 3272 981 3326 de
994 3272 1195 3338 vermandois,
1210 3284 1238 3326 et

183 3378 229 3418 ton
243 3347 401 3416 successeur
412 3381 446 3416 au
463 3365 553 3416 comte'
567 3362 601 3416 de
615 3363 736 3434 Troyes,
751 3374 832 3435 ayant
846 3382 895 3429 eu,
910 3381 944 3416 en
958 3361 1024 3436 965,
1037 3362 1169 3435 quelques
1185 3360 1237 3414 ‹lir-

184 3449 289 3505 tenues
309 3449 439 3503 d’interet
458 3467 521 3503 avec
535 3450 682 3521 Ansegise,
697 3450 800 3523 oreque
818 3449 853 3503 de
871 3460 943 3503 cette
958 3449 1034 3514 ville,
1053 3448 1078 3502 le
1098 3447 1192 3502 chasse
1209 3459 1237 3503 et

184 3541 316 3613 r'empara
340 3539 388 3594 des
412 3541 490 3594 biens
516 3540 550 3595 de
575 3540 702 3595 l’eveche.
725 3542 856 3612 Ausegise
884 3559 913 3593 va
939 3550 1052 3593 trouver
1073 3538 1238 3611 l’empcreur

185 3627 274 3684 Otton
293 3628 339 3693 1⁸1,
358 3629 406 3700 qui
425 3627 463 3681 tui
482 3627 573 3682 donne
593 3647 632 3682 un
652 3646 732 3701 corps
749 3628 784 3682 de
797 3639 911 3701 troupes
929 3644 992 3682 sous
1002 3627 1028 3680 la
1046 3625 1177 3681 canduite
1190 3626 1238 3683 dcs

184 3717 332 3793 oepitaines
351 3715 461 3789 Helpon
474 3728 501 3772 et
517 3717 645 3784 Brnnon,
659 3735 722 3771 avec
744 3715 861 3790 lesquels
875 3717 893 3770 il
915 3716 990 3770 vient
1004 3716 1122 3788 assieger
1135 3715 1239 3786 Troyes

182 3825 217 3863 au
229 3808 301 3862 πιοίε
320 3805 468 3861 d'octobre.
480 3808 520 3863 Ce
531 3807 605 3879 siege
618 3807 726 3877 n’ayant
739 3823 787 3878 pas
800 3805 903 3871 reunsi,
917 3805 956 3859 les
967 3804 1069 3859 Sarons
1082 3820 1110 3857 se
1122 3803 1239 3858 rendent

183 3895 285 3952 devm
293 3895 371 3960 Seue,
384 3913 455 3968 pour
465 3896 501 3966 s’y
515 3895 712 3966 de'dommager
722 3912 772 3966 par
784 3893 809 3947 le
819 3891 919 3965 piltage
931 3893 965 3946 de
977 3902 1049 3947 cette
1063 3890 1126 3946 ville
1138 3891 1176 3945 ‹lu
1185 3911 1238 3964 peu

182 3985 219 4041 de
233 3987 328 4041 snecko
340 3985 375 4039 de
393 3985 451 4039 leur
470 3986 635 4058 expedition.
663 3986 713 4038 Les
731 3983 827 4037 choses
852 3984 1015 4037 tournerent
1035 4000 1142 4035 comme
1160 3992 1239 4035 notrc

183 4085 284 4134 auteur
303 4075 343 4129 les
364 4086 475 4129 racontc
497 4074 603 4145 d'apres
622 4092 664 4127 ses
684 4072 945 4128 dcvaocicrs.-Ici
966 4070 1084 4127 Orderic
1106 4071 1195 4143 quittc
1214 4069 1239 4122 la

181 4163 339 4236 chronique
359 4163 393 4217 dc
410 4162 701 4218 saint-Pierre-le-vis
718 4180 789 4234 pour
810 4161 852 4230 n'p
872 4159 932 4230 pius
946 4161 1051 4214 revenir
1065 4177 1118 4230 quc
1133 4157 1200 4211 dans
1215 4155 1240 4210 le

182 4264 266 4316 court
276 4256 447 4327 paragrapho
461 4253 553 4308 relatis
562 4254 577 4308 h
588 4252 613 4307 la
624 4264 695 4308 mort
709 4252 747 4307 du
760 4252 802 4305 roi
812 4250 951 4305 Lothaire.
