2872 4920
178 430 285 514 tirso]
465 457 471 465 ·
566 431 860 495 tmcnsaxrus.
1184 441 1242 498 nr

184 561 319 642 duobus
330 564 433 640 sociis
449 562 544 664 apud
559 564 770 656 Resbacum,
785 565 924 665 praelati
939 565 1114 640 schemate
1129 566 1244 669 depo-

187 684 248 759 sito
265 683 336 757 iter
349 681 504 782 arripuit
517 679 756 770 laboriosum,
783 697 820 755 et
840 683 943 781 quasi·
957 707 1245 782 paupermona-

180 799 269 879 ebus
284 799 462 900 equitans,
479 824 667 873 occursum
680 824 753 873 non
768 797 914 873 erubuit
926 797 1169 889 obviantium
1188 801 1248 875 sed

184 915 347 990 Natalem
365 911 532 988 abbatem
557 911 690 988 obnixe
713 913 895 1014 quaesivit,
921 913 965 988 ad
992 915 1127 988 curiam
1147 914 1246 989 Ted-

180 1029 276 1104 baldi
299 1030 441 1105 comitis
458 1028 546 1103 adiit
568 1029 806 1128 Ruginiacum
829 1030 1102 1129 municipium(
1125 1033 1156 1131 ).
1181 1031 1247 1104 Se-

180 1145 295 1223 cunda
313 1171 402 1222 vero
421 1144 480 1220 die
498 1144 542 1219 ad
559 1144 725 1220 abbatem
741 1147 859 1234 venit,
877 1171 944 1220 nec
963 1147 1043 1246 quis
1061 1163 1168 1237 esset,
1187 1148 1248 1221 sed

179 1262 266 1365 quid
288 1280 470 1365 quaereret
492 1261 672 1338 indicarit.
697 1263 763 1336 llle
787 1279 906 1339 autem
927 1263 1188 1339 Claros-Valles
1212 1290 1249 1338 se

181 1383 233 1456 ire
245 1382 341 1455 velle
353 1381 552 1470 intimavit,
568 1381 645 1455 etsi
658 1406 779 1456 secum
793 1380 1114 1454 irerelletannuit.
1129 1380 1250 1456 Ambo

180 1497 301 1598 itaque
311 1496 475 1572 cumsuis
484 1497 625 1570 famulis
633 1495 885 1570 Clarus-Valles
898 1496 1078 1587 abierunt,
1093 1494 1250 1597 benigne

180 1612 387 1689 alratribus
406 1613 501 1687 illius
517 1612 677 1688 coenobii
701 1613 853 1712 suscepti
874 1628 976 1702 sunt,
1002 1613 1063 1713 qui
1089 1613 1249 1714 regulam

180 1731 216 1807 S.
231 1729 417 1805 Benedicti
438 1732 590 1806 omnino
612 1730 657 1803 ad
679 1731 838 1804 litteram
858 1730 1050 1804 observare
1069 1745 1248 1831 satagunt.

181 1847 456 1923 Domnomvero
467 1846 873 1946 Bernardum(a),illius
881 1838 1248 1947 monasteriipattem,

184 1965 427 2065 quesierunt,
440 1991 524 2039 cum
538 1990 584 2039 eo
601 1964 711 2040 locuti
727 1980 830 2054 sunt,
848 1981 885 2038 et
900 1965 1057 2065 plurima
1072 1966 1252 2040 sciscitan-

185 2096 254 2174 tes,
282 2107 452 2182 magnam
485 2082 523 2156 in
554 2078 681 2156 eodem
710 2082 919 2180 sapientiam
943 2084 1171 2157 invenenant.
1200 2084 1253 2156 Ile

184 2198 312 2273 sanctis
332 2198 430 2272 enim
452 2198 648 2298 Scripturis
669 2198 871 2273 luculenter
893 2200 1076 2289 tractarit,
1101 2216 1138 2273 et
1158 2201 1252 2275 votis

184 2339 309 2390 eorum
325 2330 364 2390 et
379 2314 725 2416 interrogationibus
740 2316 919 2391 satisfecit.
941 2316 1091 2391 Causam
1109 2341 1253 2418 quoque

185 2430 407 2506 uticensium
424 2447 464 2504 ut
480 2430 633 2519 audivit,
647 2432 851 2505 Guarinum
864 2430 1031 2508 abbatem
1047 2431 1252 2534 benigniter

186 2547 332 2650 adjuvit,
348 2549 557 2651 litterasque
567 2549 1252 2626 exhortatoriasResbacensiconventui

188 2663 387 2743 destinavit.
399 2665 565 2766 Denique
574 2665 754 2739 Guarinus
767 2665 889 2755 abbas,
905 2692 989 2740 cum
997 2665 1114 2739 Natali
1125 2664 1253 2739 abbate

189 2803 364 2870 mersus,
379 2778 542 2855 Odonem
558 2796 595 2855 et
610 2780 813 2854 Guarinum
827 2781 965 2854 invenit
979 2781 1130 2868 alacres,
1146 2798 1252 2881 atque

190 2895 463 2972 besbacensibus
481 2923 582 2973 caros
598 2913 634 2972 et
651 2896 833 2998 amabiles.
852 2898 969 2972 Erant
989 2899 1133 2999 quippe·
1145 2896 1253 2972 ambo

192 3015 337 3104 maturi,
369 3013 528 3088 affabiles
553 3032 591 3089 et
612 3013 784 3104 modesti,
812 3017 1026 3118 geminaque
1051 3016 1253 3090 litterarum

193 3129 388 3204 eruditione
413 3129 556 3206 imbuti.
583 3134 633 3205 Et
653 3133 816 3234 quamvis
831 3133 1001 3207 facundia
1012 3133 1119 3207 ambo
1135 3132 1254 3231 polle-

194 3261 316 3320 tentet
327 3246 554 3339 eruditione,
570 3248 649 3323 Odo
666 3265 784 3324 tamen
801 3251 989 3325 caritativo
1005 3250 1146 3323 fervore
1158 3276 1254 3322 sum·

194 3386 333 3463 mopere
355 3363 522 3439 studebat
545 3365 613 3438 sibi
634 3367 838 3441 Guarinum
860 3369 1046 3466 proeserre.
1075 3366 1253 3438 Guarinus

219 3592 258 3663 (ι)
273 3590 386 3664 lingui,
407 3593 471 3666 pree
492 3593 646 3650 Touuerre.
657 3624 692 3637 -
706 3593 853 3660 Thiband,
870 3593 914 3651 dit
933 3594 958 3650 le
973 3594 1087 3662 Graud,
1109 3593 1253 3650 deuxiernc

193 3670 228 3728 du
238 3692 304 3730 nom
320 3693 431 3732 comme
443 3687 534 3732 comte
547 3676 583 3733 de
596 3678 785 3751 champagne.

218 3760 259 3834 (a)
279 3762 358 3819 Salat
378 3762 517 3834 bernard,
538 3765 659 3838 premier
675 3763 746 3820 abbe
763 3763 798 3819 de
814 3761 974 3830 Clairvaux,
995 3764 1064 3839 qu’il
1081 3766 1154 3822 avait
1172 3765 1256 3823 tonde

188 3867 221 3906 eu
239 3852 317 3910 ms.
337 3851 388 3908 les
404 3852 477 3909 deux
493 3849 576 3910 abbes
587 3855 682 3911 iurent
696 3854 754 3909 sort
767 3855 895 3910 heureux
911 3853 947 3909 de
963 3853 989 3909 le
1004 3864 1167 3912 rencoutrer
1184 3865 1256 3911 cette

185 3943 313 4000 mee-la
324 3942 395 4000 daus
405 3961 455 4000 sou
467 3947 636 4015 monastero,
648 3963 695 4000 car
705 3945 724 3999 il
735 3945 767 4000 sit
776 3944 848 4000 deux
857 3946 988 4002 absentes
1000 3946 1125 4004 uotables
1138 3971 1143 4002 :
1155 3946 1181 4002 la
1193 3965 1256 4020 pre·

183 4033 269 4090 ntem
283 4054 355 4109 pour
364 4053 395 4093 se
407 4035 522 4106 rendre,
536 4055 571 4092 cn
582 4036 664 4105 avril,
678 4054 715 4090 au
725 4035 831 4092 concile
842 4023 1013 4112 d'litampes,
1027 4038 1096 4095 dont
1108 4038 1128 4094 il
1140 4038 1181 4093 lut
1193 4037 1256 4092 l'ar·

182 4120 270 4191 bitre;
282 4134 312 4180 et
325 4124 351 4181 la
364 4125 483 4182 seconde
496 4144 567 4198 pour
579 4125 646 4182 aller
659 4135 771 4182 trouver
784 4127 810 4182 le
822 4127 863 4182 roi
877 4124 1085 4202 d‘Angleterro,
1100 4137 1129 4182 et
1138 4125 1178 4182 lui
1188 4126 1256 4181 faire

180 4211 338 4356 effu-aner
352 4215 378 4269 le
391 4216 463 4289 parti
476 4215 638 4276 d'lnuorent
653 4218 695 4286 ll,
713 4217 781 4273 dans
792 4217 817 4272 lc
832 4217 950 4275 schisme
963 4218 1011 4292 qui
1025 4215 1133 4281 diritait
1146 4215 1218 4271 alors
1229 4216 1256 4271 la

181 4320 196 4356 e
221 4303 353 4360 retiente'.
487 4306 490 4310 ’
