2888 4934
181 392 221 449 62
359 380 364 391 ’
454 393 635 452 HISTORIA
657 391 961 456 Eccttstastlcl.

183 521 417 607 habebantur,
435 522 480 594 ab
496 525 690 613 extraneis,
703 528 766 624 qui
787 551 888 597 causa
904 525 1025 597 salutis
1042 527 1129 600 illuc
1144 554 1233 602 cors-

183 637 356 725 llucbant,
387 637 701 712 conculcabantur.
724 638 782 711 Ab
799 639 923 713 eodem
946 656 1109 741 tempore
1125 643 1233 717 mira-

182 758 260 828 cula
273 756 462 828 sanitatum
477 755 608 828 ibidem
624 755 700 828 fieri
718 772 958 846 cessaverunt,
971 758 1131 858 quandiu
1144 786 1236 858 prae·

180 875 270 946 fatus
279 873 511 972 berengarius
524 891 559 945 et
569 873 714 945 heredes
725 876 798 973 ejus
807 877 965 947 leterius
980 893 1016 948 et
1027 875 1236 951 Guillelmus

181 1009 288 1091 atque
300 991 486 1062 Gervasius
503 989 676 1088 praedium
691 990 779 1063 illud
796 992 1039 1089 possederunt.

233 1106 449 1206 [560-596.]
465 1135 484 1175 n
495 1106 654 1206 Erogato
666 1107 804 1205 (itaque
817 1135 835 1178 a
850 1108 887 1178 S.
903 1107 1238 1210 Ebrullo)(1lpaue

182 1229 348 1328 pauperi,
367 1254 448 1301 ecce
470 1245 553 1300 ante
574 1228 666 1300 Solis
685 1254 846 1301 occasum
868 1228 1012 1329 quidam
1035 1232 1239 1305 clitellarius

182 1348 329 1419 astitisse
342 1372 409 1443 pro
421 1346 558 1418 loribus
570 1345 707 1418 cellulae
720 1347 813 1417 visus
826 1363 891 1433 est,
904 1374 994 1444 pane
1005 1350 1138 1421 ctrino
1150 1348 1241 1423 suffi-

182 1466 318 1537 cienter
329 1480 487 1535 onustus.
504 1462 572 1554 Qui
586 1488 671 1535 sero
682 1488 764 1534 eum
777 1461 982 1555 adduxerat,
996 1465 1117 1539 dicens
1127 1490 1166 1541 ae
1176 1468 1242 1541 loe·

184 1599 388 1654 necatorem
400 1581 456 1677 (a)
473 1605 563 1664 esse,
582 1580 786 1652 ministrum
800 1579 996 1653 advocavit.
1015 1582 1080 1654 Cui
1098 1582 1240 1657 tradens

184 1725 265 1797 quae
279 1697 466 1782 detulerat,
482 1698 552 1768 ait:
567 1696 815 1794 Vadcfruter,
829 1716 863 1770 et
874 1699 926 1771 da
938 1717 1001 1772 tuo
1012 1701 1151 1775 abbati.
1163 1701 1241 1797 Quo

184 1812 294 1897 dicto,
310 1813 409 1884 velut
422 1813 490 1883 iter
503 1812 714 1899 accelerans,
733 1838 864 1913 equum
876 1814 1033 1887 ascendit
1049 1832 1085 1887 et
1096 1815 1241 1891 festinus

183 1930 356 2003 abscessit.
374 1928 534 2027 Cumque
549 1946 651 2026 pater
667 1953 855 2026 persorram
874 1929 1007 2003 datoris
1021 1933 1238 2032 requireret,

184 2072 395 2145 responsum
417 2063 468 2117 est
486 2047 517 2117 ei
535 2062 668 2145 quanta
692 2047 872 2119 celeritate
888 2046 1109 2122 discessisset.
1127 2049 1241 2123 lntel-

186 2165 273 2238 lexit
293 2190 380 2264 ergo
394 2162 471 2235 haec
489 2162 555 2234 sibi
580 2191 598 2233 a
619 2164 695 2236 Deo
707 2161 821 2235 delata
834 2165 957 2252 luisse,
977 2182 1013 2238 et
1027 2166 1242 2239 exhilaratus

126 2262 130 2275 ⁸
183 2284 330 2382 spiritu,
352 2282 481 2379 gratias
498 2281 571 2379 egit
586 2281 708 2377 pietati
728 2281 801 2378 ejus
820 2281 1019 2369 immensae,
1038 2283 1099 2382 qui
1115 2282 1242 2355 multi-

185 2402 295 2501 plicat
309 2396 590 2470 misericordiam
610 2424 707 2469 suam
727 2399 837 2470 servis
850 2397 937 2494 suis,
952 2416 989 2471 ct
1007 2399 1125 2473 reddit
1138 2401 1242 2499 plura

185 2545 254 2617 pro
278 2517 410 2616 paucis.
449 2513 507 2585 Ab
536 2513 600 2587 illo
624 2538 711 2587 vero
735 2513 793 2586 die
823 2541 1009 2615 uunquam
1033 2516 1144 2590 deluit
1174 2516 1243 2590 illis

184 2632 282 2734 quod
298 2633 411 2732 poscit
423 2657 504 2704 usus
522 2632 687 2703 humanae
701 2632 913 2730 fragilitatis
936 2663 955 2702 u

236 2750 340 2823 «Sed
361 2777 443 2823 cum
461 2749 651 2848 paulatim,
677 2749 738 2851 pio
757 2749 914 2821 Domino
933 2766 1124 2847 praestante
1139 2752 1244 2823 auxi-

186 2872 293 2957 lium,
313 2866 569 2967 temporalibus
581 2864 686 2939 bunis
703 2867 924 2965 augmentari
942 2867 1154 2964 eoepissent,
1174 2866 1244 2939 dun

185 2986 270 3057 saevi
285 2986 440 3057 latrones
455 2983 578 3057 exalia
596 2982 798 3081 provincia,
819 2981 999 3055 audientes
1013 2982 1244 3080 multiplicari

186 3128 313 3174 eorum
331 3099 580 3186 substantiam,
602 3099 812 3170 direxerunt
828 3124 988 3197 gressum
1004 3098 1047 3171 ad
1067 3098 1161 3171 beati
1177 3098 1245 3171 viri

186 3218 371 3307 cellulam,
398 3233 434 3289 et
452 3232 631 3315 assumpta
654 3240 761 3315 grege
782 3241 996 3314 porcorum,
1015 3242 1102 3289 cum
1120 3215 1244 3288 silvam

184 3337 304 3438 egredi
328 3336 553 3418 festinarent,
574 3335 796 3433 reciprocatu
814 3334 943 3405 itinere
958 3335 1069 3431 ipsam
1085 3357 1245 3406 eremum

186 3467 376 3554 coeperunt
408 3451 611 3524 circumire.
654 3450 702 3520 Et
736 3474 810 3522 non
841 3450 1060 3522 invenientes
1095 3445 1245 3521 liberam

223 3771 261 3842 (r)
272 3772 383 3823 Autem.
396 3770 406 3838 (
416 3769 480 3822 lllss.
495 3768 547 3821 Bec
559 3777 588 3820 ct
598 3765 719 3834 Conch.)

222 3860 262 3929 (a)
270 3858 310 3912 Ce
323 3866 390 3921 mot,
400 3856 468 3910 daus
476 3874 525 3910 scu
538 3857 679 3928 acceptior
690 3852 848 3920 liabituelle,
860 3853 968 3926 signifie
978 3854 1094 3919 rrsruier,
1108 3854 1245 3926 preteura

188 3964 284 4001 usnre.
293 3945 370 4000 Nous
379 3962 497 4017 pensum
505 3943 574 4018 qu'il
583 3944 642 4000 saut
655 3944 680 4000 le
690 3943 810 4019 prendre
821 3944 856 3997 ici
867 3942 936 3997 dans
948 3942 1015 3997 celle
1025 3942 1245 4016 d'empruuteur,

188 4038 239 4111 qul
257 4034 350 4090 renuit
369 4032 470 4088 rendre
486 4052 548 4088 arec
563 4053 646 4089 usure
666 4053 697 4089 ce
717 4033 784 4109 qu‘il
798 4034 868 4087 avait
885 4050 950 4106 regu
962 4032 1095 4107 quelques
1111 4042 1245 4089 momenta

188 4135 366 4199 anpararaut.
