2888 4934
184 456 245 517 utu
463 450 648 513 HISTORIA
670 452 977 513 ECCLESIASTICA.
1146 450 1246 529 [1089]

184 587 315 660 Sancti
329 587 433 658 Petri
445 586 460 684 (
467 585 520 685 s),
534 601 567 657 et
580 584 723 684 reliqna
735 611 818 684 qua
831 583 1096 656 rationabiliter
1105 597 1142 654 et
1153 578 1248 680 lega·

182 703 264 776 liter
276 706 475 802 poterimus
491 700 717 801 approbare,
737 702 840 801 qnod
853 718 976 775 nostra
996 697 1158 772 debeant
1178 724 1248 772 esse

181 818 399 895 hereditario
411 823 506 919 jure.
529 820 701 917 legitimi
715 820 897 918 siqnidem
920 819 1008 890 nribi
1023 832 1132 890 testes
1151 832 1246 905 sunt,

181 954 215 1011 et
225 940 263 1010 in
275 936 444 1010 omnibns
455 937 587 1025 idonei,
602 937 701 1041 qnod
711 936 890 1010 Robertns
903 937 951 1009 de
965 933 1248 1034 Gnaceio,ſslius

172 1050 332 1159 ,profati
346 1040 505 1154 Badnlfi'
513 1056 643 1155 patrui
657 1055 748 1144 mei,
769 1082 826 1127 me
842 1057 951 1128 totius
961 1056 1064 1156 juris
1077 1054 1141 1126 sui
1153 1051 1249 1125 bem·

81 1248 85 1255 ,
181 1170 265 1244 dem
276 1171 470 1245 constitnit.
490 1169 566 1242 Sed
582 1168 797 1242 Guiilelmas
815 1195 891 1258 rer,
909 1167 1150 1242 consobrinus
1164 1192 1249 1240 nos-

183 1304 245 1378 ter,
265 1291 352 1386 qnia
370 1287 556 1384 potentior
574 1281 780 1383 nobissuit,
797 1312 920 1358 omnes
937 1285 1149 1358 hereditatis
1165 1308 1249 1387 nos-

182 1421 248 1475 tra:
266 1418 413 1503 partes,
434 1403 529 1474 sient
553 1401 608 1473 leo
631 1406 668 1471 in
689 1406 885 1500 partitione
908 1405 1018 1490 cerri,
1041 1394 1247 1498 suasfecit.

184 1523 274 1610 His,
294 1519 439 1592 dontine
456 1517 556 1605 dua,
571 1524 757 1620 sapienter
772 1520 1033 1607 consideratis,
1054 1535 1135 1590 tene
1146 1517 1251 1590 meti-

183 1637 345 1713 tudinem
363 1638 488 1725 nobis,
510 1654 543 1708 et
556 1662 623 1709 nos
638 1641 707 1710 tuis
722 1635 1049 1739 obtemperabimus
1060 1635 1194 1733 jnssr's.

231 1754 312 1826 Dux
325 1768 458 1837 autem,
476 1752 679 1851 hujusmodi
697 1753 931 1851 responsione
947 1750 1085 1841 audita,
1104 1775 1148 1823 ex
1164 1773 1286 1823 oon-—

183 1875 279 1946 sultu
308 1873 510 1970 sapientum
534 1869 693 1944 decrevit
723 1870 808 1943 dare
829 1873 990 1956 minora,
1020 1894 1065 1941 ne
1088 1866 1286 1967 perderet

183 1991 332 2091 majora.
352 1989 454 2059 Tunc
477 1985 640 2087 Edgarus
661 1985 833 2060 Adelinus
847 1989 921 2086 (a),
941 2002 977 2059 et
990 1983 1172 2059 Robertus
1191 1984 1286 2055 lte-

185 2105 384 2193 lesmensis,
401 2120 508 2205 anpue
519 2103 733 2177 Guillelmus
748 2104 792 2177 de
805 2103 948 2193 Archis,
963 2100 1161 2176 monachus
1174 2099 1282 2174 Μο-

185 2224 360 2297 lismensis
381 2221 458 2321 (3),
476 2223 648 2319 praecipui
673 2219 773 2294 ducis
795 2221 988 2295 consiliarii
1013 2234 1131 2293 erant.
1151 2217 1271 2292 Guil-

186 2338 286 2414 lelmi
320 2362 408 2438 ergo
447 2336 695 2428 Ebroicensis,
734 2355 770 2411 et
807 2337 991 2411 GuiHelmi
1028 2334 1263 2409 Bretoliensis

189 2455 329 2555 nepotis
345 2455 421 2555 ejus
443 2454 676 2552 petitionibus
692 2454 764 2527 dux
788 2455 987 2554 adquievit,
1007 2470 1042 2527 et
1056 2451 1255 2551 praenomi·

188 2591 271 2648 nata
290 2598 373 2646 cum
392 2572 590 2647 territoriis
600 2575 671 2644 suis
695 2570 825 2673 oppida
849 2570 996 2660 tribuit,
1015 2587 1154 2670 praeter
1169 2569 1249 2642 Soo-

190 2692 326 2781 ceium,
342 2687 440 2791 quod
453 2687 627 2761 Girardus
643 2689 688 2762 de
703 2688 869 2763 Gornaco
887 2688 941 2787 (4)
956 2686 1181 2787 possidebat,
1197 2682 1245 2786 qni

189 2810 234 2881 de
261 2804 384 2882 eadem
412 2806 595 2905 parentela
625 2805 823 2905 prodierat.
850 2807 961 2877 Filius
981 2806 1080 2877 enim
1101 2804 1241 2883 Basilis,

190 2921 333 2996 Girardi
356 2922 509 2995 Fleitelli
534 2922 638 3013 filiae,
667 2939 763 3010 erat,
785 2928 965 3022 tantasque
981 2921 1176 3020 potentin,
1203 2913 1241 2991 cui

193 3065 300 3113 nemo
319 3040 392 3110 vim
409 3039 539 3112 inferre
555 3056 710 3139 poterat.
727 3039 865 3113 Deinde
882 3036 1151 3138 Andegavensis
1173 3060 1242 3110 con·

192 3159 246 3231 sul
266 3156 492 3254 concupitam
507 3157 664 3255 puellam
676 3156 832 3258 gaudens
844 3157 1013 3254 suscepit,
1032 3172 1082 3245 et,
1103 3150 1241 3229 viventi·

192 3275 259 3348 bus
272 3272 386 3347 adhuc
402 3272 538 3347 duabus
554 3274 740 3362 uxoribus,
762 3276 905 3348 tertiam
917 3272 1167 3372 desponsavit,
1181 3289 1240 3371 qut

193 3392 308 3465 filium
327 3393 373 3481 ei,
389 3393 537 3465 nomine
550 3390 746 3466 Fulconem
761 3394 913 3491 peperit.
935 3392 1106 3489 Pactique
1118 3391 1238 3464 suime-

194 3535 288 3597 mor,
301 3509 413 3582 Fulco
427 3509 680 3583 Cenomannos
692 3509 799 3598 adiit,
814 3534 944 3610 eosque
956 3509 1038 3608 plus
1050 3504 1206 3608 precibus
1215 3512 1239 3570 et

194 3627 393 3725 promissis,
414 3653 521 3726 quam
540 3628 574 3699 vi
592 3653 818 3727 compescere
841 3625 996 3715 studuit,
1019 3641 1057 3698 et
1079 3622 1238 3724 conspin‘

231 3871 270 3939 (s)
284 3871 319 3923 Le
332 3870 620 3928 nont-sainnrinse.

232 3960 271 4027 (a)
284 3957 377 4031 Edgar
389 3961 534 4036 Atheliug.
550 3963 589 4019 Ce
604 3982 639 4018 ne
651 3963 742 4018 devait
756 3981 804 4036 pas
816 3964 875 4019 iitre
890 3982 929 4018 un
942 3979 1116 4036 personnage
1130 3956 1236 4034 ροὶὶίὶῑῐῦε

198 4044 281 4101 d'une
295 4047 380 4102 haute
394 4050 525 4122 capacite.

232 4133 271 4208 (ὃ)
283 4135 443 4193 Guiliannrc
456 4139 606 4213 d'Arqnes,
622 4142 713 4194 moine
726 4141 761 4194 dr
775 4142 907 4207 Materne,
922 4158 957 4196 en
971 4141 1149 4212 Bourgogne.

236 4228 274 4295 (i)
292 4228 382 4299 Voyez
399 4229 547 4296 crdessus,
563 4249 591 4302 p.
605 4229 667 4305 3¹9·
