2872 4920
183 453 244 514 230
454 450 638 511 Htsionls
657 451 964 513 mansissem.
1137 452 1250 531 [10⁸7]

231 583 456 673 Nonnanni,
474 586 511 655 si
527 583 621 657 bono
636 583 829 684 rigidoque
841 584 1037 656 dominatu
1053 598 1246 684 reguntur,

181 700 424 775 stratuissimi
442 715 545 789 sunt,
562 715 598 772 et
621 703 660 772 in
679 700 808 773 arduis
832 698 937 772 rebus
958 700 1101 790 maiori,
1122 703 1249 773 ornnes

180 815 383 907 eccellunt,
400 832 434 889 et
447 818 587 890 cunctis
603 816 762 889 hostibus
765 815 948 915 fortiores
963 842 1140 917 superare
1151 841 1250 889 con-

181 932 344 1007 tendunt.
365 932 545 1031 Alioquin
562 960 638 1006 sese
656 935 818 1006 vicissim
835 932 1021 1006 dilaniant
1036 948 1150 1032 atque
1164 957 1251 1007 con·

181 1067 341 1125 sumunt.
364 1049 594 1124 Rebelliones
615 1053 711 1123 enim
737 1053 908 1151 cupiunt,
935 1051 1130 1123 seditiones
1153 1051 1250 1122 enim

182 1183 378 1272 appetunt,
398 1183 433 1240 et
457 1167 510 1241 ad
531 1195 637 1242 omne
657 1165 764 1270 nesus
780 1171 944 1271 prompti
959 1186 1055 1241 sunt.
1080 1168 1249 1241 Rectiu-

183 1285 281 1359 dinr's
304 1310 389 1382 ergo
394 1281 496 1383 sorti
516 1311 671 1359 censura
692 1301 939 1372 coemuntur,
963 1302 998 1357 et
999 1282 1116 1385 freno
1133 1283 1251 1357 dissi-

178 1402 295 1504 plinae
314 1428 388 1504 per
410 1406 590 1476 tramitem
610 1404 764 1503 justitiae
791 1402 940 1503 gradiri
967 1401 1248 1503 compellantur.

182 1520 224 1593 Si.
237 1546 322 1592 uem
335 1518 391 1591 ad
402 1518 543 1591 libitam
554 1547 660 1592 suum
674 1522 754 1592 sine
758 1522 856 1621 jugo
864 1578 877 1611 ‚
893 1536 932 1593 ut
950 1520 1147 1593 indonu'tus
1163 1544 1251 1591 ana·

180 1664 261 1739 ger,
281 1641 333 1709 ire
347 1639 616 1738 permittuntur,
629 1641 704 1741 ipsi
712 1655 748 1710 et
760 1643 943 1740 principes
960 1662 1082 1711 eorum
1089 1641 1251 1739 pensuia

180 1770 217 1826 et
228 1748 442 1851 wrffusione
454 1752 636 1855 probrosa
650 1756 894 1856 oppen'entur.
909 1752 1081 1827 Pluribus
1095 1751 1165 1826 boc
1176 1776 1251 1824 ex-

180 1871 392 1974 perimentis
398 1869 629 1969 jamdudum
646 1870 796 1944 edidici.
814 1872 1006 1961 Proximi,
1027 1871 1250 1970 consangui·

182 1994 308 2090 meique
322 1993 404 2080 mei,
421 1993 486 2088 qui
505 1988 713 2063 debuissent
729 2007 855 2064 contra
869 2015 995 2063 omnes
1007 1988 1181 2062 mortales
1192 2013 1251 2062 me

182 2107 402 2180 onmimodis
415 2109 540 2197 tutari,
542 2104 730 2208 frequenti
742 2108 1013 2209 conspiratione
1013 2105 1128 2205 sacta
1144 2109 1184 2177 in
1195 2131 1253 2177 me

182 2241 432 2314 tumuerunt,
452 2240 487 2296 et
498 2249 594 2325 pene
608 2249 749 2297 omnem
766 2231 886 2326 patn's
908 2224 982 2295 nui
1002 2221 1252 2295 barudt'tatem

184 2335 275 2408 mibi
289 2335 525 2409 abstulerunt.

234 2451 374 2541 Guido,
391 2451 573 2525 Rainaldi
586 2453 893 2552 Burgundionum
903 2450 1075 2549 ducis(1)
1086 2474 1139 2520 ex
1152 2446 1252 2521 Ade-

186 2572 258 2644 liza
283 2573 401 2643 amita
426 2597 508 2644 mea
520 2570 649 2671 filius,
676 2572 813 2643 malum
838 2568 931 2644 milii
952 2595 1020 2670 pro
1044 2567 1141 2642 bono
1167 2566 1254 2640 ned·

184 2686 418 2762 dictitivam
437 2714 504 2788 ego
523 2716 625 2778 em,
644 2687 693 2761 de
711 2686 788 2761 olio
806 2691 953 2787 regione
975 2685 1253 2774 aduentantem,

186 2805 390 2905 benigniter
412 2831 662 2906 susceperam,
681 2833 728 2878 ac
752 2823 792 2877 ut
809 2799 1123 2902 unicumfratrem
1135 2800 1256 2875 leono-

184 2947 347 2995 raoeram
355 2979 368 3012 ,
392 2941 503 3022 atque
521 2924 564 2996 V
559 2944 731 2995 ernonum
751 2938 785 2994 et
803 2923 996 2994 Bn’onium
1011 2920 1082 3018 (a),
1099 2935 1257 3019 purtem·

186 3063 255 3140 que
270 3037 518 3112 Normannioe
539 3066 611 3111 non
627 3038 810 3113 modicam
830 3039 1062 3111 donaveram.
1081 3034 1154 3110 Ille
1172 3063 1257 3110 uero

185 3155 304 3235 uerbis
325 3173 361 3229 et
382 3155 528 3230 actibus
545 3156 637 3229 milti
649 3157 860 3257 derogauin·
876 3183 934 3230 me
952 3156 1118 3242 nothum,
1136 3152 1256 3253 dege·

185 3300 396 3377 neremque,
424 3291 458 3346 et
474 3277 688 3378 principatu
711 3274 903 3375 indignum
927 3275 1124 3348 detestatus
1153 3271 1257 3344 indi-

219 3600 258 3674 (ι)
272 3598 347 3668 Gai,
360 3599 505 3657 deuxiime
517 3599 559 3656 fils
571 3599 607 3657 de
620 3599 751 3669 Rimanti,
766 3601 887 3675 premier
896 3600 935 3655 du
948 3616 1029 3661 nom.
1043 3607 1135 3653 comte
1145 3597 1187 3666 (et
1198 3613 1256 3652 nou

185 3707 234 3762 pes
244 3685 310 3761 duc)
322 3688 357 3744 de
369 3688 538 3765 Bourgogue
551 3691 561 3762 (
565 3688 666 3766 1027·3
679 3700 750 3764 sept.
767 3691 863 3767 1057),
883 3700 912 3746 et
923 3689 1075 3755 isdum,
1089 3685 1146 3743 fille
1156 3686 1194 3743 de
1205 3686 1258 3743 Ri-

184 3777 273 3833 chard
291 3778 329 3833 11.
348 3779 403 3837 Sur
417 3799 473 3837 une
490 3781 586 3837 charte
603 3781 639 3836 de
656 3781 751 3855 Roget
766 3780 802 3836 de
820 3779 1037 3854 Montgommeri
1053 3797 1089 3834 en
1106 3777 1204 3833 luteus
1222 3776 1257 3833 de

185 3869 344 3944 tumie'ges,
363 3888 399 3926 on
412 3882 509 3928 trouve
525 3891 553 3927 sa
567 3873 752 3947 souscsiptiou
764 3890 828 3928 avec
840 3871 866 3927 le
881 3872 947 3926 titre
961 3870 997 3926 de
1008 3875 1099 3925 comte
1113 3891 1120 3922 ι
1136 3868 1258 3942 Signum

191 3960 438 4017 Widoniseomitis.
446 3961 1051 4020 samiresdelisehabitaimNormandieen
1061 3959 1139 4035 1075,
1146 3961 1258 4036 epoque

185 4052 224 4107 ou
230 4049 283 4107 elie
291 4049 418 4122 disputa,
430 4069 465 4106 en
474 4051 567 4108 favour
579 4051 614 4110 de
625 4052 939 4127 l’Abbaye·aux·Dames
948 4051 983 4106 de
992 4051 1085 4117 (ἕπευ,
1100 4047 1136 4105 de
1146 4047 1257 4104 istem

185 4140 224 4197 du
234 4140 552 4201 Homine-efficientia
564 4167 569 4196 :
584 4143 713 4199 Castrum
724 4142 1013 4217 quoddiciturflmus
1022 4143 1051 4195 in
1062 4139 1257 4195 Constantino.

221 4233 261 4303 (π)
275 4232 566 4301 Ἷοωοη·ευτ·5εἰῃο,
580 4244 608 4289 et
623 4233 753 4289 Brionnc.
