2872 4920
178 393 242 455 biib
449 388 634 449 HISTORIA
656 387 967 451 ECCLESIASTICA.
996 394 1260 471 [inruun01097]

179 522 224 596 ad
246 535 389 622 portam
415 520 567 593 civitatis
591 523 768 619 persecuti
785 538 882 594 sunt.
905 521 1044 596 Deinde
1058 523 1258 599 Balduinus

180 641 279 714 illico
292 639 363 711 suis
375 638 478 738 jussit
494 653 535 710 ut
554 637 686 711 ibidem
706 640 861 712 tentoria
879 638 1052 740 figerent,
1073 656 1111 714 et
1127 640 1258 716 urbem

181 756 402 832 obsiderent.
422 758 463 829 ln
480 755 573 833 urbe
588 782 676 832 vero
701 758 836 830 multus
856 784 944 832 mox
959 759 1133 858 strepitus
1152 785 1258 834 exor-

182 895 238 950 tus
256 892 324 963 est,
343 891 379 948 et
400 876 554 974 populus
572 875 739 949 inunum
756 876 916 976 undique
930 894 1171 977 congregatus
1187 896 1254 952 est.

230 978 334 1067 Tune
347 994 491 1084 Tobias,
507 992 557 1068 de·
567 993 793 1092 primoribus
806 994 960 1067 civitatis
971 995 1163 1083 maximus,
1178 997 1229 1073 ait
1244 1025 1254 1069 s

186 1112 218 1185 0
235 1112 321 1185 boni
337 1119 449 1201 cives,
460 1112 659 1213 paulisper
673 1113 866 1211 quiescite,
882 1139 1024 1213 queeso,
1044 1131 1080 1184 et
1090 1137 1161 1211 ego
1175 1140 1256 1186 cum

181 1229 297 1302 tribus
310 1228 573 1302 contribulibus
586 1231 676 1302 meis
689 1229 798 1302 modo
814 1232 980 1304 Francos
996 1229 1128 1320 adibo,
1144 1248 1179 1301 et
1192 1258 1257 1304 cur

183 1347 317 1420 abillis
334 1346 547 1419 obsidemur
559 1344 764 1445 indagabo.
785 1345 947 1439 Quntuor
967 1347 1079 1446 igitur
1096 1348 1256 1444 optima-

184 1482 236 1538 tes
254 1463 356 1536 urbis
373 1463 504 1562 egressi
523 1479 624 1552 sunt,
644 1479 679 1536 et
704 1489 845 1537 censam
869 1479 943 1535 tam
963 1463 1167 1561 repentinae
1188 1461 1257 1536 ob-

182 1580 331 1654 sidionis
358 1581 612 1680 inquisierunt.
636 1577 831 1652 Balduinus
855 1577 1043 1677 respondit
1072 1609 1080 1650 :
1108 1580 1257 1651 Fratres

183 1725 282 1771 meos
306 1716 341 1770 et
362 1702 501 1770 amicos
519 1714 553 1770 et
568 1696 726 1769 nobilem
744 1699 946 1770 exercitum
966 1697 1257 1769 Christianorum

186 1818 225 1888 in
246 1815 381 1891 Cilicia
395 1815 525 1886 dimisi
537 1832 571 1886 et
590 1842 674 1888 cum
690 1840 748 1887 coc
764 1814 939 1886 militibus
955 1816 1113 1911 egregiis
1130 1816 1259 1887 seruire

185 1933 291 2008 vobis
305 1932 377 2006 huc
390 1933 542 2023 adveni,
563 1950 596 2004 et
609 1931 713 2005 nobis
725 1932 884 2033 ducique
901 1948 1019 2005 vestro
1033 1933 1073 2003 in
1089 1931 1257 2004 omnibus

183 2066 439 2153 propugnator
441 2049 576 2145 fidelis
593 2051 712 2121 eatiti.
737 2049 941 2121 Christiani
954 2075 1022 2147 pro
1038 2073 1168 2120 amore
1183 2074 1258 2120 meo

187 2167 319 2240 limites
332 2185 465 2239 vestra
483 2168 646 2266 regionis
664 2166 877 2264 contingere
893 2166 1002 2237 ueriti
1010 2182 1115 2249 sunt,
1135 2164 1260 2237 nullo-

187 2285 389 2383 quemodo
419 2284 598 2356 damnum
628 2283 782 2389 aliquod
803 2283 911 2355 'vobt's
938 2282 1151 2356 intulerunt.
1176 2283 1262 2380 Ego

188 2429 271 2475 cum
298 2406 386 2474 meis
415 2416 545 2474 contra
559 2402 744 2500 finitimos
769 2400 884 2473 hostes
911 2402 1046 2473 acriter
1063 2400 1261 2500 praticae

188 2521 290 2609 sum,
308 2535 342 2591 et
358 2519 406 2594 de
424 2518 585 2591 inimicis
600 2520 732 2591 vestris
740 2577 752 2609 ,
772 2518 826 2591 ad
838 2534 997 2597 cestram
1007 2543 1144 2619 pacem
1159 2534 1193 2588 et
1209 2543 1262 2588 se·

189 2641 379 2711 caritatem
386 2634 667 2735 ,frequentibus
690 2634 876 2736 triumphis
888 2637 1027 2736 potitus
1050 2661 1148 2707 sum.
1170 2635 1262 2706 Hac

187 2754 320 2854 procul
336 2751 450 2827 dubio
468 2779 535 2826 vos
557 2755 628 2853 ipsi
642 2753 788 2825 vidistis
794 2809 807 2842 ,
829 2768 864 2825 et
882 2779 947 2826 vos
963 2752 1123 2824 veridici
1135 2752 1264 2824 horum

190 2872 312 2962 nobis,
342 2888 381 2943 ut
410 2875 554 2972 opinor,
584 2870 844 2969 astipulatores
868 2874 979 2944 eritis.
1012 2871 1121 2970 Quid
1154 2873 1265 2968 igitur

190 3016 280 3090 ega,
301 2992 463 3085 sociique
481 2992 551 3059 mei
570 2986 679 3059 hodie
686 2985 951 3084 peccavimus?
973 2988 1074 3059 Dum
1103 2987 1160 3059 ad
1182 3013 1262 3058 ues-

192 3121 286 3194 th,
307 3104 404 3175 sicut
415 3101 495 3174 heri
509 3119 544 3179 et
561 3103 857 3191 nudiustertius,
876 3102 972 3173 lares
987 3104 1058 3174 tuti
1074 3102 1262 3203 repedare·

192 3249 294 3310 mus,
315 3238 350 3292 et
366 3220 630 3292 commilitones
643 3221 775 3308 nostri,
792 3245 840 3290 ea
856 3220 1037 3319 insperato
1049 3221 1186 3290 strictis
1197 3244 1261 3290 nos

193 3340 247 3414 ad
262 3364 387 3412 necem
399 3341 628 3439 impetierunt
637 3336 781 3436 gladiis
797 3354 832 3409 et
844 3337 1052 3410 missilibus.
1071 3336 1151 3409 Sed
1162 3337 1262 3409 nobis

193 3460 231 3526 in
249 3470 353 3527 tanta
376 3455 588 3525 necessitate
606 3453 868 3541 resistentibus,
888 3469 922 3524 et
941 3452 1154 3525 Christiano
1170 3478 1264 3524 more

193 3574 313 3655 Deum
331 3570 598 3659 invocantibus,
625 3571 804 3660 Christus,
822 3578 920 3644 Deus
934 3586 1069 3659 noster,
1089 3575 1154 3670 qui
1169 3595 1263 3641 sern-

190 3692 340 3789 persuis
346 3706 538 3789 promptus
550 3689 782 3788 adjutorest,
796 3689 899 3763 nobis
913 3687 959 3761 de
972 3687 1063 3759 coelo
1076 3688 1262 3759 auxilium

189 3806 492 3907 praestolantibus
498 3805 877 3879 celen'terauxiliatus
885 3823 950 3880 est.
963 3805 1265 3906 Commonipula·

195 3951 251 4005 res
260 3929 385 4011 nostri,
398 3925 462 4023 qui
471 3951 536 3995 nos
549 3923 724 3997 hostiliter
734 3930 900 4025 aggressi
910 3941 1008 4014 sunt,
1019 3950 1129 3997 arma
1141 3940 1264 3997 nostra

193 4069 259 4143 pro
283 4041 477 4122 animabus
503 4045 632 4115 nostris
658 4060 784 4116 exerta
806 4059 1077 4144 persenserunt,
1103 4058 1138 4113 et
1164 4059 1265 4140 terga

196 4162 324 4234 dantes
330 4159 536 4259 fugerunt,-
555 4161 751 4258 exquibus
769 4162 957 4251 nonnulli,
984 4178 1022 4233 ut
1043 4160 1169 4234 cidere
1188 4184 1264 4261 po-
