<?xml version="1.0" encoding="UTF-8"?>
<!DOCTYPE html PUBLIC "-//W3C//DTD XHTML 1.0 Transitional//EN"
    "http://www.w3.org/TR/xhtml1/DTD/xhtml1-transitional.dtd">
<html xmlns="http://www.w3.org/1999/xhtml" xml:lang="en" lang="en">
 <head>
  <title>
</title>
<meta http-equiv="Content-Type" content="text/html;charset=utf-8" />
  <meta name='ocr-system' content='tesseract 3.04.00' />
  <meta name='ocr-capabilities' content='ocr_page ocr_carea ocr_par ocr_line ocrx_word'/>
</head>
<body>
  <div class='ocr_page' id='page_1' title='image "./ordericivitalis05deligoog/ordericivitalis05deligoog_0434.png"; bbox 0 0 2888 4934; ppageno 0'>
   <div class='ocr_carea' id='block_1_1' title="bbox 551 431 1249 494">
    <p class='ocr_par' dir='ltr' id='par_1_1' title="bbox 551 431 1249 494">
     <span class='ocr_line' id='line_1_1' title="bbox 551 431 1249 494; baseline 0.001 -2"><span class='ocrx_word' id='word_1_1' title='bbox 551 432 667 494; x_wconf 81' lang='lat' dir='ltr'>LIBER</span> <span class='ocrx_word' id='word_1_2' title='bbox 688 431 875 493; x_wconf 75' lang='lat' dir='ltr'><strong>OCTAVUS.</strong></span> <span class='ocrx_word' id='word_1_3' title='bbox 1189 433 1249 493; x_wconf 71' lang='lat' dir='ltr'><strong>l‘lss</strong></span> 
     </span>
    </p>
   </div>
   <div class='ocr_carea' id='block_1_2' title="bbox 181 562 1283 3943">
    <p class='ocr_par' dir='ltr' id='par_1_2' title="bbox 181 562 1283 3943">
     <span class='ocr_line' id='line_1_2' title="bbox 181 562 1249 663; baseline 0.002 -29"><span class='ocrx_word' id='word_1_4' title='bbox 181 576 287 651; x_wconf 90' lang='lat' dir='ltr'><strong>runt,</strong></span> <span class='ocrx_word' id='word_1_5' title='bbox 313 587 460 662; x_wconf 87' lang='lat' dir='ltr'><strong>suasque</strong></span> <span class='ocrx_word' id='word_1_6' title='bbox 481 564 712 661; x_wconf 89' lang='lat' dir='ltr'><strong>postmodum</strong></span> <span class='ocrx_word' id='word_1_7' title='bbox 734 564 881 663; x_wconf 86' lang='lat' dir='ltr'><strong>injurias</strong></span> <span class='ocrx_word' id='word_1_8' title='bbox 896 562 1040 635; x_wconf 82' lang='lat' dir='ltr'><strong>sortiter</strong></span> <span class='ocrx_word' id='word_1_9' title='bbox 1056 563 1123 636; x_wconf 90' lang='lat' dir='ltr'><strong>ulti</strong></span> <span class='ocrx_word' id='word_1_10' title='bbox 1145 580 1249 654; x_wconf 88' lang='lat' dir='ltr'><strong>sunt;</strong></span> 
     </span>
     <span class='ocr_line' id='line_1_3' title="bbox 181 678 1251 779; baseline -0.001 -26"><span class='ocrx_word' id='word_1_11' title='bbox 181 704 252 778; x_wconf 84' lang='lat' dir='ltr'><strong>pm</strong></span> <span class='ocrx_word' id='word_1_12' title='bbox 267 678 420 779; x_wconf 86' lang='lat' dir='ltr'><strong>quibus,</strong></span> <span class='ocrx_word' id='word_1_13' title='bbox 448 681 500 769; x_wconf 90' lang='lat' dir='ltr'><strong>si,</strong></span> <span class='ocrx_word' id='word_1_14' title='bbox 520 679 674 753; x_wconf 90' lang='lat' dir='ltr'><strong>hnmana</strong></span> <span class='ocrx_word' id='word_1_15' title='bbox 693 681 833 754; x_wconf 88' lang='lat' dir='ltr'><strong>ratione</strong></span> <span class='ocrx_word' id='word_1_16' title='bbox 853 695 889 752; x_wconf 89' lang='lat' dir='ltr'><strong>et</strong></span> <span class='ocrx_word' id='word_1_17' title='bbox 907 679 1095 752; x_wconf 90' lang='lat' dir='ltr'><strong>clementia</strong></span> <span class='ocrx_word' id='word_1_18' title='bbox 1117 695 1251 768; x_wconf 86' lang='lat' dir='ltr'><strong>tactus,</strong></span> 
     </span>
     <span class='ocr_line' id='line_1_4' title="bbox 182 795 1255 898; baseline 0.006 -32"><span class='ocrx_word' id='word_1_19' title='bbox 182 795 372 885; x_wconf 77' lang='lat' dir='ltr'><strong>voluisset,</strong></span> <span class='ocrx_word' id='word_1_20' title='bbox 402 799 587 898; x_wconf 87' lang='lat' dir='ltr'><strong>ingentem</strong></span> <span class='ocrx_word' id='word_1_21' title='bbox 616 824 761 873; x_wconf 89' lang='lat' dir='ltr'><strong>censum</strong></span> <span class='ocrx_word' id='word_1_22' title='bbox 789 815 826 871; x_wconf 89' lang='lat' dir='ltr'><strong>et</strong></span> <span class='ocrx_word' id='word_1_23' title='bbox 847 796 1043 872; x_wconf 89' lang='lat' dir='ltr'><strong>honorifica</strong></span> <span class='ocrx_word' id='word_1_24' title='bbox 1066 799 1255 897; x_wconf 81' lang='lat' dir='ltr'>percipere</span> 
     </span>
     <span class='ocr_line' id='line_1_5' title="bbox 184 914 1253 1012; baseline 0 -25"><span class='ocrx_word' id='word_1_25' title='bbox 184 914 330 987; x_wconf 84' lang='lat' dir='ltr'><strong>servitia·</strong></span> <span class='ocrx_word' id='word_1_26' title='bbox 338 916 525 1012; x_wconf 83' lang='lat' dir='ltr'><strong>potuisset.</strong></span> <span class='ocrx_word' id='word_1_27' title='bbox 539 915 729 989; x_wconf 82' lang='lat' dir='ltr'><strong>Terribilis</strong></span> <span class='ocrx_word' id='word_1_28' title='bbox 745 915 882 1003; x_wconf 88' lang='lat' dir='ltr'><strong>multis,</strong></span> <span class='ocrx_word' id='word_1_29' title='bbox 901 914 1036 989; x_wconf 91' lang='lat' dir='ltr'><strong>multos</strong></span> <span class='ocrx_word' id='word_1_30' title='bbox 1052 914 1253 1006; x_wconf 83' lang='lat' dir='ltr'><strong>metuebat,</strong></span> 
     </span>
     <span class='ocr_line' id='line_1_6' title="bbox 186 1031 1259 1132; baseline 0.002 -28"><span class='ocrx_word' id='word_1_31' title='bbox 186 1046 224 1104; x_wconf 91' lang='lat' dir='ltr'><strong>et</strong></span> <span class='ocrx_word' id='word_1_32' title='bbox 231 1031 316 1130; x_wconf 89' lang='lat' dir='ltr'><strong>quia</strong></span> <span class='ocrx_word' id='word_1_33' title='bbox 328 1032 464 1129; x_wconf 89' lang='lat' dir='ltr'><strong>plures,</strong></span> <span class='ocrx_word' id='word_1_34' title='bbox 480 1033 697 1106; x_wconf 83' lang='lat' dir='ltr'><strong>conscientia</strong></span> <span class='ocrx_word' id='word_1_35' title='bbox 712 1031 872 1107; x_wconf 89' lang='lat' dir='ltr'><strong>mordaci</strong></span> <span class='ocrx_word' id='word_1_36' title='bbox 884 1032 1105 1123; x_wconf 77' lang='lat' dir='ltr'><strong>stimulante,</strong></span> <span class='ocrx_word' id='word_1_37' title='bbox 1114 1056 1259 1132; x_wconf 83' lang='lat' dir='ltr'><strong>suspec-</strong></span> 
     </span>
     <span class='ocr_line' id='line_1_7' title="bbox 187 1144 1260 1248; baseline 0.002 -30"><span class='ocrx_word' id='word_1_38' title='bbox 187 1161 243 1218; x_wconf 87' lang='lat' dir='ltr'><strong>tos</strong></span> <span class='ocrx_word' id='word_1_39' title='bbox 270 1144 445 1235; x_wconf 87' lang='lat' dir='ltr'><strong>habebat,</strong></span> <span class='ocrx_word' id='word_1_40' title='bbox 474 1165 581 1222; x_wconf 90' lang='lat' dir='ltr'><strong>nocte</strong></span> <span class='ocrx_word' id='word_1_41' title='bbox 607 1148 736 1248; x_wconf 87' lang='lat' dir='ltr'><strong>dieque</strong></span> <span class='ocrx_word' id='word_1_42' title='bbox 765 1147 995 1222; x_wconf 87' lang='lat' dir='ltr'><strong>meticulosus</strong></span> <span class='ocrx_word' id='word_1_43' title='bbox 1024 1147 1061 1220; x_wconf 93' lang='lat' dir='ltr'><strong>in</strong></span> <span class='ocrx_word' id='word_1_44' title='bbox 1089 1148 1260 1220; x_wconf 83' lang='lat' dir='ltr'><strong>aerumnis</strong></span> 
     </span>
     <span class='ocr_line' id='line_1_8' title="bbox 187 1263 1258 1367; baseline 0.001 -32"><span class='ocrx_word' id='word_1_45' title='bbox 187 1264 313 1363; x_wconf 89' lang='lat' dir='ltr'><strong>utique</strong></span> <span class='ocrx_word' id='word_1_46' title='bbox 326 1263 531 1355; x_wconf 83' lang='lat' dir='ltr'><strong>laborabat,</strong></span> <span class='ocrx_word' id='word_1_47' title='bbox 547 1263 686 1367; x_wconf 86' lang='lat' dir='ltr'><strong>sibique</strong></span> <span class='ocrx_word' id='word_1_48' title='bbox 701 1267 761 1339; x_wconf 88' lang='lat' dir='ltr'><strong>vix</strong></span> <span class='ocrx_word' id='word_1_49' title='bbox 776 1266 933 1366; x_wconf 85' lang='lat' dir='ltr'><strong>aliquem</strong></span> <span class='ocrx_word' id='word_1_50' title='bbox 948 1263 1061 1337; x_wconf 88' lang='lat' dir='ltr'><strong>fidum</strong></span> <span class='ocrx_word' id='word_1_51' title='bbox 1077 1263 1258 1339; x_wconf 87' lang='lat' dir='ltr'><strong>credebat.</strong></span> 
     </span>
     <span class='ocr_line' id='line_1_9' title="bbox 188 1381 1265 1484; baseline 0.002 -32"><span class='ocrx_word' id='word_1_52' title='bbox 188 1381 296 1454; x_wconf 89' lang='lat' dir='ltr'><strong>Miles</strong></span> <span class='ocrx_word' id='word_1_53' title='bbox 312 1381 459 1483; x_wconf 88' lang='lat' dir='ltr'><strong>quidem</strong></span> <span class='ocrx_word' id='word_1_54' title='bbox 476 1409 627 1484; x_wconf 89' lang='lat' dir='ltr'><strong>magnus</strong></span> <span class='ocrx_word' id='word_1_55' title='bbox 644 1399 722 1457; x_wconf 89' lang='lat' dir='ltr'><strong>erat</strong></span> <span class='ocrx_word' id='word_1_56' title='bbox 739 1385 777 1455; x_wconf 94' lang='lat' dir='ltr'><strong>in</strong></span> <span class='ocrx_word' id='word_1_57' title='bbox 795 1384 905 1455; x_wconf 89' lang='lat' dir='ltr'><strong>armis</strong></span> <span class='ocrx_word' id='word_1_58' title='bbox 921 1398 957 1456; x_wconf 90' lang='lat' dir='ltr'><strong>et</strong></span> <span class='ocrx_word' id='word_1_59' title='bbox 975 1384 1189 1472; x_wconf 88' lang='lat' dir='ltr'><strong>acerrimus,</strong></span> <span class='ocrx_word' id='word_1_60' title='bbox 1210 1383 1265 1454; x_wconf 92' lang='lat' dir='ltr'><strong>in·</strong></span> 
     </span>
     <span class='ocr_line' id='line_1_10' title="bbox 189 1496 1264 1600; baseline 0.003 -30"><span class='ocrx_word' id='word_1_61' title='bbox 189 1496 299 1596; x_wconf 87' lang='lat' dir='ltr'><strong>genio</strong></span> <span class='ocrx_word' id='word_1_62' title='bbox 310 1514 347 1570; x_wconf 90' lang='lat' dir='ltr'><strong>et</strong></span> <span class='ocrx_word' id='word_1_63' title='bbox 357 1498 562 1600; x_wconf 89' lang='lat' dir='ltr'><strong>eloquentia</strong></span> <span class='ocrx_word' id='word_1_64' title='bbox 572 1526 654 1573; x_wconf 91' lang='lat' dir='ltr'><strong>cnm</strong></span> <span class='ocrx_word' id='word_1_65' title='bbox 664 1498 875 1573; x_wconf 73' lang='lat' dir='ltr'><strong>tortitudine</strong></span> <span class='ocrx_word' id='word_1_66' title='bbox 884 1497 1058 1598; x_wconf 83' lang='lat' dir='ltr'><strong>pollebat.</strong></span> <span class='ocrx_word' id='word_1_67' title='bbox 1071 1497 1140 1572; x_wconf 86' lang='lat' dir='ltr'><strong>Sed</strong></span> <span class='ocrx_word' id='word_1_68' title='bbox 1151 1499 1264 1573; x_wconf 89' lang='lat' dir='ltr'><strong>nimio</strong></span> 
     </span>
     <span class='ocr_line' id='line_1_11' title="bbox 190 1615 1265 1716; baseline 0.002 -30"><span class='ocrx_word' id='word_1_69' title='bbox 190 1629 335 1690; x_wconf 86' lang='lat' dir='ltr'><strong>tumore</strong></span> <span class='ocrx_word' id='word_1_70' title='bbox 357 1633 395 1690; x_wconf 91' lang='lat' dir='ltr'><strong>et</strong></span> <span class='ocrx_word' id='word_1_71' title='bbox 418 1615 629 1690; x_wconf 88' lang='lat' dir='ltr'><strong>crudelitate</strong></span> <span class='ocrx_word' id='word_1_72' title='bbox 647 1619 768 1690; x_wconf 89' lang='lat' dir='ltr'><strong>omnia</strong></span> <span class='ocrx_word' id='word_1_73' title='bbox 792 1615 994 1715; x_wconf 88' lang='lat' dir='ltr'><strong>polluebat,</strong></span> <span class='ocrx_word' id='word_1_74' title='bbox 1017 1616 1265 1716; x_wconf 86' lang='lat' dir='ltr'><strong>scelerumque</strong></span> 
     </span>
     <span class='ocr_line' id='line_1_12' title="bbox 191 1728 1267 1833; baseline 0.002 -29"><span class='ocrx_word' id='word_1_75' title='bbox 191 1733 327 1825; x_wconf 76' lang='lat' dir='ltr'><strong>nefaria</strong></span> <span class='ocrx_word' id='word_1_76' title='bbox 341 1736 511 1833; x_wconf 82' lang='lat' dir='ltr'><strong>congerie</strong></span> <span class='ocrx_word' id='word_1_77' title='bbox 524 1733 633 1826; x_wconf 88' lang='lat' dir='ltr'><strong>dona,</strong></span> <span class='ocrx_word' id='word_1_78' title='bbox 648 1735 715 1810; x_wconf 85' lang='lat' dir='ltr'><strong>sibi</strong></span> <span class='ocrx_word' id='word_1_79' title='bbox 728 1728 1082 1832; x_wconf 64' lang='lat' dir='ltr'><strong>divinituspraestita,</strong></span> <span class='ocrx_word' id='word_1_80' title='bbox 1096 1734 1267 1808; x_wconf 89' lang='lat' dir='ltr'><strong>obscura-</strong></span> 
     </span>
     <span class='ocr_line' id='line_1_13' title="bbox 191 1847 1267 1953; baseline 0.002 -32"><span class='ocrx_word' id='word_1_81' title='bbox 191 1847 268 1921; x_wconf 85' lang='lat' dir='ltr'><strong>bat.</strong></span> <span class='ocrx_word' id='word_1_82' title='bbox 300 1850 356 1922; x_wconf 92' lang='lat' dir='ltr'><strong>Ob</strong></span> <span class='ocrx_word' id='word_1_83' title='bbox 381 1852 610 1926; x_wconf 89' lang='lat' dir='ltr'><strong>insolentiam</strong></span> <span class='ocrx_word' id='word_1_84' title='bbox 637 1870 673 1927; x_wconf 91' lang='lat' dir='ltr'><strong>et</strong></span> <span class='ocrx_word' id='word_1_85' title='bbox 700 1850 933 1953; x_wconf 84' lang='lat' dir='ltr'><strong>cupiditatem</strong></span> <span class='ocrx_word' id='word_1_86' title='bbox 957 1853 1115 1950; x_wconf 89' lang='lat' dir='ltr'><strong>plurima</strong></span> <span class='ocrx_word' id='word_1_87' title='bbox 1141 1867 1267 1925; x_wconf 86' lang='lat' dir='ltr'><strong>contra</strong></span> 
     </span>
     <span class='ocr_line' id='line_1_14' title="bbox 192 1968 1269 2070; baseline 0.001 -29"><span class='ocrx_word' id='word_1_88' title='bbox 192 1968 585 2069; x_wconf 84' lang='lat' dir='ltr'><strong>collimitaneospraelia</strong></span> <span class='ocrx_word' id='word_1_89' title='bbox 595 1972 722 2070; x_wconf 86' lang='lat' dir='ltr'><strong>coepit,</strong></span> <span class='ocrx_word' id='word_1_90' title='bbox 732 1970 793 2043; x_wconf 88' lang='lat' dir='ltr'><strong>sed</strong></span> <span class='ocrx_word' id='word_1_91' title='bbox 802 1971 1031 2069; x_wconf 76' lang='lat' dir='ltr'><strong>saepevictus‚</strong></span> <span class='ocrx_word' id='word_1_92' title='bbox 1043 1968 1269 2042; x_wconf 89' lang='lat' dir='ltr'><strong>cnmdamno</strong></span> 
     </span>
     <span class='ocr_line' id='line_1_15' title="bbox 193 2084 1270 2189; baseline 0 -32"><span class='ocrx_word' id='word_1_93' title='bbox 193 2102 232 2157; x_wconf 89' lang='lat' dir='ltr'><strong>et</strong></span> <span class='ocrx_word' id='word_1_94' title='bbox 245 2084 420 2161; x_wconf 87' lang='lat' dir='ltr'><strong>dedecore</strong></span> <span class='ocrx_word' id='word_1_95' title='bbox 436 2089 586 2189; x_wconf 77' lang='lat' dir='ltr'><strong>aufugit.</strong></span> <span class='ocrx_word' id='word_1_96' title='bbox 606 2090 684 2162; x_wconf 88' lang='lat' dir='ltr'><strong>Hoc</strong></span> <span class='ocrx_word' id='word_1_97' title='bbox 696 2088 790 2162; x_wconf 86' lang='lat' dir='ltr'><strong>bene</strong></span> <span class='ocrx_word' id='word_1_98' title='bbox 804 2104 991 2162; x_wconf 87' lang='lat' dir='ltr'><strong>noverunt</strong></span> <span class='ocrx_word' id='word_1_99' title='bbox 1003 2087 1270 2162; x_wconf 76' lang='lat' dir='ltr'><strong>corbonienses</strong></span> 
     </span>
     <span class='ocr_line' id='line_1_16' title="bbox 194 2188 1271 2305; baseline 0 -29"><span class='ocrx_word' id='word_1_100' title='bbox 194 2219 232 2276; x_wconf 92' lang='lat' dir='ltr'><strong>et</strong></span> <span class='ocrx_word' id='word_1_101' title='bbox 256 2188 568 2280; x_wconf 84' lang='lat' dir='ltr'><strong>Cenomannenses</strong></span> <span class='ocrx_word' id='word_1_102' title='bbox 580 2261 591 2295; x_wconf 95' lang='lat'><strong>,</strong></span> <span class='ocrx_word' id='word_1_103' title='bbox 624 2206 828 2280; x_wconf 88' lang='lat' dir='ltr'><strong>Normanni</strong></span> <span class='ocrx_word' id='word_1_104' title='bbox 863 2207 1005 2295; x_wconf 84' lang='lat' dir='ltr'><strong>aflines,</strong></span> <span class='ocrx_word' id='word_1_105' title='bbox 1041 2206 1271 2305; x_wconf 84' lang='lat' dir='ltr'><strong>proximique</strong></span> 
     </span>
     <span class='ocr_line' id='line_1_17' title="bbox 194 2320 1269 2425; baseline 0.001 -32"><span class='ocrx_word' id='word_1_106' title='bbox 194 2320 422 2414; x_wconf 85' lang='lat' dir='ltr'><strong>Oximenses,</strong></span> <span class='ocrx_word' id='word_1_107' title='bbox 445 2325 507 2425; x_wconf 88' lang='lat' dir='ltr'><strong>qni</strong></span> <span class='ocrx_word' id='word_1_108' title='bbox 530 2340 686 2422; x_wconf 73' lang='lat' dir='ltr'><strong>tyranno</strong></span> <span class='ocrx_word' id='word_1_109' title='bbox 707 2325 867 2424; x_wconf 85' lang='lat' dir='ltr'><strong>lugiente</strong></span> <span class='ocrx_word' id='word_1_110' title='bbox 886 2324 969 2396; x_wconf 88' lang='lat' dir='ltr'><strong>sacti</strong></span> <span class='ocrx_word' id='word_1_111' title='bbox 995 2340 1080 2396; x_wconf 88' lang='lat' dir='ltr'><strong>sunt</strong></span> <span class='ocrx_word' id='word_1_112' title='bbox 1099 2321 1269 2397; x_wconf 79' lang='lat' dir='ltr'><strong>victores.</strong></span> 
     </span>
     <span class='ocr_line' id='line_1_18' title="bbox 195 2437 1271 2540; baseline 0.004 -31"><span class='ocrx_word' id='word_1_113' title='bbox 195 2437 433 2513; x_wconf 86' lang='lat' dir='ltr'><strong>Hocseliciter</strong></span> <span class='ocrx_word' id='word_1_114' title='bbox 444 2441 582 2540; x_wconf 89' lang='lat' dir='ltr'><strong>experti</strong></span> <span class='ocrx_word' id='word_1_115' title='bbox 591 2457 676 2514; x_wconf 90' lang='lat' dir='ltr'><strong>sunt</strong></span> <span class='ocrx_word' id='word_1_116' title='bbox 685 2440 904 2528; x_wconf 81' lang='lat' dir='ltr'><strong>Goislredns,</strong></span> <span class='ocrx_word' id='word_1_117' title='bbox 918 2441 1125 2514; x_wconf 87' lang='lat' dir='ltr'><strong>Moritoniae</strong></span> <span class='ocrx_word' id='word_1_118' title='bbox 1137 2465 1271 2530; x_wconf 89' lang='lat' dir='ltr'><strong>comes,</strong></span> 
     </span>
     <span class='ocr_line' id='line_1_19' title="bbox 196 2555 1271 2658; baseline -0.001 -31"><span class='ocrx_word' id='word_1_119' title='bbox 196 2570 234 2627; x_wconf 91' lang='lat' dir='ltr'><strong>et</strong></span> <span class='ocrx_word' id='word_1_120' title='bbox 258 2555 374 2629; x_wconf 88' lang='lat' dir='ltr'><strong>Rotro</strong></span> <span class='ocrx_word' id='word_1_121' title='bbox 401 2556 496 2630; x_wconf 84' lang='lat' dir='ltr'><strong>filius</strong></span> <span class='ocrx_word' id='word_1_122' title='bbox 514 2559 607 2656; x_wconf 78' lang='lat' dir='ltr'><strong>ejus3</strong></span> <span class='ocrx_word' id='word_1_123' title='bbox 633 2559 752 2631; x_wconf 88' lang='lat' dir='ltr'><strong>Helias</strong></span> <span class='ocrx_word' id='word_1_124' title='bbox 775 2582 921 2658; x_wconf 87' lang='lat' dir='ltr'><strong>quoque</strong></span> <span class='ocrx_word' id='word_1_125' title='bbox 945 2556 1271 2643; x_wconf 76' lang='lat' dir='ltr'><strong>cenomannensis,</strong></span> 
     </span>
     <span class='ocr_line' id='line_1_20' title="bbox 197 2658 1275 2774; baseline 0.002 -32"><span class='ocrx_word' id='word_1_126' title='bbox 197 2670 330 2772; x_wconf 89' lang='lat' dir='ltr'><strong>aliique</strong></span> <span class='ocrx_word' id='word_1_127' title='bbox 347 2674 487 2765; x_wconf 87' lang='lat' dir='ltr'><strong>affines,</strong></span> <span class='ocrx_word' id='word_1_128' title='bbox 507 2674 638 2774; x_wconf 93' lang='lat' dir='ltr'><strong>quibus</strong></span> <span class='ocrx_word' id='word_1_129' title='bbox 652 2677 726 2773; x_wconf 92' lang='lat' dir='ltr'><strong>ipse</strong></span> <span class='ocrx_word' id='word_1_130' title='bbox 741 2700 884 2774; x_wconf 89' lang='lat' dir='ltr'><strong>semper</strong></span> <span class='ocrx_word' id='word_1_131' title='bbox 898 2674 1042 2747; x_wconf 81' lang='lat' dir='ltr'><strong>infestus</strong></span> <span class='ocrx_word' id='word_1_132' title='bbox 1055 2658 1275 2746; x_wconf 79' lang='lat' dir='ltr'><strong>detrimenti</strong></span> 
     </span>
     <span class='ocr_line' id='line_1_21' title="bbox 197 2780 1274 2892; baseline 0.002 -32"><span class='ocrx_word' id='word_1_133' title='bbox 197 2788 431 2879; x_wconf 86' lang='lat' dir='ltr'><strong>moliebatur,</strong></span> <span class='ocrx_word' id='word_1_134' title='bbox 447 2791 507 2864; x_wconf 89' lang='lat' dir='ltr'><strong>sed</strong></span> <span class='ocrx_word' id='word_1_135' title='bbox 520 2793 704 2892; x_wconf 86' lang='lat' dir='ltr'><strong>judicante</strong></span> <span class='ocrx_word' id='word_1_136' title='bbox 718 2780 795 2866; x_wconf 86' lang='lat' dir='ltr'><strong>Deo</strong></span> <span class='ocrx_word' id='word_1_137' title='bbox 808 2790 953 2864; x_wconf 90' lang='lat' dir='ltr'><strong>duriora</strong></span> <span class='ocrx_word' id='word_1_138' title='bbox 965 2793 1046 2892; x_wconf 91' lang='lat' dir='ltr'><strong>jure</strong></span> <span class='ocrx_word' id='word_1_139' title='bbox 1060 2790 1274 2891; x_wconf 82' lang='lat' dir='ltr'><strong>patiebatur.</strong></span> 
     </span>
     <span class='ocr_line' id='line_1_22' title="bbox 198 2906 1276 3009; baseline 0.004 -32"><span class='ocrx_word' id='word_1_140' title='bbox 198 2906 364 3008; x_wconf 81' lang='lat' dir='ltr'><strong>Triginta</strong></span> <span class='ocrx_word' id='word_1_141' title='bbox 378 2927 534 3009; x_wconf 87' lang='lat' dir='ltr'><strong>quatuor</strong></span> <span class='ocrx_word' id='word_1_142' title='bbox 545 2911 688 2985; x_wconf 89' lang='lat' dir='ltr'><strong>castella</strong></span> <span class='ocrx_word' id='word_1_143' title='bbox 700 2910 937 2983; x_wconf 91' lang='lat' dir='ltr'><strong>munitissima</strong></span> <span class='ocrx_word' id='word_1_144' title='bbox 951 2908 1169 3008; x_wconf 84' lang='lat' dir='ltr'><strong>possidebat,</strong></span> <span class='ocrx_word' id='word_1_145' title='bbox 1181 2908 1276 2982; x_wconf 89' lang='lat' dir='ltr'><strong>mul·</strong></span> 
     </span>
     <span class='ocr_line' id='line_1_23' title="bbox 200 3021 1273 3123; baseline 0.001 -29"><span class='ocrx_word' id='word_1_146' title='bbox 200 3021 317 3122; x_wconf 73' lang='lat' dir='ltr'><strong>titique</strong></span> <span class='ocrx_word' id='word_1_147' title='bbox 353 3024 514 3097; x_wconf 90' lang='lat' dir='ltr'><strong>millibus</strong></span> <span class='ocrx_word' id='word_1_148' title='bbox 551 3024 743 3099; x_wconf 90' lang='lat' dir='ltr'><strong>hominum</strong></span> <span class='ocrx_word' id='word_1_149' title='bbox 779 3025 968 3099; x_wconf 89' lang='lat' dir='ltr'><strong>dominatu</strong></span> <span class='ocrx_word' id='word_1_150' title='bbox 1001 3023 1273 3123; x_wconf 79' lang='lat' dir='ltr'><strong>praeeminebat.</strong></span> 
     </span>
     <span class='ocr_line' id='line_1_24' title="bbox 199 3138 1279 3243; baseline 0.002 -32"><span class='ocrx_word' id='word_1_151' title='bbox 199 3138 308 3240; x_wconf 85' lang='lat' dir='ltr'><strong>llugo</strong></span> <span class='ocrx_word' id='word_1_152' title='bbox 321 3159 441 3215; x_wconf 90' lang='lat' dir='ltr'><strong>tamen</strong></span> <span class='ocrx_word' id='word_1_153' title='bbox 453 3142 499 3216; x_wconf 87' lang='lat' dir='ltr'><strong>dc</strong></span> <span class='ocrx_word' id='word_1_154' title='bbox 515 3144 688 3218; x_wconf 89' lang='lat' dir='ltr'><strong>Nonanto</strong></span> <span class='ocrx_word' id='word_1_155' title='bbox 703 3151 732 3241; x_wconf 87' lang='lat' dir='ltr'><strong>(t</strong></span> <span class='ocrx_word' id='word_1_156' title='bbox 743 3148 768 3239; x_wconf 69' lang='lat' dir='ltr'><strong>l,</strong></span> <span class='ocrx_word' id='word_1_157' title='bbox 784 3168 920 3243; x_wconf 92' lang='lat' dir='ltr'><strong>pauper</strong></span> <span class='ocrx_word' id='word_1_158' title='bbox 933 3143 1133 3243; x_wconf 90' lang='lat' dir='ltr'><strong>oppidanus</strong></span> <span class='ocrx_word' id='word_1_159' title='bbox 1147 3159 1183 3217; x_wconf 92' lang='lat' dir='ltr'><strong>et</strong></span> <span class='ocrx_word' id='word_1_160' title='bbox 1195 3144 1279 3216; x_wconf 80' lang='lat' dir='ltr'><strong>vici·</strong></span> 
     </span>
     <span class='ocr_line' id='line_1_25' title="bbox 200 3259 1280 3361; baseline 0.005 -33"><span class='ocrx_word' id='word_1_161' title='bbox 200 3282 283 3347; x_wconf 86' lang='lat' dir='ltr'><strong>nus,</strong></span> <span class='ocrx_word' id='word_1_162' title='bbox 307 3259 430 3332; x_wconf 88' lang='lat' dir='ltr'><strong>multis</strong></span> <span class='ocrx_word' id='word_1_163' title='bbox 452 3261 557 3333; x_wconf 89' lang='lat' dir='ltr'><strong>annis</strong></span> <span class='ocrx_word' id='word_1_164' title='bbox 580 3262 611 3334; x_wconf 90' lang='lat' dir='ltr'><strong>ei</strong></span> <span class='ocrx_word' id='word_1_165' title='bbox 626 3262 775 3351; x_wconf 84' lang='lat' dir='ltr'><strong>restitit,</strong></span> <span class='ocrx_word' id='word_1_166' title='bbox 793 3278 830 3335; x_wconf 86' lang='lat' dir='ltr'><strong>et</strong></span> <span class='ocrx_word' id='word_1_167' title='bbox 853 3262 1011 3360; x_wconf 90' lang='lat' dir='ltr'><strong>ingentia</strong></span> <span class='ocrx_word' id='word_1_168' title='bbox 1030 3261 1160 3334; x_wconf 87' lang='lat' dir='ltr'><strong>damna</strong></span> <span class='ocrx_word' id='word_1_169' title='bbox 1182 3262 1280 3361; x_wconf 69' lang='lat' dir='ltr'><strong>inju-</strong></span> 
     </span>
     <span class='ocr_line' id='line_1_26' title="bbox 199 3373 726 3477; baseline 0.008 -31"><span class='ocrx_word' id='word_1_170' title='bbox 199 3373 343 3474; x_wconf 85' lang='lat' dir='ltr'><strong>riasque</strong></span> <span class='ocrx_word' id='word_1_171' title='bbox 361 3376 571 3477; x_wconf 69' lang='lat' dir='ltr'><strong>frequenter</strong></span> <span class='ocrx_word' id='word_1_172' title='bbox 590 3378 726 3450; x_wconf 90' lang='lat' dir='ltr'><strong>intulit.</strong></span> 
     </span>
     <span class='ocr_line' id='line_1_27' title="bbox 253 3489 1279 3590; baseline 0.005 -29"><span class='ocrx_word' id='word_1_173' title='bbox 253 3489 1279 3590; x_wconf 71' lang='lat' dir='ltr'><strong>AgnetemfiliamGnidonisPontivicomitis(2),uxorem</strong></span> 
     </span>
     <span class='ocr_line' id='line_1_28' title="bbox 202 3605 1283 3711; baseline 0.006 -33"><span class='ocrx_word' id='word_1_174' title='bbox 202 3605 343 3697; x_wconf 87' lang='lat' dir='ltr'><strong>habuit,</strong></span> <span class='ocrx_word' id='word_1_175' title='bbox 354 3636 436 3710; x_wconf 86' lang='lat' dir='ltr'><strong>quae</strong></span> <span class='ocrx_word' id='word_1_176' title='bbox 445 3609 682 3683; x_wconf 89' lang='lat' dir='ltr'><strong>Guillelmum</strong></span> <span class='ocrx_word' id='word_1_177' title='bbox 696 3612 914 3702; x_wconf 82' lang='lat' dir='ltr'><strong>Talvatium,</strong></span> <span class='ocrx_word' id='word_1_178' title='bbox 925 3611 1034 3684; x_wconf 89' lang='lat' dir='ltr'><strong>totins</strong></span> <span class='ocrx_word' id='word_1_179' title='bbox 1048 3609 1198 3684; x_wconf 87' lang='lat' dir='ltr'><strong>honoris</strong></span> <span class='ocrx_word' id='word_1_180' title='bbox 1208 3612 1283 3711; x_wconf 87' lang='lat' dir='ltr'><strong>ejus</strong></span> 
     </span>
     <span class='ocr_line' id='line_1_29' title="bbox 202 3720 1280 3828; baseline 0.005 -32"><span class='ocrx_word' id='word_1_181' title='bbox 202 3720 389 3817; x_wconf 89' lang='lat' dir='ltr'><strong>heredem,</strong></span> <span class='ocrx_word' id='word_1_182' title='bbox 401 3729 554 3827; x_wconf 86' lang='lat' dir='ltr'><strong>peperit.</strong></span> <span class='ocrx_word' id='word_1_183' title='bbox 564 3728 686 3801; x_wconf 86' lang='lat' dir='ltr'><strong>Saevus</strong></span> <span class='ocrx_word' id='word_1_184' title='bbox 697 3728 849 3801; x_wconf 85' lang='lat' dir='ltr'><strong>maritus</strong></span> <span class='ocrx_word' id='word_1_185' title='bbox 857 3752 1067 3826; x_wconf 88' lang='lat' dir='ltr'><strong>generosam</strong></span> <span class='ocrx_word' id='word_1_186' title='bbox 1076 3728 1280 3828; x_wconf 87' lang='lat' dir='ltr'><strong>conjugem,</strong></span> 
     </span>
     <span class='ocr_line' id='line_1_30' title="bbox 203 3841 1281 3943; baseline 0.001 -30"><span class='ocrx_word' id='word_1_187' title='bbox 203 3866 280 3914; x_wconf 91' lang='lat' dir='ltr'><strong>non</strong></span> <span class='ocrx_word' id='word_1_188' title='bbox 289 3897 301 3931; x_wconf 94' lang='lat'><strong>,</strong></span> <span class='ocrx_word' id='word_1_189' title='bbox 321 3859 363 3914; x_wconf 88' lang='lat' dir='ltr'><strong>ut</strong></span> <span class='ocrx_word' id='word_1_190' title='bbox 377 3841 514 3930; x_wconf 87' lang='lat' dir='ltr'><strong>decuit,</strong></span> <span class='ocrx_word' id='word_1_191' title='bbox 535 3860 687 3943; x_wconf 89' lang='lat' dir='ltr'><strong>propter</strong></span> <span class='ocrx_word' id='word_1_192' title='bbox 702 3845 869 3918; x_wconf 88' lang='lat' dir='ltr'><strong>dilectam</strong></span> <span class='ocrx_word' id='word_1_193' title='bbox 885 3841 1049 3916; x_wconf 87' lang='lat' dir='ltr'><strong>sobolem</strong></span> <span class='ocrx_word' id='word_1_194' title='bbox 1066 3841 1261 3918; x_wconf 80' lang='lat' dir='ltr'><strong>bonoravit</strong></span> <span class='ocrx_word' id='word_1_195' title='bbox 1270 3872 1281 3932; x_wconf 90' lang='lat'>;</span> 
     </span>
    </p>
   </div>
   <div class='ocr_carea' id='block_1_3' title="bbox 1206 4035 1270 4047">
    <p class='ocr_par' dir='ltr' id='par_1_3' title="bbox 1206 4035 1270 4047">
     <span class='ocr_line' id='line_1_31' title="bbox 1206 4035 1270 4047; baseline 0.016 -1"><span class='ocrx_word' id='word_1_196' title='bbox 1206 4035 1270 4047; x_wconf 52' lang='lat' dir='ltr'><strong>-q</strong></span> 
     </span>
    </p>
   </div>
   <div class='ocr_carea' id='block_1_4' title="bbox 241 4139 1066 4299">
    <p class='ocr_par' dir='ltr' id='par_1_4' title="bbox 241 4139 1066 4299">
     <span class='ocr_line' id='line_1_32' title="bbox 241 4139 1066 4214; baseline 0.004 -23"><span class='ocrx_word' id='word_1_197' title='bbox 241 4140 251 4207; x_wconf 81' lang='grc'>(</span> <span class='ocrx_word' id='word_1_198' title='bbox 257 4139 281 4207; x_wconf 85' lang='grc' dir='ltr'><strong>ι)</strong></span> <span class='ocrx_word' id='word_1_199' title='bbox 295 4139 411 4212; x_wconf 82' lang='lat' dir='ltr'><strong>lingue,</strong></span> <span class='ocrx_word' id='word_1_200' title='bbox 429 4140 560 4214; x_wconf 83' lang='lat' dir='ltr'><strong>seigneur</strong></span> <span class='ocrx_word' id='word_1_201' title='bbox 572 4140 607 4195; x_wconf 86' lang='lat' dir='ltr'><strong>dc</strong></span> <span class='ocrx_word' id='word_1_202' title='bbox 620 4139 930 4212; x_wconf 82' lang='lat' dir='ltr'><strong>Nonant·sur·Qucngc</strong></span> <span class='ocrx_word' id='word_1_203' title='bbox 943 4139 1066 4212; x_wconf 80' lang='lat' dir='ltr'><strong>(Orno).</strong></span> 
     </span>
     <span class='ocr_line' id='line_1_33' title="bbox 243 4227 977 4299; baseline 0.005 -19"><span class='ocrx_word' id='word_1_204' title='bbox 243 4227 281 4299; x_wconf 73' lang='grc' dir='ltr'><strong>(α)</strong></span> <span class='ocrx_word' id='word_1_205' title='bbox 297 4231 404 4299; x_wconf 68' lang='lat' dir='ltr'><strong>Agnes,</strong></span> <span class='ocrx_word' id='word_1_206' title='bbox 420 4229 475 4286; x_wconf 82' lang='lat' dir='ltr'><strong>fille</strong></span> <span class='ocrx_word' id='word_1_207' title='bbox 490 4231 523 4286; x_wconf 89' lang='lat' dir='ltr'><strong>dc</strong></span> <span class='ocrx_word' id='word_1_208' title='bbox 536 4232 594 4287; x_wconf 91' lang='lat' dir='ltr'><strong>Gni</strong></span> <span class='ocrx_word' id='word_1_209' title='bbox 611 4232 656 4299; x_wconf 84' lang='lat' dir='ltr'><strong>l‘¹,</strong></span> <span class='ocrx_word' id='word_1_210' title='bbox 674 4242 765 4288; x_wconf 85' lang='lat' dir='ltr'><strong>comto</strong></span> <span class='ocrx_word' id='word_1_211' title='bbox 778 4231 813 4286; x_wconf 82' lang='lat' dir='ltr'><strong>dt·</strong></span> <span class='ocrx_word' id='word_1_212' title='bbox 824 4231 977 4287; x_wconf 82' lang='lat' dir='ltr'><strong>Pontbicu.</strong></span> 
     </span>
    </p>
   </div>
   <div class='ocr_carea' id='block_1_5' title="bbox 0 0 1485 4934">
    <p class='ocr_par' dir='ltr' id='par_1_5' title="bbox 0 0 1485 4934">
     <span class='ocr_line' id='line_1_34' title="bbox 0 0 1485 4934; baseline 0 0"><span class='ocrx_word' id='word_1_213' title='bbox 0 0 1485 4934; x_wconf 95' lang='lat' dir='ltr'><strong> </strong></span> 
     </span>
    </p>
   </div>
  </div>
 </body>
</html>
