2888 4934
557 434 672 495 LIBER
694 435 880 495 OCTAVUS.
1189 433 1244 491 281

182 595 289 656 rum3
304 566 446 639 Adeliza
457 590 544 638 vero
560 582 675 637 mater
688 567 774 665 ejus,
792 592 895 639 soror
909 565 1070 663 Hugonis
1085 561 1129 634 de
1140 560 1254 648 Gren-

183 684 383 772 temaisuil,
399 682 443 756 de
455 683 548 755 clara
560 683 670 779 stirpe
681 681 957 754 Geroianorum.
973 682 1040 752 Hic
1053 680 1254 777 praecipuus

184 798 418 900 agonotheta,
434 800 529 872 inter
539 799 678 871 militiae
694 798 848 889 labores,
865 798 1019 872 ecclesiae
1033 796 1154 869 cultor
1162 811 1252 882 erat,

184 934 224 990 et
246 918 395 990 clericos
415 943 454 990 ac
469 914 664 989 monachos
680 916 783 988 valde
799 914 952 1014 diligens
974 913 1194 1002 honorabat,
1215 939 1255 984 ac

185 1035 419 1132 eleemosynis
440 1060 638 1133 pauperum
661 1061 729 1133 pro
750 1033 898 1109 modulo
927 1059 991 1106 suo
1016 1031 1173 1106 libenter
1194 1031 1254 1103 in-

186 1149 314 1223 stabat.

235 1268 353 1340 Porro
365 1268 530 1342 Uticense
545 1267 774 1354 coenobium,
792 1268 854 1340 ubi
867 1271 994 1340 lratres
1009 1268 1059 1339 sui
1078 1264 1258 1338 Ernaldus

188 1399 223 1455 et
240 1384 415 1483 Rogerins
433 1385 598 1458 monachi
617 1402 739 1472 erant,
766 1401 802 1458 et
829 1402 931 1484 pater
955 1411 1036 1456 suus
1061 1411 1102 1456 ac
1125 1397 1254 1470 mater,

188 1501 320 1600 aliique
340 1519 505 1600 parentes
529 1505 601 1603 ejus
621 1504 785 1575 tumulati
804 1501 1054 1603 quiescebant,
1075 1500 1177 1573 valde
1197 1498 1257 1570 di-

188 1617 297 1708 lexit,
313 1635 350 1691 et
365 1645 434 1717 pro
455 1619 593 1692 viribus
609 1622 679 1692 suis
703 1621 947 1718 locupletavit.
967 1620 1062 1693 Hinc
1080 1620 1131 1691 illi
1150 1619 1260 1690 eccle-

189 1736 276 1808 siam
299 1735 342 1808 de
358 1737 514 1810 Telliolo
532 1740 585 1836 (r)
596 1793 605 1826 ‚
631 1755 667 1810 et
683 1737 751 1812 hoc
774 1737 870 1837 quod
888 1737 1040 1809 habebat
1059 1737 1096 1808 in
1114 1734 1258 1808 ecclesia

188 1850 230 1923 de
254 1850 533 1925 Dambleinrilla
560 1855 635 1950 (2),
663 1870 699 1925 et
719 1852 981 1951 presbyterium
1004 1850 1120 1940 dedit3
1138 1865 1174 1922 et
1191 1848 1260 1922 hoc

188 1967 287 2067 qnod
302 1967 455 2041 habebat
472 1969 510 2042 in
527 1969 671 2042 ecelesia
683 1969 732 2043 de
746 1971 909 2043 Cornero
932 1972 987 2068 (3)
1012 1996 1093 2042 cum
1110 1966 1260 2067 presby-

189 2084 283 2158 terio
301 2087 486 2158 concessit.
506 2087 689 2160 Decimam
711 2087 1025 2176 molendinorum,
1045 2100 1082 2158 et
1096 2085 1260 2158 omnium

187 2203 351 2274 exituum
364 2229 530 2292 suorum,
548 2221 584 2277 et
600 2205 913 2278 redecimationem
927 2201 1259 2303 promptuariorum

187 2344 340 2392 snorum
353 2319 502 2393 addidit.
524 2321 623 2394 ldem
638 2348 728 2396 vero
742 2321 947 2396 Rodbertus
963 2322 1000 2394 in
1019 2321 1149 2421 Anglia
1164 2317 1263 2392 dedit

188 2435 323 2510 Sancto
339 2436 488 2512 Ebrulso
502 2455 538 2511 et
550 2440 736 2513 monachis
748 2443 822 2540 ejus
835 2440 1112 2527 Combinellam‚
1128 2455 1262 2510 terram

188 2551 344 2627 duarum
360 2582 589 2629 carrucarum
606 2558 679 2656 (4),
701 2576 737 2631 et
755 2546 805 2632 xit
823 2559 993 2647 villanos,
1018 2574 1053 2632 et
1079 2556 1262 2629 ecclesiam

191 2694 273 2740 cum
290 2670 807 2774 presbyterio,·dccimamque
833 2691 944 2746 totam
963 2689 998 2744 et
1014 2672 1157 2761 villam,
1180 2695 1262 2767 quae

190 2783 386 2859 Gbercabia
424 2786 575 2874 dicitur,
621 2815 704 2860 oum
744 2789 889 2861 ecelesia
934 2804 969 2859 et
1011 2785 1260 2884 presbyterio,

191 2901 446 3002 ecclesiamque
477 2902 521 2977 de
543 2905 659 2976 lnsula
695 2920 732 2977 ct
760 2906 797 2977 in
832 2905 974 2978 civitate
996 2904 1116 2975 Cestra
1145 2903 1262 2975 eccle-

191 3018 279 3091 siam
297 3019 416 3092 Sancti
438 3021 534 3092 Petri
557 3020 601 3092 de
625 3021 803 3110 Menum,
827 3037 864 3097 et
888 3038 960 3093 tres
984 3020 1151 3120 hospites.
1174 3019 1264 3112 Qute

224 3231 265 3300 (r)
277 3231 315 3285 Le
327 3230 583 3304 Tillenlen·Auge‚
597 3245 698 3288 canton
710 3233 745 3287 de
757 3233 1095 3288 saint-Pierresur-Dlvc.
1108 3234 1145 3288 Μ.
1156 3232 1265 3306 Staple-

193 3328 241 3374 ton
250 3337 337 3392 pense
347 3321 415 3393 qu'il
428 3322 509 3395 s'agit
521 3322 611 3395 plutdt
625 3325 659 3377 ici
674 3323 709 3378 de
723 3324 1096 3392 Notre-Dame·du-Tilleul,
1111 3334 1211 3378 canton
1225 3325 1264 3376 du

195 3407 364 3463 llerlerault.

227 3497 269 3567 (α)
282 3497 505 3567 Dumblaiuville‚
521 3510 623 3555 canton
636 3499 671 3554 de
683 3501 797 3556 Falaise.

228 3584 271 3658 (ὃ)
283 3586 361 3642 Nous
371 3607 408 3645 ne
420 3591 597 3644 connaissons
608 3608 656 3663 pas
668 3609 699 3644 ce
711 3591 777 3646 lieu.
796 3589 965 3659 Auctoville,
980 3588 1215 3644 arroodissement
1228 3589 1263 3644 de

198 3674 321 3748 Buyeux,
336 3678 397 3732 s'est
409 3681 506 3752 appele
521 3680 675 3735 Coisnie'res
687 3699 722 3734 au
735 3693 773 3735 ιν
787 3681 882 3747 siecle,
896 3690 925 3736 et
938 3681 1042 3748 meme,
1059 3680 1168 3749 dit-on,
1184 3680 1266 3754 quel·

198 3767 307 3839 quelois
327 3769 479 3835 Carandra,-
497 3774 565 3827 mais
581 3791 652 3827 nous
666 3773 775 3827 u’osons
791 3791 839 3845 pas
852 3791 887 3826 eo
908 3774 1031 3845 garantir
1048 3772 1183 3827 l'identite
1200 3790 1263 3826 avec

204 3852 362 3912 carnetum.
378 3860 414 3914 ld.
428 3862 570 3936 Stapletou
585 3881 670 3935 pense
685 3882 740 3937 que
759 3867 910 3920 Gornerum
926 3865 1054 3936 pourrait
1072 3864 1132 3918 etro
1149 3863 1176 3918 le
1188 3864 1265 3919 Corh

203 3944 290 4011 mim,
308 3947 370 4015 pret
388 3935 504 4018 llvreux,
525 3951 705 4023 aujourd’bui
724 3970 805 4006 renui
823 3954 839 4006 a
858 3950 1051 4007 Martuinville.
1072 3952 1114 4006 De
1133 3970 1177 4007 ces
1196 3952 1266 4007 trois

207 4029 365 4117 domnum,
381 4035 401 4088 il
416 4056 449 4092 ue
468 4039 597 4107 subsiste,
617 4041 685 4096 dans
703 4041 727 4095 la
744 4040 840 4096 charte
856 4041 890 4095 de
907 4042 996 4096 Heori
1013 4042 1048 4095 l·'
1063 4060 1099 4097 eo
1118 4043 1212 4097 laveur
1229 4040 1265 4095 de

210 4116 423 4193 Sumt-Evmult,
436 4146 490 4202 que
500 4129 568 4187 celle
578 4130 614 4186 de
623 4132 848 4199 Damblaiuvillc;
862 4150 892 4187 ce
901 4131 950 4205 qui
960 4152 1063 4206 prouve
1075 4152 1130 4207 que
1141 4133 1179 4187 les
1192 4132 1264 4186 deux

213 4214 301 4259 naues
311 4208 431 4271 u’eurent
442 4237 490 4291 pus
501 4220 536 4275 de
549 4221 642 4277 suites.

246 4291 284 4361 ll)
295 4293 488 4379 Uneparoim,
496 4309 658 4383 limitropho
667 4311 702 4365 de
712 4308 874 4381 lllinddlan,
887 4322 967 4384 porte
976 4309 1154 4382 aujourd'hui
1165 4310 1189 4363 lc
1198 4328 1262 4365 noni
1309 4309 1310 4312 ’
