2888 4934
526 414 643 476 LIBER
663 414 821 476 SEXTUS.
1190 421 1210 479 9

146 546 244 649 quod
258 547 331 645 ipse
345 546 451 644 paulo
464 561 545 618 ante
560 548 596 617 in
614 571 736 617 eremo
752 560 1010 619 construxerat.
1028 543 1140 620 Nudis
1153 572 1212 646 pe-

146 662 250 735 dibus
275 662 541 762 appropinquat
564 663 800 750 monasterio,
827 659 872 733 ad
896 687 1041 735 carnem
1069 661 1213 736 indutus

148 781 278 853 cilicio.
294 777 428 853 Audito
441 781 514 879 ejus
525 779 678 852 adventu
688 835 698 868 ,
718 781 862 851 venitur
876 782 907 852 ei
925 780 1068 853 obviam
1084 782 1211 879 procul

150 899 185 970 in
210 896 328 984 bivio,
345 915 381 969 et
398 896 498 970 valde
521 897 779 971 contradicenti
797 899 919 970 festiva
942 896 982 969 fit
1004 925 1022 969 a
1043 898 1213 970 fratribus

149 1015 340 1112 processio.
359 1014 413 1085 lbi
427 1031 511 1087 tunc
525 1013 633 1087 ollert
645 1014 902 1112 phylacterium
920 1018 1019 1088 omni
1032 1041 1120 1088 auro
1137 1040 1216 1113 pre-

150 1131 295 1220 ciosius,
314 1157 396 1204 eum
412 1131 581 1205 calicibus
592 1132 706 1204 aureis
719 1149 755 1203 ct
768 1136 966 1232 argenteis,
983 1149 1018 1204 et
1031 1133 1107 1204 aliis
1124 1133 1215 1204 mul-

152 1249 195 1320 tis
218 1249 439 1321 ornamentis
465 1247 703 1337 multimodis,
724 1252 885 1349 laetaque
910 1250 1084 1347 petitione
1104 1276 1216 1322 mun·

150 1365 235 1438 dum
252 1392 335 1438 cum
355 1367 425 1438 suis
436 1364 603 1440 omnibus
621 1366 767 1466 reliquit
788 1367 928 1465 pompis
941 1383 977 1439 et
995 1367 1193 1439 lenociniis.

189 1483 463 1583 lgitnrannoab
475 1485 718 1558 incarnatione
728 1484 872 1558 Domini
888 1501 983 1557 uccc⁰
992 1494 1059 1571 v1‘’‚
1071 1486 1213 1582 imperii

152 1603 267 1675 Caroli
279 1604 408 1702 quinto
420 1605 492 1702 (1),
510 1605 545 1675 in
558 1603 673 1675 natale
684 1603 927 1701 apostolorum
944 1603 1039 1675 Petri
1052 1619 1089 1675 et
1099 1603 1212 1691 Pauli,

150 1720 362 1793 Guillelmns
380 1746 497 1794 comes
513 1719 707 1794 monachus
722 1719 833 1791 sactus
849 1737 918 1807 est,
938 1718 1128 1820 subitoque
1145 1721 1215 1791 im-

150 1851 305 1908 mutatus
333 1837 369 1907 in
392 1835 535 1909 Christo
552 1837 634 1908 Jesu
652 1852 688 1908 et
703 1835 870 1907 alteratus
891 1851 955 1908 est.
975 1835 1100 1908 Factus
1117 1835 1211 1907 enim

150 1952 364 2040 monachus,
381 1952 590 2042 docebatur,
604 1978 671 2026 nec
682 1950 984 2042 confundebatur,
1000 1950 1217 2049 corripieba-

151 2088 224 2160 tur,
248 2070 404 2144 sed-non
425 2070 655 2145 irascebatur.
672 2069 859 2144 Interdum
885 2096 993 2143 caesus
1016 2087 1053 2143 et
1076 2070 1216 2169 injuriis

152 2188 267 2275 laesus,
283 2215 356 2263 nou
372 2188 569 2279 resistebat,
585 2214 701 2291 neque
715 2189 1015 2263 comminabatur.
1033 2185 1217 2260 Gaudebat

153 2306 189 2376 in
216 2304 455 2405 subjectione,
481 2324 518 2379 et
540 2305 783 2380 delectabatur
809 2306 968 2379 inomni
995 2305 1211 2406 abjectione,

151 2438 295 2518 paratus
307 2425 442 2496 cunctis
454 2424 602 2511 servire,
617 2422 765 2523 obsequi
779 2439 815 2495 et
827 2421 986 2497 obedire.
1003 2421 1217 2496 Proficiebat

152 2540 312 2636 quotidie
334 2541 372 2611 in
396 2541 496 2613 omni
518 2543 704 2614 sanctitate
725 2557 761 2614 et
786 2541 961 2640 religione
969 2596 979 2629 ,
1000 2557 1036 2612 et
1052 2542 1089 2613 in
1114 2541 1214 2613 omni

65 2744 71 2753 Ι
152 2671 283 2729 sanctae
300 2658 433 2756 regulae
458 2657 725 2747 observatione,
751 2658 840 2731 sicut
866 2684 991 2730 aurum
1014 2659 1049 2729 in
1075 2656 1216 2728 camino
1307 2681 1315 2699 ·

152 2772 308 2845 mirabili
325 2774 500 2848 coctione.
520 2775 798 2862 Monasterium,
815 2773 912 2873 quod
925 2790 1007 2846 ante
1024 2772 1217 2845 monacha-

154 2906 229 2961 tum
257 2917 301 2963 ex
328 2907 405 2965 toto
431 2918 506 2966 non
532 2895 747 2991 perfecerat,
773 2891 1022 2992 adjuvantibus
1046 2891 1127 2962 filiis
1146 2891 1216 2961 suis

152 3008 337 3082 Bernardo
353 3025 390 3083 et
401 3010 595 3084 Guillelmo
613 3012 665 3107 (a)
679 3012 785 3110 (quos
802 3008 1027 3083 eomitatibus
1040 3008 1110 3081 suis
1127 3034 1218 3106 proe·

152 3125 322 3220 lecerat),
350 3127 611 3228 comitibusque
634 3128 781 3219 vicinis,
803 3128 953 3226 perfecit
976 3144 1017 3199 ut
1041 3142 1213 3224 coeperat.

153 3243 341 3316 Difficilem
355 3246 448 3316 viam
467 3243 510 3317 ad
519 3247 594 3345 jam
606 3244 743 3318 dictum
765 3246 1019 3319 monasterium
1033 3269 1101 3342 pro
1113 3266 1216 3341 aspe-

153 3362 258 3434 ritate
273 3363 455 3435 montium
468 3363 620 3452 direxit,
640 3389 768 3461 rupem
786 3390 867 3437 cum
885 3363 1021 3435 malleis
1037 3376 1073 3433 et
1086 3361 1216 3432 securi-

190 3664 228 3736 (ι)
237 3665 312 3720 Lim
324 3690 329 3718 t
344 3666 439 3720 Sexto.

188 3755 322 3826 (a)1.isez
343 3780 348 3810 :
375 3757 527 3811 Gaucelino
547 3774 583 3810 ou
609 3758 760 3811 Gotrelinn.
782 3757 868 3809 Notre
887 3763 995 3818 auteur,
1011 3749 1139 3805 d'accord
1153 3768 1216 3804 arec

153 3861 203 3898 sou
216 3843 370 3912 denunciet,
385 3862 456 3899 nous
469 3847 628 3918 representa
640 3846 675 3899 ici
688 3844 714 3899 le
726 3846 807 3917 pieux
829 3843 956 3899 cenobite
972 3841 1114 3913 disposant
1132 3843 1147 3894 a
1166 3857 1216 3894 son

154 3934 204 4004 gre
214 3931 250 3986 de
263 3950 305 3987 ses
314 3935 417 3988 comtes
429 3951 536 3988 comme
545 3934 586 3988 s’il
595 3933 645 3989 erit
654 3936 721 3988 ve'cu
733 3934 869 4007 plusieurs
881 3933 1055 4006 generations
1068 3930 1131 4003 plus
1141 3929 1214 3984 tard.

154 4018 179 4073 ss
191 4029 234 4074 est
247 4019 312 4076 bien
325 4023 382 4076 urai
403 4040 457 4096 que
472 4022 596 4079 Bernard
610 4041 625 4076 a
639 4023 753 4095 possede
772 4024 798 4076 le
818 4022 910 4077 duche
923 4021 958 4076 de
970 4020 1154 4094 Septimania,
1176 4016 1214 4072 lca

154 4111 260 4164 comtes
269 4109 303 4165 de
316 4109 456 4165 Toulouse
469 4122 497 4165 et
511 4110 546 4166 ‹le
559 4111 742 4177 barcelonam
757 4113 824 4168 mais
838 4130 868 4167 ee
882 4130 916 4166 ne
927 4110 971 4165 fut
983 4109 1065 4183 qu'en
1081 4107 1133 4180 817
1145 4124 1216 4178 pour

154 4194 181 4249 le
191 4198 322 4268 premier,
337 4208 365 4254 et
377 4215 412 4253 cn
424 4196 475 4253 tao
489 4217 560 4271 pour
575 4197 600 4255 le
612 4198 732 4255 dernier.
