2888 4934
32 371 253 478 ’,Μ
467 413 979 476 nfflmmwfflm
1083 418 1242 496 sm

191 548 304 622 oculis
319 574 360 621 ac
377 544 541 634 naribus,
560 562 596 619 et
612 545 701 619 cibis
717 573 757 618 ac
774 544 917 644 potibus
932 545 1158 619 inclusorum
1174 546 1245 622 bar

192 666 348 740 ribilitcr
382 664 651 764 ingerebantur.
687 666 801 737 Tanta
833 665 951 763 itaque
980 664 1246 762 importunitate

190 807 392 854 muscarum
408 778 658 853 stimulabatur
670 778 802 853 cohors
815 777 966 878 superba
983 777 1195 868 rebellium,
1212 797 1247 853 ut

191 923 376 994 nunquam
403 895 460 968 die
486 897 544 970 rel
566 911 672 970 nocte
699 910 841 994 possent
865 920 992 994 capere
1015 893 1160 986 cibum,
1185 896 1247 969 nisi

189 1038 317 1112 magna
331 1038 413 1110 pars
428 1011 587 1109 ipsorum
604 1010 650 1083 ab
666 1010 913 1111 inquietudine
928 1037 1136 1083 muscarum
1153 1011 1248 1086 vicis·

188 1126 255 1198 sim
288 1124 437 1199 llabellis
462 1123 669 1200 defenderet
701 1152 765 1201 ora
797 1124 989 1198 sociorum.
1025 1126 1144 1225 lgitnr
1174 1124 1248 1199 0d0

187 1224 386 1342 bajocensis
409 1257 446 1315 et
470 1243 661 1341 complices
688 1242 741 1315 sui
767 1241 900 1314 diutius
926 1239 1155 1317 obsidionem
1179 1243 1247 1342 pati

187 1384 262 1431 non
280 1372 490 1456 potuerunt.
509 1358 613 1432 Unde
633 1358 875 1432 Guillermum
892 1383 1014 1457 regem
1031 1359 1172 1432 nuntiis
1187 1385 1247 1459 pe-

188 1477 323 1548 tierunt
345 1493 386 1548 ut
405 1501 527 1574 pacem
545 1503 627 1549 cum
644 1477 693 1550 eis
710 1478 858 1564 laceret,
877 1503 918 1549 ac
941 1475 1117 1574 oppidum
1140 1475 1246 1549 abeis

185 1594 390 1692 reciperet:
416 1593 476 1666 tali
501 1609 645 1682 tenore,
679 1608 720 1666 ut
739 1609 872 1684 terras,
894 1592 1024 1666 fundos
1049 1610 1085 1666 et
1106 1593 1243 1680 omnia,

185 1736 266 1810 quae
287 1709 456 1783 hactenus
479 1709 698 1797 habuerant,
720 1709 765 1783 ab
784 1711 860 1808 ipso
879 1711 1103 1808 reciperent,
1127 1725 1165 1783 et
1186 1710 1243 1808 ipsi

185 1823 301 1898 eidem
316 1842 358 1898 ut
376 1825 533 1897 naturali
551 1824 702 1899 domino
716 1824 870 1898 fideliter
891 1823 1037 1898 amodo
1054 1825 1241 1898 servirent.

185 1942 248 2015 llis
271 1941 400 2015 auditis
423 1968 488 2016 rex
510 1943 619 2015 iratus
640 1958 710 2030 est,
733 1959 770 2015 et
785 1941 887 2015 valde
903 1940 1039 2041 rigidus
1058 1941 1240 2028 intumuit,

184 2076 220 2132 et
238 2061 274 2132 in
296 2062 398 2135 nullo
412 2061 541 2150 llexns,
558 2061 761 2160 legatorum
773 2058 1074 2158 postulationibus
1094 2084 1171 2132 non
1186 2056 1241 2131 ad-

184 2178 341 2277 quievit,
358 2178 418 2251 sed
436 2176 590 2277 perfidos
611 2176 801 2250 traditores
819 2178 854 2248 in
873 2175 1008 2275 oppido
1029 2176 1168 2249 virtute
1182 2199 1240 2274 po·

185 2293 274 2363 tenti
288 2290 477 2390 capiendos
486 2293 633 2392 jurarit,
647 2308 684 2364 et
695 2316 779 2364 mox
792 2289 960 2391 patibulis
971 2288 1238 2388 suspendendos,

184 2423 221 2479 et
237 2408 315 2481 aliis
332 2409 505 2481 mortium
519 2407 668 2481 diversis
686 2406 875 2508 generibus
897 2405 941 2479 de
965 2422 1061 2479 terra
1083 2403 1240 2479 delendos

184 2525 345 2596 asseruit.
360 2523 530 2598 Videntes
545 2541 665 2597 autem
682 2527 723 2615 ii,
741 2526 803 2626 qui
819 2522 1032 2598 obsidebant
1046 2550 1132 2596 cum
1149 2544 1236 2622 rege,

184 2639 228 2711 ad
252 2666 376 2715 necem
396 2659 587 2741 parentum
610 2658 646 2716 et
662 2644 879 2729 amicorum,
898 2643 960 2742 qui
977 2640 1109 2715 obsessi
1127 2653 1234 2722 erant,

185 2771 258 2828 tam
277 2756 392 2832 valide
408 2759 501 2859 regis
518 2760 679 2832 animum
695 2762 834 2844 surere,
857 2786 939 2831 eum
957 2758 1095 2857 ingenti
1111 2754 1236 2857 suppli·

185 2875 323 2946 catione
339 2874 383 2946 ad
400 2900 482 2949 eum
501 2892 723 2950 accesserunt
733 2931 743 2965 ,
763 2877 866 2977 eique
882 2876 996 2947 multa
1015 2900 1143 2973 prece,
1161 2870 1235 2946 mul·

186 3004 295 3089 toque
322 2992 443 3066 lavore
471 2991 631 3066 blandiri
661 2994 778 3067 conati
812 3008 907 3064 sunt.
936 2992 1071 3064 Dicunt
1100 2992 1232 3090 itaque:

184 3105 371 3178 laudetur
382 3109 482 3181 Deus
489 3165 502 3197 ,
523 3114 586 3207 qui
602 3135 745 3211 semper
761 3109 912 3209 acly'urat
928 3125 1117 3208 sperantes
1139 3111 1177 3179 in
1190 3128 1233 3188 st,

184 3207 218 3292 ei
243 3222 310 3294 dat
333 3222 435 3296 bonis
463 3224 630 3324 patribus
655 3229 829 3297 eximiam
852 3224 1010 3297 sobolem
1036 3219 1234 3296 succedere!

183 3341 284 3414 Ecce
296 3342 436 3441 turgidi
446 3344 617 3442 juvenes,
639 3361 672 3416 et
688 3344 890 3439 cupiditate
904 3343 1037 3415 eacnti
1051 3366 1155 3413 senes
1165 3339 1234 3440 jam

182 3462 273 3531 satis
288 3459 409 3532 edocti
426 3476 509 3532 sunt
527 3460 631 3559 quod
642 3465 751 3558 regioe
766 3461 862 3531 vires
879 3461 918 3530 in
931 3458 1003 3530 liae
1016 3456 1141 3529 insula
1165 3480 1236 3527 nore

182 3577 271 3649 dum
295 3576 517 3677 dsfiecerunt.
544 3580 648 3652 Nam
667 3584 732 3677 qui
755 3579 802 3650 cle
821 3578 1056 3651 Normannia
1076 3593 1236 3674 tanquam

182 3694 284 3765 milri
298 3695 353 3768 ad
365 3697 539 3798 proedam
556 3723 666 3797 saper
680 3724 743 3768 nos
760 3722 842 3767 eum
860 3697 995 3794 impetu
1012 3693 1235 3777 advolarunt,

182 3829 217 3882 et
233 3814 272 3882 in
288 3814 430 3911 Anglia
453 3820 593 3914 regiam
610 3820 756 3915 stirpem
773 3808 948 3912 defecisse
965 3810 1134 3883 arbitrati
1150 3825 1235 3892 sunt,

175 3926 261 4024 jam
281 3927 516 4002 Guillelmam
533 3934 720 4030 juvenem,
740 3926 937 4000 Gaillelmo
954 3952 1125 3999 senenon
1146 3922 1237 3997 debi-

182 4039 326 4132 liorem,
343 4042 532 4116 cohibente
550 4046 646 4131 Deo,
663 4047 808 4144 experti
818 4059 914 4114 sunt.
931 4043 1018 4114 Jam
1031 4068 1129 4142 pene
1144 4039 1233 4114 uicti.

182 4158 320 4233 viribus
347 4163 419 4232 tuis
443 4160 700 4249 succumbunt,
729 4176 762 4230 et
774 4155 991 4263 fatiscentes
1015 4153 1232 4255 magnitudi-
