<?xml version="1.0" encoding="UTF-8"?>
<!DOCTYPE html PUBLIC "-//W3C//DTD XHTML 1.0 Transitional//EN"
    "http://www.w3.org/TR/xhtml1/DTD/xhtml1-transitional.dtd">
<html xmlns="http://www.w3.org/1999/xhtml" xml:lang="en" lang="en">
 <head>
  <title>
</title>
<meta http-equiv="Content-Type" content="text/html;charset=utf-8" />
  <meta name='ocr-system' content='tesseract 3.04.00' />
  <meta name='ocr-capabilities' content='ocr_page ocr_carea ocr_par ocr_line ocrx_word'/>
</head>
<body>
  <div class='ocr_page' id='page_1' title='image "./ordericivitalis05deligoog/ordericivitalis05deligoog_0257.png"; bbox 0 0 2888 4934; ppageno 0'>
   <div class='ocr_carea' id='block_1_1' title="bbox 183 413 1255 497">
    <p class='ocr_par' dir='ltr' id='par_1_1' title="bbox 183 413 1255 497">
     <span class='ocr_line' id='line_1_1' title="bbox 183 413 1255 497; baseline -0.003 -17"><span class='ocrx_word' id='word_1_1' title='bbox 183 418 244 480; x_wconf 79' lang='lat'><strong>246</strong></span> <span class='ocrx_word' id='word_1_2' title='bbox 460 415 645 475; x_wconf 74' lang='lat' dir='ltr'>HISTORIA</span> <span class='ocrx_word' id='word_1_3' title='bbox 668 413 972 476; x_wconf 70' lang='lat' dir='ltr'><strong>Ecctbstnst&#39;lcn.</strong></span> <span class='ocrx_word' id='word_1_4' title='bbox 1149 419 1255 497; x_wconf 80' lang='lat'>[10⁸7]</span> 
     </span>
    </p>
   </div>
   <div class='ocr_carea' id='block_1_2' title="bbox 181 544 1260 2414">
    <p class='ocr_par' dir='ltr' id='par_1_2' title="bbox 181 544 1260 2414">
     <span class='ocr_line' id='line_1_2' title="bbox 181 544 1255 645; baseline -0.006 -21"><span class='ocrx_word' id='word_1_5' title='bbox 181 548 411 624; x_wconf 84' lang='lat' dir='ltr'><strong>contristatus</strong></span> <span class='ocrx_word' id='word_1_6' title='bbox 432 560 497 618; x_wconf 87' lang='lat' dir='ltr'><strong>est.</strong></span> <span class='ocrx_word' id='word_1_7' title='bbox 526 544 720 619; x_wconf 85' lang='lat' dir='ltr'>Herluinus</span> <span class='ocrx_word' id='word_1_8' title='bbox 744 544 878 645; x_wconf 83' lang='lat' dir='ltr'>quippe</span> <span class='ocrx_word' id='word_1_9' title='bbox 899 544 944 617; x_wconf 91' lang='lat' dir='ltr'><strong>de</strong></span> <span class='ocrx_word' id='word_1_10' title='bbox 969 545 1172 618; x_wconf 82' lang='lat' dir='ltr'><strong>Contavilla</strong></span> <span class='ocrx_word' id='word_1_11' title='bbox 1197 545 1255 643; x_wconf 88' lang='lat' dir='ltr'><strong>(r)</strong></span> 
     </span>
     <span class='ocr_line' id='line_1_3' title="bbox 181 661 1256 764; baseline -0.004 -24"><span class='ocrx_word' id='word_1_12' title='bbox 181 665 388 752; x_wconf 72' lang='lat' dir='ltr'><strong>Herbesum,</strong></span> <span class='ocrx_word' id='word_1_13' title='bbox 404 661 581 737; x_wconf 87' lang='lat' dir='ltr'><strong>Rodbcrti</strong></span> <span class='ocrx_word' id='word_1_14' title='bbox 597 663 698 736; x_wconf 90' lang='lat' dir='ltr'>ducis</span> <span class='ocrx_word' id='word_1_15' title='bbox 711 663 968 751; x_wconf 84' lang='lat' dir='ltr'><strong>concubinam,</strong></span> <span class='ocrx_word' id='word_1_16' title='bbox 987 663 1024 736; x_wconf 91' lang='lat' dir='ltr'><strong>in</strong></span> <span class='ocrx_word' id='word_1_17' title='bbox 1046 664 1256 764; x_wconf 76' lang='lat' dir='ltr'>conjugium</span> 
     </span>
     <span class='ocr_line' id='line_1_4' title="bbox 182 779 1257 882; baseline -0.004 -24"><span class='ocrx_word' id='word_1_18' title='bbox 182 799 388 882; x_wconf 80' lang='lat' dir='ltr'><strong>acceperat,</strong></span> <span class='ocrx_word' id='word_1_19' title='bbox 407 808 450 855; x_wconf 87' lang='lat' dir='ltr'><strong>ex</strong></span> <span class='ocrx_word' id='word_1_20' title='bbox 463 807 533 882; x_wconf 86' lang='lat' dir='ltr'><strong>qua</strong></span> <span class='ocrx_word' id='word_1_21' title='bbox 550 781 640 854; x_wconf 91' lang='lat' dir='ltr'>duos</span> <span class='ocrx_word' id='word_1_22' title='bbox 655 781 747 855; x_wconf 81' lang='lat' dir='ltr'><strong>titios</strong></span> <span class='ocrx_word' id='word_1_23' title='bbox 767 813 776 853; x_wconf 90' lang='lat'>:</span> <span class='ocrx_word' id='word_1_24' title='bbox 795 779 959 856; x_wconf 90' lang='lat' dir='ltr'><strong>Odonem</strong></span> <span class='ocrx_word' id='word_1_25' title='bbox 977 798 1012 855; x_wconf 91' lang='lat' dir='ltr'><strong>et</strong></span> <span class='ocrx_word' id='word_1_26' title='bbox 1027 779 1257 856; x_wconf 83' lang='lat' dir='ltr'><strong>Rodbertum</strong></span> 
     </span>
     <span class='ocr_line' id='line_1_5' title="bbox 181 899 1256 1004; baseline -0.004 -28"><span class='ocrx_word' id='word_1_27' title='bbox 181 916 370 1004; x_wconf 81' lang='lat' dir='ltr'><strong>genuerat.</strong></span> <span class='ocrx_word' id='word_1_28' title='bbox 393 899 606 972; x_wconf 86' lang='lat' dir='ltr'>Guillelmus</span> <span class='ocrx_word' id='word_1_29' title='bbox 628 916 747 973; x_wconf 88' lang='lat' dir='ltr'><strong>autem</strong></span> <span class='ocrx_word' id='word_1_30' title='bbox 767 899 840 972; x_wconf 88' lang='lat' dir='ltr'><strong>dux</strong></span> <span class='ocrx_word' id='word_1_31' title='bbox 865 916 902 973; x_wconf 90' lang='lat' dir='ltr'><strong>et</strong></span> <span class='ocrx_word' id='word_1_32' title='bbox 917 917 1037 998; x_wconf 83' lang='lat' dir='ltr'><strong>postca</strong></span> <span class='ocrx_word' id='word_1_33' title='bbox 1061 924 1126 974; x_wconf 83' lang='lat' dir='ltr'><strong>rex</strong></span> <span class='ocrx_word' id='word_1_34' title='bbox 1144 900 1256 972; x_wconf 87' lang='lat' dir='ltr'><strong>vitri-</strong></span> 
     </span>
     <span class='ocr_line' id='line_1_6' title="bbox 182 1016 1254 1118; baseline -0.006 -24"><span class='ocrx_word' id='word_1_35' title='bbox 182 1047 265 1095; x_wconf 91' lang='lat' dir='ltr'><strong>cum</strong></span> <span class='ocrx_word' id='word_1_36' title='bbox 282 1045 386 1092; x_wconf 90' lang='lat' dir='ltr'><strong>snum</strong></span> <span class='ocrx_word' id='word_1_37' title='bbox 403 1018 543 1118; x_wconf 79' lang='lat' dir='ltr'><strong>magnis</strong></span> <span class='ocrx_word' id='word_1_38' title='bbox 560 1042 597 1090; x_wconf 80' lang='lat' dir='ltr'><strong>et</strong></span> <span class='ocrx_word' id='word_1_39' title='bbox 613 1017 736 1089; x_wconf 88' lang='lat' dir='ltr'><strong>multis</strong></span> <span class='ocrx_word' id='word_1_40' title='bbox 761 1016 960 1090; x_wconf 85' lang='lat' dir='ltr'>honoribus</span> <span class='ocrx_word' id='word_1_41' title='bbox 974 1017 1010 1089; x_wconf 92' lang='lat' dir='ltr'><strong>in</strong></span> <span class='ocrx_word' id='word_1_42' title='bbox 1030 1016 1254 1089; x_wconf 84' lang='lat' dir='ltr'><strong>Normannia</strong></span> 
     </span>
     <span class='ocr_line' id='line_1_7' title="bbox 183 1130 1257 1237; baseline -0.009 -24"><span class='ocrx_word' id='word_1_43' title='bbox 183 1154 220 1214; x_wconf 86' lang='lat' dir='ltr'><strong>et</strong></span> <span class='ocrx_word' id='word_1_44' title='bbox 234 1136 365 1237; x_wconf 79' lang='lat' dir='ltr'><strong>Anglia</strong></span> <span class='ocrx_word' id='word_1_45' title='bbox 383 1133 577 1225; x_wconf 82' lang='lat' dir='ltr'>ditaverat,</span> <span class='ocrx_word' id='word_1_46' title='bbox 595 1153 631 1208; x_wconf 87' lang='lat' dir='ltr'><strong>et</strong></span> <span class='ocrx_word' id='word_1_47' title='bbox 648 1134 741 1208; x_wconf 85' lang='lat' dir='ltr'>filios</span> <span class='ocrx_word' id='word_1_48' title='bbox 750 1137 825 1234; x_wconf 87' lang='lat' dir='ltr'><strong>ejus</strong></span> <span class='ocrx_word' id='word_1_49' title='bbox 841 1133 1074 1224; x_wconf 83' lang='lat' dir='ltr'><strong>:Radulsum‚</strong></span> <span class='ocrx_word' id='word_1_50' title='bbox 1089 1157 1203 1234; x_wconf 86' lang='lat' dir='ltr'><strong>quem</strong></span> <span class='ocrx_word' id='word_1_51' title='bbox 1212 1130 1257 1204; x_wconf 88' lang='lat' dir='ltr'><strong>de</strong></span> 
     </span>
     <span class='ocr_line' id='line_1_8' title="bbox 182 1252 1253 1353; baseline -0.007 -25"><span class='ocrx_word' id='word_1_52' title='bbox 182 1254 251 1328; x_wconf 88' lang='lat' dir='ltr'><strong>alia</strong></span> <span class='ocrx_word' id='word_1_53' title='bbox 264 1255 415 1353; x_wconf 79' lang='lat' dir='ltr'><strong>conjuge</strong></span> <span class='ocrx_word' id='word_1_54' title='bbox 428 1268 682 1353; x_wconf 80' lang='lat' dir='ltr'><strong>procreaverat</strong></span> <span class='ocrx_word' id='word_1_55' title='bbox 696 1253 764 1350; x_wconf 85' lang='lat' dir='ltr'><strong>(a),</strong></span> <span class='ocrx_word' id='word_1_56' title='bbox 781 1253 958 1353; x_wconf 75' lang='lat' dir='ltr'><strong>iratesque</strong></span> <span class='ocrx_word' id='word_1_57' title='bbox 972 1277 1054 1325; x_wconf 89' lang='lat' dir='ltr'>suos</span> <span class='ocrx_word' id='word_1_58' title='bbox 1067 1252 1253 1324; x_wconf 86' lang='lat' dir='ltr'><strong>uterinos:</strong></span> 
     </span>
     <span class='ocr_line' id='line_1_9' title="bbox 182 1367 1258 1470; baseline -0.006 -23"><span class='ocrx_word' id='word_1_59' title='bbox 182 1371 348 1447; x_wconf 89' lang='lat' dir='ltr'><strong>Odonem</strong></span> <span class='ocrx_word' id='word_1_60' title='bbox 360 1387 396 1445; x_wconf 85' lang='lat' dir='ltr'><strong>et</strong></span> <span class='ocrx_word' id='word_1_61' title='bbox 408 1368 656 1459; x_wconf 81' lang='lat' dir='ltr'><strong>Rodbertum,</strong></span> <span class='ocrx_word' id='word_1_62' title='bbox 671 1371 836 1443; x_wconf 80' lang='lat' dir='ltr'><strong>maximis</strong></span> <span class='ocrx_word' id='word_1_63' title='bbox 851 1368 1133 1470; x_wconf 78' lang='lat' dir='ltr'>possessionibus</span> <span class='ocrx_word' id='word_1_64' title='bbox 1148 1367 1258 1441; x_wconf 87' lang='lat' dir='ltr'>subli-</span> 
     </span>
     <span class='ocr_line' id='line_1_10' title="bbox 183 1486 1258 1588; baseline -0.002 -25"><span class='ocrx_word' id='word_1_65' title='bbox 183 1504 356 1563; x_wconf 84' lang='lat' dir='ltr'><strong>maverat.</strong></span> <span class='ocrx_word' id='word_1_66' title='bbox 393 1486 487 1561; x_wconf 89' lang='lat' dir='ltr'><strong>Nam</strong></span> <span class='ocrx_word' id='word_1_67' title='bbox 520 1504 709 1587; x_wconf 89' lang='lat' dir='ltr'>postquam</span> <span class='ocrx_word' id='word_1_68' title='bbox 740 1486 979 1562; x_wconf 85' lang='lat' dir='ltr'><strong>Guillclmnm</strong></span> <span class='ocrx_word' id='word_1_69' title='bbox 1013 1502 1258 1588; x_wconf 80' lang='lat' dir='ltr'><strong>cognomento</strong></span> 
     </span>
     <span class='ocr_line' id='line_1_11' title="bbox 183 1604 1257 1706; baseline 0 -27"><span class='ocrx_word' id='word_1_70' title='bbox 183 1606 426 1706; x_wconf 78' lang='lat' dir='ltr'><strong>Werlengum</strong></span> <span class='ocrx_word' id='word_1_71' title='bbox 436 1659 447 1694; x_wconf 87' lang='lat'>,</span> <span class='ocrx_word' id='word_1_72' title='bbox 470 1604 649 1679; x_wconf 86' lang='lat' dir='ltr'><strong>Moritolii</strong></span> <span class='ocrx_word' id='word_1_73' title='bbox 665 1605 856 1696; x_wconf 89' lang='lat' dir='ltr'><strong>comitem,</strong></span> <span class='ocrx_word' id='word_1_74' title='bbox 877 1606 988 1680; x_wconf 84' lang='lat' dir='ltr'><strong>titium</strong></span> <span class='ocrx_word' id='word_1_75' title='bbox 1006 1606 1173 1703; x_wconf 82' lang='lat' dir='ltr'><strong>Malgerii</strong></span> <span class='ocrx_word' id='word_1_76' title='bbox 1190 1630 1257 1679; x_wconf 93' lang='lat' dir='ltr'><strong>co-</strong></span> 
     </span>
     <span class='ocr_line' id='line_1_12' title="bbox 182 1722 1258 1823; baseline -0.002 -25"><span class='ocrx_word' id='word_1_77' title='bbox 182 1725 300 1814; x_wconf 85' lang='lat' dir='ltr'><strong>mitis,</strong></span> <span class='ocrx_word' id='word_1_78' title='bbox 320 1751 388 1823; x_wconf 90' lang='lat' dir='ltr'><strong>pro</strong></span> <span class='ocrx_word' id='word_1_79' title='bbox 404 1723 563 1797; x_wconf 89' lang='lat' dir='ltr'><strong>minimis</strong></span> <span class='ocrx_word' id='word_1_80' title='bbox 578 1723 824 1798; x_wconf 86' lang='lat' dir='ltr'><strong>occasionibus</strong></span> <span class='ocrx_word' id='word_1_81' title='bbox 846 1722 891 1798; x_wconf 91' lang='lat' dir='ltr'><strong>de</strong></span> <span class='ocrx_word' id='word_1_82' title='bbox 909 1725 1074 1799; x_wconf 89' lang='lat' dir='ltr'><strong>Ncustria</strong></span> <span class='ocrx_word' id='word_1_83' title='bbox 1100 1723 1258 1823; x_wconf 86' lang='lat' dir='ltr'><strong>propul-</strong></span> 
     </span>
     <span class='ocr_line' id='line_1_13' title="bbox 183 1837 1258 1939; baseline -0.003 -24"><span class='ocrx_word' id='word_1_84' title='bbox 183 1856 325 1915; x_wconf 77' lang='lat' dir='ltr'><strong>saverat</strong></span> <span class='ocrx_word' id='word_1_85' title='bbox 338 1843 408 1939; x_wconf 71' lang='grc' dir='ltr'>(ὅ),</span> <span class='ocrx_word' id='word_1_86' title='bbox 421 1837 622 1929; x_wconf 72' lang='lat' dir='ltr'><strong>floriberto,</strong></span> <span class='ocrx_word' id='word_1_87' title='bbox 641 1840 807 1913; x_wconf 89' lang='lat' dir='ltr'><strong>Herlnini</strong></span> <span class='ocrx_word' id='word_1_88' title='bbox 822 1839 912 1930; x_wconf 82' lang='lat' dir='ltr'><strong>filio,</strong></span> <span class='ocrx_word' id='word_1_89' title='bbox 928 1840 1029 1912; x_wconf 79' lang='lat' dir='ltr'><strong>fratri</strong></span> <span class='ocrx_word' id='word_1_90' title='bbox 1045 1865 1125 1929; x_wconf 87' lang='lat' dir='ltr'>suo,</span> <span class='ocrx_word' id='word_1_91' title='bbox 1140 1840 1258 1913; x_wconf 92' lang='lat' dir='ltr'><strong>comi-</strong></span> 
     </span>
     <span class='ocr_line' id='line_1_14' title="bbox 185 1956 1258 2058; baseline -0.002 -26"><span class='ocrx_word' id='word_1_92' title='bbox 185 1974 300 2032; x_wconf 87' lang='lat' dir='ltr'><strong>tatum</strong></span> <span class='ocrx_word' id='word_1_93' title='bbox 327 1957 504 2032; x_wconf 84' lang='lat' dir='ltr'><strong>Moritotii</strong></span> <span class='ocrx_word' id='word_1_94' title='bbox 532 1956 693 2031; x_wconf 85' lang='lat' dir='ltr'><strong>dederat.</strong></span> <span class='ocrx_word' id='word_1_95' title='bbox 721 1957 899 2032; x_wconf 72' lang='lat' dir='ltr'><strong>Defuncto</strong></span> <span class='ocrx_word' id='word_1_96' title='bbox 929 1983 1074 2058; x_wconf 86' lang='lat' dir='ltr'>quoque</span> <span class='ocrx_word' id='word_1_97' title='bbox 1103 1959 1258 2057; x_wconf 78' lang='lat' dir='ltr'><strong>Hugone</strong></span> 
     </span>
     <span class='ocr_line' id='line_1_15' title="bbox 184 2072 1260 2177; baseline -0.001 -29"><span class='ocrx_word' id='word_1_98' title='bbox 184 2076 370 2177; x_wconf 87' lang='lat' dir='ltr'><strong>Bajocensi</strong></span> <span class='ocrx_word' id='word_1_99' title='bbox 381 2076 567 2176; x_wconf 88' lang='lat' dir='ltr'><strong>episcopo,</strong></span> <span class='ocrx_word' id='word_1_100' title='bbox 582 2074 762 2173; x_wconf 88' lang='lat' dir='ltr'><strong>Radulphi</strong></span> <span class='ocrx_word' id='word_1_101' title='bbox 772 2077 927 2149; x_wconf 88' lang='lat' dir='ltr'>consulis</span> <span class='ocrx_word' id='word_1_102' title='bbox 938 2079 994 2172; x_wconf 75' lang='lat'><strong>(4)</strong></span> <span class='ocrx_word' id='word_1_103' title='bbox 1007 2075 1098 2164; x_wconf 84' lang='lat' dir='ltr'><strong>filio,</strong></span> <span class='ocrx_word' id='word_1_104' title='bbox 1108 2072 1260 2174; x_wconf 75' lang='lat' dir='ltr'><strong>praedic·</strong></span> 
     </span>
     <span class='ocr_line' id='line_1_16' title="bbox 187 2192 1259 2295; baseline -0.003 -27"><span class='ocrx_word' id='word_1_105' title='bbox 187 2211 265 2270; x_wconf 89' lang='lat' dir='ltr'><strong>tum</strong></span> <span class='ocrx_word' id='word_1_106' title='bbox 287 2196 522 2295; x_wconf 85' lang='lat' dir='ltr'><strong>praesulatum</strong></span> <span class='ocrx_word' id='word_1_107' title='bbox 546 2211 768 2267; x_wconf 78' lang='lat' dir='ltr'><strong>concesserat</strong></span> <span class='ocrx_word' id='word_1_108' title='bbox 784 2192 902 2268; x_wconf 90' lang='lat' dir='ltr'>Odoni</span> <span class='ocrx_word' id='word_1_109' title='bbox 920 2195 1023 2266; x_wconf 79' lang='lat' dir='ltr'><strong>tratri</strong></span> <span class='ocrx_word' id='word_1_110' title='bbox 1039 2220 1127 2279; x_wconf 89' lang='lat' dir='ltr'>suo,·</span> <span class='ocrx_word' id='word_1_111' title='bbox 1149 2217 1259 2294; x_wconf 88' lang='lat' dir='ltr'><strong>quem</strong></span> 
     </span>
     <span class='ocr_line' id='line_1_17' title="bbox 185 2298 1260 2414; baseline -0.005 -26"><span class='ocrx_word' id='word_1_112' title='bbox 185 2313 418 2414; x_wconf 89' lang='lat' dir='ltr'><strong>postmodum</strong></span> <span class='ocrx_word' id='word_1_113' title='bbox 435 2314 472 2386; x_wconf 93' lang='lat' dir='ltr'><strong>in</strong></span> <span class='ocrx_word' id='word_1_114' title='bbox 489 2312 618 2410; x_wconf 83' lang='lat' dir='ltr'><strong>Anglia</strong></span> <span class='ocrx_word' id='word_1_115' title='bbox 634 2312 833 2411; x_wconf 81' lang='lat' dir='ltr'><strong>praeposuit</strong></span> <span class='ocrx_word' id='word_1_116' title='bbox 849 2312 984 2385; x_wconf 84' lang='lat' dir='ltr'><strong>Cantioe</strong></span> <span class='ocrx_word' id='word_1_117' title='bbox 998 2337 1128 2412; x_wconf 81' lang='lat' dir='ltr'><strong>regno.</strong></span> <span class='ocrx_word' id='word_1_118' title='bbox 1147 2298 1260 2384; x_wconf 87' lang='lat' dir='ltr'><strong>Deni-</strong></span> 
     </span>
    </p>
   </div>
   <div class='ocr_carea' id='block_1_3' title="bbox 186 2429 1261 2767">
    <p class='ocr_par' dir='ltr' id='par_1_3' title="bbox 186 2429 1261 2767">
     <span class='ocr_line' id='line_1_18' title="bbox 186 2429 1260 2535; baseline -0.004 -29"><span class='ocrx_word' id='word_1_119' title='bbox 186 2458 258 2535; x_wconf 87' lang='lat' dir='ltr'><strong>que</strong></span> <span class='ocrx_word' id='word_1_120' title='bbox 290 2431 386 2505; x_wconf 91' lang='lat' dir='ltr'>bunc</span> <span class='ocrx_word' id='word_1_121' title='bbox 414 2457 483 2531; x_wconf 91' lang='lat' dir='ltr'><strong>pro</strong></span> <span class='ocrx_word' id='word_1_122' title='bbox 515 2431 700 2503; x_wconf 73' lang='lat' dir='ltr'><strong>nimietate</strong></span> <span class='ocrx_word' id='word_1_123' title='bbox 725 2458 803 2517; x_wconf 90' lang='lat' dir='ltr'><strong>sua,</strong></span> <span class='ocrx_word' id='word_1_124' title='bbox 840 2447 879 2503; x_wconf 90' lang='lat' dir='ltr'><strong>ut</strong></span> <span class='ocrx_word' id='word_1_125' title='bbox 908 2430 1070 2529; x_wconf 86' lang='lat' dir='ltr'>superius</span> <span class='ocrx_word' id='word_1_126' title='bbox 1102 2429 1260 2528; x_wconf 80' lang='lat' dir='ltr'><strong>pleniter</strong></span> 
     </span>
     <span class='ocr_line' id='line_1_19' title="bbox 186 2549 1257 2647; baseline -0.005 -22"><span class='ocrx_word' id='word_1_127' title='bbox 186 2551 344 2625; x_wconf 84' lang='lat' dir='ltr'><strong>relatum</strong></span> <span class='ocrx_word' id='word_1_128' title='bbox 361 2565 432 2638; x_wconf 85' lang='lat' dir='ltr'><strong>est,</strong></span> <span class='ocrx_word' id='word_1_129' title='bbox 448 2574 513 2623; x_wconf 85' lang='lat' dir='ltr'><strong>rex</strong></span> <span class='ocrx_word' id='word_1_130' title='bbox 528 2549 742 2622; x_wconf 85' lang='lat' dir='ltr'>Guillelmus</span> <span class='ocrx_word' id='word_1_131' title='bbox 760 2550 796 2622; x_wconf 92' lang='lat' dir='ltr'><strong>in</strong></span> <span class='ocrx_word' id='word_1_132' title='bbox 813 2549 926 2622; x_wconf 83' lang='lat' dir='ltr'>insula</span> <span class='ocrx_word' id='word_1_133' title='bbox 944 2551 1053 2622; x_wconf 89' lang='lat' dir='ltr'><strong>Vecta</strong></span> <span class='ocrx_word' id='word_1_134' title='bbox 1073 2551 1130 2647; x_wconf 81' lang='lat'><strong>(5)</strong></span> <span class='ocrx_word' id='word_1_135' title='bbox 1144 2549 1257 2646; x_wconf 86' lang='lat' dir='ltr'><strong>cepit,</strong></span> 
     </span>
     <span class='ocr_line' id='line_1_20' title="bbox 187 2665 1261 2767; baseline -0.003 -28"><span class='ocrx_word' id='word_1_136' title='bbox 187 2682 346 2767; x_wconf 87' lang='lat' dir='ltr'><strong>quatuor</strong></span> <span class='ocrx_word' id='word_1_137' title='bbox 363 2666 467 2739; x_wconf 87' lang='lat' dir='ltr'>annis</span> <span class='ocrx_word' id='word_1_138' title='bbox 491 2665 527 2737; x_wconf 93' lang='lat' dir='ltr'><strong>in</strong></span> <span class='ocrx_word' id='word_1_139' title='bbox 544 2691 688 2739; x_wconf 86' lang='lat' dir='ltr'><strong>carcere</strong></span> <span class='ocrx_word' id='word_1_140' title='bbox 711 2666 845 2755; x_wconf 74' lang='lat' dir='ltr'><strong>tenuit,</strong></span> <span class='ocrx_word' id='word_1_141' title='bbox 865 2690 932 2738; x_wconf 88' lang='lat' dir='ltr'><strong>nec</strong></span> <span class='ocrx_word' id='word_1_142' title='bbox 949 2666 1058 2737; x_wconf 90' lang='lat' dir='ltr'><strong>etiam</strong></span> <span class='ocrx_word' id='word_1_143' title='bbox 1083 2666 1122 2737; x_wconf 90' lang='lat' dir='ltr'><strong>in</strong></span> <span class='ocrx_word' id='word_1_144' title='bbox 1141 2678 1261 2738; x_wconf 81' lang='lat' dir='ltr'><strong>morte</strong></span> 
     </span>
    </p>
   </div>
   <div class='ocr_carea' id='block_1_4' title="bbox 184 2923 1265 4000">
    <p class='ocr_par' dir='ltr' id='par_1_4' title="bbox 185 2923 1264 3444">
     <span class='ocr_line' id='line_1_21' title="bbox 223 2923 1260 2999; baseline -0.001 -17"><span class='ocrx_word' id='word_1_145' title='bbox 223 2926 580 2998; x_wconf 85' lang='lat' dir='ltr'><strong>(1)Conteville-sur-mer‚</strong></span> <span class='ocrx_word' id='word_1_146' title='bbox 596 2928 660 2999; x_wconf 70' lang='lat' dir='ltr'><strong>prce</strong></span> <span class='ocrx_word' id='word_1_147' title='bbox 674 2925 883 2980; x_wconf 87' lang='lat' dir='ltr'><strong>l’emboucbure</strong></span> <span class='ocrx_word' id='word_1_148' title='bbox 899 2925 935 2981; x_wconf 88' lang='lat' dir='ltr'><strong>de</strong></span> <span class='ocrx_word' id='word_1_149' title='bbox 952 2926 978 2980; x_wconf 87' lang='lat' dir='ltr'><strong>la</strong></span> <span class='ocrx_word' id='word_1_150' title='bbox 994 2923 1071 2980; x_wconf 84' lang='lat' dir='ltr'><strong>Riste</strong></span> <span class='ocrx_word' id='word_1_151' title='bbox 1086 2925 1196 2999; x_wconf 79' lang='lat' dir='ltr'><strong>(Eure).</strong></span> <span class='ocrx_word' id='word_1_152' title='bbox 1212 2927 1260 2981; x_wconf 78' lang='lat' dir='ltr'><strong>Lei</strong></span> 
     </span>
     <span class='ocr_line' id='line_1_22' title="bbox 188 3014 1261 3092; baseline 0.002 -22"><span class='ocrx_word' id='word_1_153' title='bbox 188 3014 333 3070; x_wconf 84' lang='lat' dir='ltr'><strong>domaiues</strong></span> <span class='ocrx_word' id='word_1_154' title='bbox 345 3015 493 3071; x_wconf 87' lang='lat' dir='ltr'><strong>d&#39;Herluin</strong></span> <span class='ocrx_word' id='word_1_155' title='bbox 506 3015 575 3070; x_wconf 83' lang='lat' dir='ltr'><strong>dans</strong></span> <span class='ocrx_word' id='word_1_156' title='bbox 588 3036 619 3071; x_wconf 91' lang='lat' dir='ltr'><strong>ce</strong></span> <span class='ocrx_word' id='word_1_157' title='bbox 633 3017 758 3090; x_wconf 87' lang='lat' dir='ltr'><strong>quarticr</strong></span> <span class='ocrx_word' id='word_1_158' title='bbox 768 3017 926 3074; x_wconf 76' lang='lat' dir='ltr'><strong>formerent</strong></span> <span class='ocrx_word' id='word_1_159' title='bbox 940 3037 971 3072; x_wconf 87' lang='lat' dir='ltr'><strong>ce</strong></span> <span class='ocrx_word' id='word_1_160' title='bbox 984 3019 1032 3092; x_wconf 88' lang='lat' dir='ltr'><strong>qui</strong></span> <span class='ocrx_word' id='word_1_161' title='bbox 1047 3018 1090 3072; x_wconf 84' lang='lat' dir='ltr'><strong>fut</strong></span> <span class='ocrx_word' id='word_1_162' title='bbox 1102 3017 1203 3091; x_wconf 62' lang='lat' dir='ltr'><strong>appel&amp;</strong></span> <span class='ocrx_word' id='word_1_163' title='bbox 1212 3015 1261 3072; x_wconf 88' lang='lat' dir='ltr'><strong>de·</strong></span> 
     </span>
     <span class='ocr_line' id='line_1_23' title="bbox 188 3097 1262 3179; baseline 0.001 -20"><span class='ocrx_word' id='word_1_164' title='bbox 188 3105 251 3178; x_wconf 86' lang='lat' dir='ltr'>puis</span> <span class='ocrx_word' id='word_1_165' title='bbox 263 3105 420 3160; x_wconf 87' lang='lat' dir='ltr'><strong>l&#39;Honneur</strong></span> <span class='ocrx_word' id='word_1_166' title='bbox 427 3105 462 3160; x_wconf 93' lang='lat' dir='ltr'><strong>de</strong></span> <span class='ocrx_word' id='word_1_167' title='bbox 473 3097 779 3179; x_wconf 60' lang='lat' dir='ltr'><strong>sainte-Meroliglisc,</strong></span> <span class='ocrx_word' id='word_1_168' title='bbox 790 3106 828 3160; x_wconf 86' lang='lat' dir='ltr'><strong>du</strong></span> <span class='ocrx_word' id='word_1_169' title='bbox 841 3125 906 3161; x_wconf 89' lang='lat' dir='ltr'><strong>nom</strong></span> <span class='ocrx_word' id='word_1_170' title='bbox 917 3107 1001 3160; x_wconf 90' lang='lat' dir='ltr'>d’une</span> <span class='ocrx_word' id='word_1_171' title='bbox 1013 3106 1100 3179; x_wconf 86' lang='lat' dir='ltr'><strong>petite</strong></span> <span class='ocrx_word' id='word_1_172' title='bbox 1113 3123 1262 3161; x_wconf 84' lang='lat' dir='ltr'><strong>commune</strong></span> 
     </span>
     <span class='ocr_line' id='line_1_24' title="bbox 187 3193 1261 3269; baseline 0.002 -21"><span class='ocrx_word' id='word_1_173' title='bbox 187 3195 237 3269; x_wconf 91' lang='lat' dir='ltr'><strong>qni</strong></span> <span class='ocrx_word' id='word_1_174' title='bbox 252 3200 295 3249; x_wconf 82' lang='lat' dir='ltr'><strong>cst</strong></span> <span class='ocrx_word' id='word_1_175' title='bbox 306 3194 430 3250; x_wconf 70' lang='lat' dir='ltr'><strong>decenne</strong></span> <span class='ocrx_word' id='word_1_176' title='bbox 443 3197 694 3268; x_wconf 72' lang='lat' dir='ltr'><strong>posterieurement</strong></span> <span class='ocrx_word' id='word_1_177' title='bbox 704 3193 1171 3263; x_wconf 70' lang='lat' dir='ltr'><strong>NotreDame·du·Val-sun·mer;</strong></span> <span class='ocrx_word' id='word_1_178' title='bbox 1187 3194 1261 3269; x_wconf 85' lang='lat' dir='ltr'>puis,</span> 
     </span>
     <span class='ocr_line' id='line_1_25' title="bbox 185 3285 1264 3360; baseline -0.001 -19"><span class='ocrx_word' id='word_1_179' title='bbox 185 3286 266 3358; x_wconf 66' lang='lat' dir='ltr'><strong>apres</strong></span> <span class='ocrx_word' id='word_1_180' title='bbox 279 3302 307 3340; x_wconf 85' lang='lat' dir='ltr'><strong>sa</strong></span> <span class='ocrx_word' id='word_1_181' title='bbox 321 3286 440 3340; x_wconf 76' lang='lat' dir='ltr'><strong>reunion</strong></span> <span class='ocrx_word' id='word_1_182' title='bbox 449 3302 513 3339; x_wconf 87' lang='lat' dir='ltr'><strong>avec</strong></span> <span class='ocrx_word' id='word_1_183' title='bbox 522 3285 898 3356; x_wconf 79' lang='lat' dir='ltr'><strong>Saint-Pierre-du-Ctnttet,</strong></span> <span class='ocrx_word' id='word_1_184' title='bbox 913 3296 994 3341; x_wconf 84' lang='lat' dir='ltr'><strong>autre</strong></span> <span class='ocrx_word' id='word_1_185' title='bbox 1003 3286 1147 3360; x_wconf 70' lang='lat' dir='ltr'><strong>proprietb</strong></span> <span class='ocrx_word' id='word_1_186' title='bbox 1159 3286 1264 3340; x_wconf 85' lang='lat' dir='ltr'><strong>d‘Hcr-</strong></span> 
     </span>
     <span class='ocr_line' id='line_1_26' title="bbox 186 3375 653 3444; baseline 0 -15"><span class='ocrx_word' id='word_1_187' title='bbox 186 3376 264 3444; x_wconf 81' lang='lat' dir='ltr'><strong>tuin,</strong></span> <span class='ocrx_word' id='word_1_188' title='bbox 279 3375 653 3432; x_wconf 73' lang='lat' dir='ltr'><strong>Notio-Dame-du-Chritcl.</strong></span> 
     </span>
    </p>

    <p class='ocr_par' dir='ltr' id='par_1_5' title="bbox 186 3468 1264 3622">
     <span class='ocr_line' id='line_1_27' title="bbox 221 3468 1264 3543; baseline -0.003 -18"><span class='ocrx_word' id='word_1_189' title='bbox 221 3473 260 3543; x_wconf 81' lang='lat' dir='ltr'><strong>(a)</strong></span> <span class='ocrx_word' id='word_1_190' title='bbox 273 3473 347 3527; x_wconf 83' lang='lat' dir='ltr'>C&#39;cst</span> <span class='ocrx_word' id='word_1_191' title='bbox 355 3471 382 3526; x_wconf 89' lang='lat' dir='ltr'><strong>la</strong></span> <span class='ocrx_word' id='word_1_192' title='bbox 389 3472 465 3526; x_wconf 86' lang='lat' dir='ltr'>sculc</span> <span class='ocrx_word' id='word_1_193' title='bbox 478 3471 603 3526; x_wconf 88' lang='lat' dir='ltr'><strong>mention</strong></span> <span class='ocrx_word' id='word_1_194' title='bbox 613 3469 648 3525; x_wconf 86' lang='lat' dir='ltr'><strong>de</strong></span> <span class='ocrx_word' id='word_1_195' title='bbox 660 3489 691 3526; x_wconf 91' lang='lat' dir='ltr'><strong>ce</strong></span> <span class='ocrx_word' id='word_1_196' title='bbox 704 3471 746 3526; x_wconf 84' lang='lat' dir='ltr'><strong>fils</strong></span> <span class='ocrx_word' id='word_1_197' title='bbox 755 3471 817 3525; x_wconf 77' lang='lat' dir='ltr'><strong>aine</strong></span> <span class='ocrx_word' id='word_1_198' title='bbox 829 3470 977 3526; x_wconf 87' lang='lat' dir='ltr'><strong>d&#39;Herluin</strong></span> <span class='ocrx_word' id='word_1_199' title='bbox 992 3470 1028 3524; x_wconf 93' lang='lat' dir='ltr'><strong>de</strong></span> <span class='ocrx_word' id='word_1_200' title='bbox 1039 3468 1195 3525; x_wconf 86' lang='lat' dir='ltr'><strong>Conteville</strong></span> <span class='ocrx_word' id='word_1_201' title='bbox 1209 3485 1264 3542; x_wconf 84' lang='lat' dir='ltr'><strong>qne</strong></span> 
     </span>
     <span class='ocr_line' id='line_1_28' title="bbox 186 3559 710 3622; baseline -0.01 0"><span class='ocrx_word' id='word_1_202' title='bbox 186 3580 257 3622; x_wconf 84' lang='lat' dir='ltr'>nous</span> <span class='ocrx_word' id='word_1_203' title='bbox 270 3563 466 3619; x_wconf 85' lang='lat' dir='ltr'><strong>rencontrious</strong></span> <span class='ocrx_word' id='word_1_204' title='bbox 480 3559 548 3616; x_wconf 85' lang='lat' dir='ltr'><strong>dans</strong></span> <span class='ocrx_word' id='word_1_205' title='bbox 563 3562 710 3618; x_wconf 81' lang='lat' dir='ltr'><strong>l’histoirc.</strong></span> 
     </span>
    </p>

    <p class='ocr_par' dir='ltr' id='par_1_6' title="bbox 184 3646 1265 3889">
     <span class='ocr_line' id='line_1_29' title="bbox 218 3646 1264 3727; baseline -0.005 -18"><span class='ocrx_word' id='word_1_206' title='bbox 218 3652 258 3724; x_wconf 71' lang='grc' dir='ltr'><strong>(ὅ)</strong></span> <span class='ocrx_word' id='word_1_207' title='bbox 272 3655 365 3727; x_wconf 83' lang='lat' dir='ltr'><strong>Voyez</strong></span> <span class='ocrx_word' id='word_1_208' title='bbox 379 3654 447 3709; x_wconf 84' lang='lat' dir='ltr'><strong>dans</strong></span> <span class='ocrx_word' id='word_1_209' title='bbox 459 3652 623 3708; x_wconf 86' lang='lat' dir='ltr'><strong>Gniltanme</strong></span> <span class='ocrx_word' id='word_1_210' title='bbox 640 3651 675 3706; x_wconf 86' lang='lat' dir='ltr'><strong>de</strong></span> <span class='ocrx_word' id='word_1_211' title='bbox 688 3652 845 3725; x_wconf 68' lang='lat' dir='ltr'><strong>uffingas,</strong></span> <span class='ocrx_word' id='word_1_212' title='bbox 858 3649 876 3706; x_wconf 86' lang='lat' dir='ltr'><strong>l.</strong></span> <span class='ocrx_word' id='word_1_213' title='bbox 896 3667 948 3718; x_wconf 81' lang='lat' dir='ltr'><strong>vn,</strong></span> <span class='ocrx_word' id='word_1_214' title='bbox 968 3650 1013 3706; x_wconf 89' lang='lat' dir='ltr'><strong>ch.</strong></span> <span class='ocrx_word' id='word_1_215' title='bbox 1032 3669 1077 3725; x_wconf 84' lang='lat'><strong>19,</strong></span> <span class='ocrx_word' id='word_1_216' title='bbox 1089 3649 1116 3703; x_wconf 86' lang='lat' dir='ltr'><strong>lc</strong></span> <span class='ocrx_word' id='word_1_217' title='bbox 1130 3649 1202 3704; x_wconf 72' lang='lat' dir='ltr'><strong>recit</strong></span> <span class='ocrx_word' id='word_1_218' title='bbox 1215 3646 1264 3704; x_wconf 77' lang='lat' dir='ltr'><strong>des</strong></span> 
     </span>
     <span class='ocr_line' id='line_1_30' title="bbox 184 3739 1265 3818; baseline -0.006 -19"><span class='ocrx_word' id='word_1_219' title='bbox 184 3745 386 3800; x_wconf 87' lang='lat' dir='ltr'><strong>circonstances</strong></span> <span class='ocrx_word' id='word_1_220' title='bbox 406 3746 455 3818; x_wconf 91' lang='lat' dir='ltr'><strong>qui</strong></span> <span class='ocrx_word' id='word_1_221' title='bbox 475 3745 558 3800; x_wconf 86' lang='lat' dir='ltr'><strong>firent</strong></span> <span class='ocrx_word' id='word_1_222' title='bbox 579 3744 681 3818; x_wconf 86' lang='lat' dir='ltr'><strong>perdre</strong></span> <span class='ocrx_word' id='word_1_223' title='bbox 701 3749 716 3799; x_wconf 76' lang='lat' dir='ltr'>b</span> <span class='ocrx_word' id='word_1_224' title='bbox 737 3743 900 3800; x_wconf 88' lang='lat' dir='ltr'><strong>Guillaumc</strong></span> <span class='ocrx_word' id='word_1_225' title='bbox 920 3742 1054 3797; x_wconf 80' lang='lat' dir='ltr'><strong>Werleuc</strong></span> <span class='ocrx_word' id='word_1_226' title='bbox 1071 3742 1097 3797; x_wconf 84' lang='lat' dir='ltr'><strong>lc</strong></span> <span class='ocrx_word' id='word_1_227' title='bbox 1116 3742 1209 3795; x_wconf 87' lang='lat' dir='ltr'><strong>comte&#39;</strong></span> <span class='ocrx_word' id='word_1_228' title='bbox 1229 3739 1265 3794; x_wconf 86' lang='lat' dir='ltr'><strong>dc</strong></span> 
     </span>
     <span class='ocr_line' id='line_1_31' title="bbox 184 3834 317 3889; baseline 0.008 -1"><span class='ocrx_word' id='word_1_229' title='bbox 184 3834 317 3889; x_wconf 84' lang='lat' dir='ltr'><strong>Mortain.</strong></span> 
     </span>
    </p>

    <p class='ocr_par' dir='ltr' id='par_1_7' title="bbox 219 3922 1264 4000">
     <span class='ocr_line' id='line_1_32' title="bbox 219 3922 1264 4000; baseline -0.003 -21"><span class='ocrx_word' id='word_1_230' title='bbox 219 3927 259 3995; x_wconf 72' lang='lat'><strong>(4)</strong></span> <span class='ocrx_word' id='word_1_231' title='bbox 272 3924 380 3993; x_wconf 87' lang='lat' dir='ltr'><strong>Raonl‚</strong></span> <span class='ocrx_word' id='word_1_232' title='bbox 393 3936 484 3980; x_wconf 86' lang='lat' dir='ltr'><strong>comte</strong></span> <span class='ocrx_word' id='word_1_233' title='bbox 499 3925 591 3980; x_wconf 84' lang='lat' dir='ltr'><strong>d&#39;lvri.</strong></span> <span class='ocrx_word' id='word_1_234' title='bbox 605 3929 645 3981; x_wconf 86' lang='lat' dir='ltr'><strong>Cc</strong></span> <span class='ocrx_word' id='word_1_235' title='bbox 655 3929 697 3981; x_wconf 88' lang='lat' dir='ltr'><strong>t&#39;ut</strong></span> <span class='ocrx_word' id='word_1_236' title='bbox 712 3946 746 3981; x_wconf 91' lang='lat' dir='ltr'><strong>en</strong></span> <span class='ocrx_word' id='word_1_237' title='bbox 760 3931 828 4000; x_wconf 70' lang='lat'>1049</span> <span class='ocrx_word' id='word_1_238' title='bbox 837 3944 891 3999; x_wconf 89' lang='lat' dir='ltr'><strong>que</strong></span> <span class='ocrx_word' id='word_1_239' title='bbox 903 3924 1067 3981; x_wconf 83' lang='lat' dir='ltr'><strong>Guillaurnc</strong></span> <span class='ocrx_word' id='word_1_240' title='bbox 1079 3922 1174 3978; x_wconf 88' lang='lat' dir='ltr'><strong>donna</strong></span> <span class='ocrx_word' id='word_1_241' title='bbox 1186 3925 1202 3977; x_wconf 70' lang='grc' dir='ltr'>ὲ</span> <span class='ocrx_word' id='word_1_242' title='bbox 1214 3939 1264 3977; x_wconf 83' lang='lat' dir='ltr'><strong>sou</strong></span> 
     </span>
    </p>
   </div>
   <div class='ocr_carea' id='block_1_5' title="bbox 180 4019 1264 4258">
    <p class='ocr_par' dir='ltr' id='par_1_8' title="bbox 180 4019 1264 4258">
     <span class='ocr_line' id='line_1_33' title="bbox 186 4019 1228 4096; baseline -0.002 -20"><span class='ocrx_word' id='word_1_243' title='bbox 186 4023 259 4076; x_wconf 71' lang='lat' dir='ltr'><strong>frere</strong></span> <span class='ocrx_word' id='word_1_244' title='bbox 272 4019 338 4077; x_wconf 91' lang='lat' dir='ltr'><strong>Odo</strong></span> <span class='ocrx_word' id='word_1_245' title='bbox 349 4020 469 4075; x_wconf 68' lang='lat' dir='ltr'><strong>l’cvbche</strong></span> <span class='ocrx_word' id='word_1_246' title='bbox 482 4022 516 4076; x_wconf 91' lang='lat' dir='ltr'><strong>de</strong></span> <span class='ocrx_word' id='word_1_247' title='bbox 529 4023 652 4094; x_wconf 75' lang='lat' dir='ltr'><strong>Baycux,</strong></span> <span class='ocrx_word' id='word_1_248' title='bbox 667 4034 765 4078; x_wconf 82' lang='lat' dir='ltr'><strong>vacant</strong></span> <span class='ocrx_word' id='word_1_249' title='bbox 779 4043 828 4096; x_wconf 85' lang='lat' dir='ltr'><strong>par</strong></span> <span class='ocrx_word' id='word_1_250' title='bbox 841 4023 865 4077; x_wconf 86' lang='lat' dir='ltr'><strong>la</strong></span> <span class='ocrx_word' id='word_1_251' title='bbox 879 4033 953 4076; x_wconf 86' lang='lat' dir='ltr'><strong>mort</strong></span> <span class='ocrx_word' id='word_1_252' title='bbox 966 4021 1001 4076; x_wconf 88' lang='lat' dir='ltr'><strong>dc</strong></span> <span class='ocrx_word' id='word_1_253' title='bbox 1014 4022 1117 4094; x_wconf 85' lang='lat' dir='ltr'>Hugue</span> <span class='ocrx_word' id='word_1_254' title='bbox 1130 4019 1228 4075; x_wconf 83' lang='lat' dir='ltr'><strong>d&#39;Irri.</strong></span> 
     </span>
     <span class='ocr_line' id='line_1_34' title="bbox 216 4109 1264 4186; baseline -0.002 -19"><span class='ocrx_word' id='word_1_255' title='bbox 216 4109 255 4183; x_wconf 87' lang='lat'><strong>(5)</strong></span> <span class='ocrx_word' id='word_1_256' title='bbox 271 4111 338 4167; x_wconf 82' lang='lat' dir='ltr'><strong>L&#39;ile</strong></span> <span class='ocrx_word' id='word_1_257' title='bbox 356 4110 390 4165; x_wconf 83' lang='lat' dir='ltr'><strong>de</strong></span> <span class='ocrx_word' id='word_1_258' title='bbox 407 4112 518 4181; x_wconf 71' lang='lat' dir='ltr'><strong>tt&#39;igtn.</strong></span> <span class='ocrx_word' id='word_1_259' title='bbox 538 4114 631 4183; x_wconf 71' lang='lat' dir='ltr'>Voycz</span> <span class='ocrx_word' id='word_1_260' title='bbox 653 4113 808 4179; x_wconf 57' lang='lat' dir='ltr'><strong>ebdomas,</strong></span> <span class='ocrx_word' id='word_1_261' title='bbox 832 4133 858 4186; x_wconf 91' lang='lat' dir='ltr'><strong>p.</strong></span> <span class='ocrx_word' id='word_1_262' title='bbox 879 4113 945 4186; x_wconf 85' lang='lat'>189,</span> <span class='ocrx_word' id='word_1_263' title='bbox 959 4112 984 4167; x_wconf 84' lang='lat' dir='ltr'><strong>ie</strong></span> <span class='ocrx_word' id='word_1_264' title='bbox 997 4113 1067 4167; x_wconf 74' lang='lat' dir='ltr'><strong>rccit</strong></span> <span class='ocrx_word' id='word_1_265' title='bbox 1084 4110 1120 4166; x_wconf 86' lang='lat' dir='ltr'><strong>dc</strong></span> <span class='ocrx_word' id='word_1_266' title='bbox 1135 4121 1180 4166; x_wconf 82' lang='lat' dir='ltr'><strong>cet</strong></span> <span class='ocrx_word' id='word_1_267' title='bbox 1200 4112 1264 4165; x_wconf 71' lang='grc' dir='ltr'><strong>ἐνέ-</strong></span> 
     </span>
     <span class='ocr_line' id='line_1_35' title="bbox 180 4214 301 4258; baseline -0.017 0"><span class='ocrx_word' id='word_1_268' title='bbox 180 4214 301 4258; x_wconf 85' lang='lat' dir='ltr'><strong>ncment.</strong></span> 
     </span>
    </p>
   </div>
   <div class='ocr_carea' id='block_1_6' title="bbox 0 0 1458 4934">
    <p class='ocr_par' dir='ltr' id='par_1_9' title="bbox 0 0 1458 4934">
     <span class='ocr_line' id='line_1_36' title="bbox 0 0 1458 4934; baseline 0 0"><span class='ocrx_word' id='word_1_269' title='bbox 0 0 1458 4934; x_wconf 95' lang='lat' dir='ltr'><strong> </strong></span> 
     </span>
    </p>
   </div>
  </div>
 </body>
</html>
