2888 4934
207 435 263 491 106
475 428 658 488 HISTORIA
682 428 986 489 Ecctltslts'rtcs.
1101 425 1264 508 [Ml-996]

204 562 330 635 ilarius
345 558 613 659 suppeditabit)
632 559 854 648 habueruut,
874 555 1172 657 multimodosque
1186 584 1263 631 mo·

200 680 282 751 bilis
299 681 455 751 lortuuae
471 680 656 750 varietates
672 678 832 776 experti,
852 677 959 749 linem
977 700 1080 748 suum
1098 676 1136 747 in
1151 675 1264 748 Gellia

199 797 315 870 sortiti
333 812 430 867 sunt.

248 912 432 984 Ascelinus
450 934 538 983 vero
554 936 661 983 senex
681 912 884 983 Uticensem
899 932 1060 981 eremum
1076 934 1161 980 eum
1174 934 1265 1007 peu·

198 1029 247 1098 eis
263 1026 481 1125 pauperibus
493 1026 620 1098 incolis
635 1027 804 1113 incoluit,
823 1041 859 1096 et
875 1024 1080 1098 Aseetinum
1095 1039 1265 1121 nepotem

197 1168 321 1228 suum,
339 1159 445 1243 aupue
461 1142 693 1216 Guitbertum
710 1143 755 1215 de
770 1143 920 1232 Gsceio,
937 1157 975 1214 et
991 1140 1204 1214 Haimonem
1219 1139 1265 1213 de

197 1262 327 1334 Telleia
347 1264 420 1360 (r),
443 1262 601 1361 aliosque
624 1285 753 1360 pueros
777 1261 970 1347 enutrivit,
998 1274 1034 1331 et
1057 1282 1266 1331 eommunes

198 1381 353 1467 litteras,
380 1397 421 1452 ut
448 1384 484 1452 iu
511 1381 576 1453 illo
600 1381 680 1453 loco
703 1378 954 1479 quotidianum
979 1378 1056 1449 Deo
1078 1376 1264 1449 servitium

100 1548 110 1565 .
195 1497 439 1585 exsolverent,
465 1496 600 1570 docuit.
627 1496 789 1588 Quodam
815 1493 873 1566 die
895 1493 1167 1591 circumpositos
1184 1515 1265 1564 ere·

196 1614 341 1685 micolas
357 1612 516 1713 undique
533 1615 765 1700 convocarit,
788 1613 986 1684 festivitatis
1002 1609 1097 1682 diem
1115 1609 1188 1681 illis
1200 1608 1265 1682 ‹le-

197 1731 393 1817 mmtisvit,
410 1729 539 1829 dieque
550 1733 746 1804 constituto
759 1730 1024 1803 solemnitatem
1035 1752 1105 1827 pro
1115 1725 1264 1800 modulo

194 1872 259 1919 suo
274 1846 488 1935 celebravit,
506 1864 543 1920 et
560 1850 655 1920 inter
666 1850 854 1920 missarum
871 1847 1043 1920 solemnia
1059 1869 1263 1918 sermonem

194 1967 322 2036 ostenti
341 1967 478 2064 populo
494 1967 589 2039 iecit.
613 1969 783 2049 Divinos,
808 1967 942 2066 inquit,
964 1946 1264 2037 comminationes

58 2126 65 2139 ·
180 2078 393 2179 formidare
413 2083 622 2172 debuimus,
643 2085 710 2157 sed
729 2084 908 2156 obdurato
930 2082 1037 2155 eorde
1054 2106 1139 2180 quse
1158 2080 1264 2153 dice·

194 2199 329 2270 bantur
351 2203 538 2273 audientes
557 2203 873 2303 parvipendimus,
900 2200 1015 2272 donec
1040 2205 1182 2295 uirgam
1191 2195 1285 2297 se·,

194 2320 338 2407 rientis,
356 2335 395 2390 ut
407 2343 563 2419 nequam
577 2326 667 2393 servi
674 2380 685 2409 ,
694 2324 956 2422 persensimus,
972 2320 1173 2415 acriterque
1181 2340 1261 2414 per»

193 2436 306 2525 russi,
324 2436 531 2508 medullitus
545 2437 706 2512 dolentes
715 2438 908 2539 ploramus
921 2453 955 2508 et
967 2436 1145 2531 lugemus.
1165 2432 1262 2505 Olim

192 2552 279 2624 dum
297 2554 396 2627 1)αοὶ
412 2558 499 2654 (qui
518 2555 643 2628 adltuc
657 2560 804 2657 pagani
826 2556 946 2649 eraut)
969 2580 1052 2625 cum
1075 2552 1261 2648 Hastingo

192 2671 398 2744 Neustriam
423 2691 673 2763 vastaverunt,
698 2690 733 2745 et
752 2701 877 2746 rursus
903 2672 1054 2743 Bellone
1078 2696 1161 2743 cum
1183 2671 1260 2741 suis

69 2788 75 2797 ’
191 2791 377 2879 serviente,
406 2792 532 2891 plures
564 2792 726 2864 ecelesia·
755 2817 839 2863 eum
870 2789 1016 2860 urbibus
1048 2807 1081 2858 et
1111 2785 1260 2888 oppidis

191 2906 363 2980 desolatae
380 2926 482 2991 suut,·
502 2936 567 2982 nos
584 2910 813 3008 sufflagante
831 2910 910 2980 Deo
929 2911 968 2978 in
986 2907 1139 2978 silvestri
1155 2907 1260 2977 steri-

191 3019 289 3117 lique
309 3048 391 3094 rure
412 3023 603 3114 latuimus,
624 3043 659 3097 et
676 3024 978 3097 debacchantium
991 3021 1156 3121 gladios,
1175 3021 1259 3092 lieet

189 3139 227 3206 in
235 3139 360 3209 timore
369 3141 481 3210 nimio
490 3158 700 3240 etegestote,
711 3144 864 3242 sospites
874 3139 1259 3237 esurimus(2).Nunc

221 3491 231 3558 l
235 3491 261 3559 ι)
272 3490 309 3544 la
322 3490 436 3556 Tillaie,
450 3491 568 3546 hameeu
580 3509 616 3545 au
628 3490 718 3545 levent
730 3490 766 3545 de
778 3493 906 3564 Heugon.

219 3582 260 3647 (α)
272 3579 348 3634 C'est
363 3599 402 3635 un
419 3581 470 3636 tait
485 3583 639 3656 important
654 3586 670 3636 ὲ
684 3592 830 3647 constater,
847 3592 876 3636 et
888 3583 957 3636 dont
970 3598 1040 3636 nous
1052 3595 1171 3635 sommes
1182 3576 1254 3650 plei-

185 3679 299 3724 nement
308 3673 473 3736 conmincu,
487 3692 542 3748 que
553 3662 760 3729 saint-Errant
770 3683 799 3727 et
810 3682 889 3727 toute
898 3673 923 3727 la
933 3674 1044 3727 conuee
1051 3671 1254 3725 enrimnnaote

185 3757 321 3813 n'mieot
332 3763 414 3833 point
426 3766 472 3818 ete
484 3762 607 3819 dereses
619 3764 720 3837 parles
732 3764 857 3818 hommes
870 3763 908 3817 du
922 3762 1010 3817 Nord.
1023 3761 1046 3814 ΙΙ
1059 3761 1105 3832 n’y
1115 3759 1187 3813 avait
1197 3772 1253 3829 que

184 3846 286 3920 l'appit
303 3848 339 3903 de
358 3851 491 3907 richesses
511 3855 713 3910 considerables
730 3856 779 3929 qui
800 3854 851 3927 pist
870 3854 967 3908 sttirer
985 3869 1030 3906 ces
1046 3854 1148 3923 pirates
1166 3852 1181 3901 'a
1197 3862 1253 3899 une

182 3938 305 3994 semine
316 3938 441 3997 distance
451 3942 499 3998 des
508 3946 620 4000 ririeres
632 3946 797 4019 narigables.
813 3946 900 4000 Notre
910 3953 1036 3998 auteurs
1051 3943 1076 3995 le
1088 3952 1158 3999 tort.
1175 3955 1252 3993 eom-

182 4030 252 4085 mon
263 4028 280 4081 Ξ
290 4037 354 4083 tms
362 4029 402 4084 les
410 4030 564 4088 historiens
572 4032 608 4088 (le
618 4034 803 4099 normandis,
818 4034 853 4089 de
865 4034 933 4088 faire
942 4050 1003 4088 sens
1015 4048 1089 4087 cesso
1099 4028 1252 4085 intervenit·

182 4114 210 4169 le
220 4130 288 4171 m
298 4115 447 4195 d'flnsting
454 4119 524 4176 (lens
537 4138 593 4177 une
604 4125 735 4196 province
744 4128 781 4177 oti
794 4124 812 4177 il
823 4125 865 4178 n’a
875 4125 974 4195 jamnis
984 4124 1036 4175 mis
1050 4123 1074 4175 lr
1086 4118 1164 4193 pirel,
1180 4118 1250 4171 ainsi

260 4224 322 4265 tons
333 4228 369 4267 en
381 4228 466 4269 stoue
477 4211 538 4283 deit
552 4213 602 4268 tait
614 4213 815 4271 l'oluerrstiou.
