2888 4934
562 442 680 502 LIBER
700 442 884 503 OCTAVUS.
1195 441 1255 502 443

180 576 281 649 nitus
307 574 362 646 ad
388 573 544 646 salutem
572 575 781 645 animarum
811 575 1024 673 inspiratur.
1052 570 1259 644 Salubriter

180 716 267 789 ergo
280 707 433 790 paterno
446 717 542 762 more
553 689 801 790 providemus,
819 706 851 761 et
868 688 1075 792 apostoliea
1090 692 1255 760 auctori-

182 824 259 881 tate
267 807 441 909 jubemus
455 825 493 879 ut
503 805 757 880 Molismenses
762 862 775 894 ,
787 808 854 905 qui
860 804 1050 906 generales
1064 805 1260 878 monacho·

180 951 263 998 rum
286 927 378 996 ritus
403 924 558 1022 eligunt,
584 923 838 997 inviolabiliter
859 924 941 995 illos
964 923 1195 1013 custodiant,
1211 948 1258 995 nc

180 1044 337 1133 amodo,
353 1045 482 1115 relicta
498 1042 584 1114 sede
604 1070 673 1114 sua
684 1099 694 1131 ,
711 1044 866 1115 transire
887 1040 942 1114 ad
963 1041 1057 1114 alios
1076 1045 1165 1113 ritus
1187 1067 1259 1113 au-

180 1161 307 1235 deant.
340 1162 595 1233 Cistercienses
617 1187 718 1248 vero,
743 1162 809 1259 qui
826 1187 904 1233 sese
925 1164 1045 1232 sancti
1066 1159 1259 1232 Benedicti

180 1278 346 1376 regulam
354 1306 421 1378 per
432 1284 558 1351 omnia
568 1293 770 1351 servaturos
778 1278 974 1377 jactitant,
987 1275 1109 1349 denuo
1123 1275 1259 1376 relapsi

180 1397 237 1470 ad
251 1422 296 1470 ea
304 1452 318 1486 ,
338 1423 419 1494 quae
435 1413 636 1495 spontaneo
654 1395 826 1494 despectu
844 1421 942 1467 nunc
957 1394 1143 1483 deserunt,
1164 1420 1257 1465 raun-

180 1539 294 1614 quam
306 1513 468 1585 redeant.
490 1512 682 1585 Stabilitas
695 1515 831 1613 quippe
849 1514 886 1584 in
905 1517 1204 1612 congregatione,
1223 1529 1257 1583 et

180 1633 221 1703 in
260 1634 359 1704 omni
396 1630 491 1703 bono
516 1636 787 1731 perseverantia
815 1657 957 1733 semper
983 1629 1184 1703 attollendo
1224 1645 1258 1700 et

165 1746 333 1841 firmiter
348 1748 504 1819 tenenda
519 1763 573 1819 cst
581 1781 597 1833 ,·
611 1750 784 1850 quoniam
801 1749 999 1839 conditori,
1019 1753 1081 1849 qui
1094 1746 1255 1819 caudam

180 1863 307 1938 hostia
325 1867 363 1935 in
379 1866 560 1957 sacrficio
575 1868 692 1964 exigit
709 1867 763 1962 (1)
766 1921 778 1953 ,
794 1866 1033 1966 acceptabilis
1051 1882 1121 1954 est,
1136 1881 1170 1937 et
1188 1864 1256 1935 lto-

182 1979 354 2070 minibos‚
367 1988 430 2078 qui
440 1983 522 2054 uiso
532 1984 740 2054 sanctitatis
751 1984 918 2084 eaernplo
930 1983 984 2056 ad
996 1984 1167 2054 virtutum
1177 1985 1256 2080 opi-

182 2125 261 2172 cem
274 2117 531 2198 provocantur,
551 2101 738 2174 commode
754 2119 865 2200 grata
883 2120 948 2174 est.

231 2215 383 2289 Coactus
401 2219 538 2317 itaque,
553 2217 758 2290 Rodbertus
773 2218 881 2291 abbas
893 2215 1255 2316 Molismumrepeda·

180 2333 235 2408 vit
248 2335 322 2433 (a),
340 2334 460 2434 ibique
475 2335 704 2409 laudabiliter
714 2362 826 2438 usque
839 2336 883 2410 ad
897 2336 1006 2410 linem
1018 2336 1101 2410 vitae
1115 2362 1188 2407 suae
1200 2335 1254 2434 (ὅ)

180 2450 259 2523 Deo
278 2451 459 2524 militavit.
481 2451 689 2526 Alberieum
708 2479 809 2543 vero,
831 2480 972 2554 magnae
991 2453 1176 2553 religionis
1196 2452 1255 2522 vi-

182 2593 282 2653 rm,
298 2568 341 2640 ad
353 2594 443 2667 opus
461 2571 621 2642 Cistercii
635 2572 811 2645 vicarium
822 2570 889 2644 sibi
904 2571 1012 2671 elegit
1021 2627 1032 2660 ,
1047 2587 1082 2643 et
1095 2569 1254 2643 Johanni

180 2707 222 2756 ac
238 2683 398 2756 Hilbodo
411 2683 707 2758 Atrebatensibus
720 2688 796 2784 (a),
812 2686 961 2786 aliisque
973 2686 1101 2785 viginti
1114 2682 1254 2757 duobus

179 2801 352 2874 fratribus
375 2802 541 2875 abbatem
563 2804 725 2875 Cistercii
747 2805 953 2890 constituit,
978 2806 1039 2902 qui
1066 2805 1103 2875 in
1124 2828 1253 2900 magna

180 2935 335 3018 egestate
351 2946 417 3018 per
434 2947 457 2992 x
473 2947 586 2994 annos
604 2921 651 2992 ibi
670 2921 812 3021 deguit,
829 2939 959 2993 etcum
975 2923 1045 2993 suis
1061 2918 1254 2993 contuber-

179 3032 323 3107 nalibus
339 3034 415 3108 Deo
433 3034 611 3109 laboriose
627 3037 813 3125 militavit,
834 3064 852 3108 a
871 3062 944 3137 quo
962 3061 1105 3110 securus
1121 3035 1254 3107 inaesti-

179 3149 316 3223 mabile
334 3153 524 3248 praemium
542 3155 742 3251 expectavit
764 3156 834 3253 (5).
861 3155 940 3248 Quo
963 3155 1151 3242 defuncto,
1170 3154 1253 3227 Ste-

213 3375 368 3444 (1)Levit.,
385 3393 429 3442 m,
444 3394 470 3448 9,

227 3481 243 3518 2
270 3465 312 3517 En
329 3484 358 3517 ιο
397 3504 403 3515 ,

213 3465 257 3626 l3l
270 3554 295 3608 Il
309 3483 424 3609 molliat
437 3555 505 3609 dans
516 3574 555 3610 un
569 3558 620 3629 fige
635 3560 691 3613 tres
708 3563 821 3629 avance',
838 3579 873 3614 en
888 3580 970 3628 ιιιο,
985 3571 1014 3616 et
1031 3563 1089 3616 tres
1104 3559 1251 3634 probable-

177 3652 259 3698 ment
271 3642 297 3696 le
313 3661 343 3715 ¹7
358 3642 440 3710 avril,
454 3645 503 3717 qui
516 3655 558 3698 est
570 3645 597 3698 le
606 3646 672 3717 jour
686 3646 721 3701 de
735 3666 763 3701 sa
776 3648 840 3703 stae.

213 3733 256 3802 (l)
271 3733 353 3799 Jean‚
370 3732 428 3786 l’un
444 3732 491 3787 des
506 3735 546 3788 six
562 3735 697 3806 religieux
709 3737 758 3811 qui
772 3738 910 3811 partirent
922 3736 957 3792 de
969 3738 1103 3806 Molinae,
1118 3757 1153 3792 en
1170 3738 1249 3812 1098,

178 3840 245 3878 avec
256 3821 346 3876 l'abbo
360 3823 478 3878 Robert.

215 3911 364 3981 lldebode,
378 3914 435 3969 l'un
445 3915 493 3969 des
503 3926 635 3989 quatorze
644 3918 693 3990 qui
704 3935 733 3972 se
740 3918 897 3990 joignirent
907 3922 922 3972 a
934 3935 986 3972 eux
997 3919 1076 3991 apres
1085 3918 1147 3973 leur
1156 3927 1252 3974 retour

178 4000 250 4058 dana
261 4013 334 4058 cette
348 4005 462 4078 abbaye.

214 4093 294 4148 Nous
311 4095 433 4150 n’avions
450 4115 498 4169 pas
514 4099 707 4152 connaissance
722 4116 776 4172 que
795 4116 840 4153 ces
857 4098 930 4153 deux
944 4116 1129 4173 personnages
1145 4098 1252 4154 fussent

178 4182 346 4256 originaires
360 4185 482 4241 d’Arras.

215 4273 256 4344 (5)
277 4274 387 4330 Alberic
404 4288 518 4332 mourut
534 4297 568 4333 en
586 4296 665 4352 1109,
684 4289 712 4334 et
732 4279 777 4335 lut
794 4279 931 4353 templati
947 4279 1185 4337 immediatement
1201 4298 1251 4353 par
