2888 4934
100 431 192 503 [vaur
211 427 300 502 1098]
491 421 608 480 LIBER
630 419 764 479 NONUS.
1099 424 1155 482 531

100 556 303 628 breviorem
317 554 410 625 riam
428 576 609 638 reversus,
624 551 843 624 Tolosanum
861 553 1054 648 praevenit,
1066 569 1102 624 et
1117 553 1162 626 de

98 670 238 744 delectu
256 694 403 741 suorum
419 693 525 741 verus
551 669 727 763 interpres
754 668 943 739 nuntiavit.
968 666 1161 743 Christiani

100 814 207 874 vero,
225 788 337 887 magis
361 788 440 858 irati
460 812 570 885 quam
585 785 767 870 exterriti,
786 787 925 857 Turcos
942 786 1162 859 unanimiter

99 907 253 1005 aggressi
270 920 371 992 sunt,
389 921 425 976 et
442 905 621 976 occisione
639 903 926 974 commilitonum
941 928 1088 975 suorum
1104 905 1163 976 in-

98 1026 209 1105 citati,
220 1021 1162 1123 gentilesviriliterinvaserunt.Utrimqueaccerrime

98 1139 306 1212 dimicatum
323 1156 387 1211 est.
406 1140 515 1210 Turci
532 1154 681 1236 pontem
692 1144 927 1225 transierant,
943 1154 980 1210 et
992 1138 1162 1210 Christia-

98 1258 155 1329 nis
171 1256 340 1328 audacter
357 1255 567 1343 obviarant3
587 1281 605 1325 a
623 1253 752 1354 quibus
769 1271 904 1352 praeter
924 1281 1024 1351 spem
1041 1253 1164 1328 horri-

98 1374 221 1446 biliter
235 1375 371 1471 excepti
388 1390 484 1461 sunt,
500 1389 537 1444 et
552 1373 722 1469 percussi,
740 1371 910 1471 fugiendo
926 1373 1018 1445 elabi
1035 1374 1162 1446 volue-

97 1507 206 1579 runt;
240 1489 301 1562 sed
333 1489 419 1560 inita
454 1491 535 1587 luga
570 1505 725 1560 mortem
764 1489 991 1561 invenerunt.
1030 1489 1163 1562 Oberat

94 1605 314 1704 fugientibus
329 1632 421 1704 pons
437 1621 624 1703 angustus,
641 1603 839 1702 fluviusque
857 1604 999 1702 rapidus
1018 1622 1055 1677 et
1069 1631 1164 1704 pro-

95 1724 226 1796 fundus
241 1728 310 1820 (t).
327 1725 431 1795 Alter
447 1725 497 1795 eis
512 1749 586 1795 non
603 1741 681 1795 erat
697 1725 883 1812 transitus3
901 1722 1050 1797 ssuvium
1068 1727 1161 1797 circa

97 1859 249 1939 pontem
272 1867 379 1914 nemo
403 1840 571 1928 evadare,
602 1843 662 1911 vix
686 1840 813 1939 aliquis
841 1856 982 1938 poterat
1006 1857 1161 1914 enatare.

95 1956 252 2029 Grandis
269 1956 464 2030 multitudo
481 1957 719 2056 equitantium
736 1974 884 2054 pontem
899 1959 1035 2054 pariter
1047 1983 1165 2032 ascen·

93 2071 247 2159 derunt,
266 2072 466 2170 Francique
477 2127 487 2159 ,
504 2075 672 2144 lraternae
690 2072 838 2142 ultionis
861 2088 897 2142 et
913 2073 1075 2146 victoriae
1097 2100 1163 2144 cu-

97 2188 191 2287 pidi,
219 2189 399 2286 perimere
419 2187 579 2260 crudeles
595 2186 731 2260 belluas
756 2203 974 2286 sategerunt.
1003 2191 1161 2260 Insatiati

96 2321 345 2402 peremptores
360 2301 539 2374 instabant
555 2303 705 2388 lanceis,
724 2317 760 2373 et
771 2300 913 2373 ensibus
931 2304 968 2374 in
982 2328 1041 2376 eos
1054 2304 1164 2376 comi·

95 2447 164 2493 nus
188 2421 396 2493 utebantur.
428 2418 607 2511 Quosdam
634 2419 670 2491 in
699 2418 850 2492 ssuvium
868 2421 1159 2520 praecipitabant,

93 2539 185 2611 alios
202 2536 393 2609 lethalibus
410 2536 534 2634 gladiis
551 2535 815 2609 confodiebant.
832 2536 976 2608 Fluvius
992 2537 1164 2637 sanguine

94 2655 368 2743 cruentabatur,
385 2671 421 2725 et
435 2652 665 2726 cadaveribus
683 2653 991 2751 supertegebatur.
1010 2655 1162 2753 Insignis

91 2772 168 2844 dux
177 2768 398 2845 Godefredus
407 2767 598 2868 quemdam
612 2769 808 2840 maximum
818 2768 1045 2859 bellatorem,
1057 2794 1160 2842 aurea

95 2892 209 2963 lorica
220 2889 399 2973 indutum,
417 2889 452 2960 in
470 2905 573 2986 tergo
589 2912 670 2959 ense
684 2888 868 2986 percussit,
883 2887 1072 2988 validoque
1090 2890 1162 2963 ictu

94 3032 161 3106 per
169 3005 329 3079 medium
339 3006 437 3105 quasi
449 3021 613 3077 tenerum
624 3003 1025 3102 porrumobtruncavit.
1037 3007 1163 3106 Caput,

93 3151 179 3198 eum
194 3124 353 3196 humeris
366 3140 403 3194 et
420 3123 595 3220 superiori
611 3137 712 3219 parte
725 3122 888 3220 corporis
902 3150 921 3193 a
938 3124 1103 3222 cingulo,
1124 3126 1162 3199 in

97 3241 233 3314 flumen
258 3239 401 3326 cecidit,
423 3240 642 3338 inferiorque
662 3265 745 3336 pars
770 3264 876 3336 super
900 3242 1161 3314 velocissimum

95 3354 331 3454 cornipedem
342 3356 512 3427 remansit
524 3355 539 3450 (
544 3355 864 3453 2).Equusantem,
875 3370 1018 3427 rectore
1028 3381 1162 3445 carens,

132 3661 142 3729 l
148 3661 172 3730 ι)
186 3657 297 3713 L’effort
307 3657 343 3713 de
354 3661 379 3712 la
391 3657 502 3712 bataille
512 3669 560 3712 ent
571 3656 627 3711 lieu
641 3675 689 3711 sur
697 3657 723 3712 le
734 3667 803 3730 pout
814 3657 994 3726 d’ltntioche,
1008 3659 1057 3733 qui
1069 3660 1164 3717 u'etait

97 3747 180 3819 point
192 3764 292 3800 encore
306 3745 469 3799 commande
481 3763 531 3817 par
542 3744 567 3798 le
580 3744 696 3798 chdteau
709 3745 746 3799 du
759 3756 848 3800 comte
860 3746 895 3800 de
908 3745 1057 3802 Toulouse.

131 3837 171 3910 (a)
189 3835 314 3890 Mathieu
331 3835 422 3902 Pluris,
441 3833 680 3888 immediatement
697 3836 776 3907 apres
794 3837 870 3889 avoir
886 3837 941 3890 cite
958 3855 988 3890 ce
1002 3835 1074 3892 beau
1092 3856 1163 3912 coup

96 3926 194 3999 d’epee
209 3925 427 4001 horizontal,en
442 3922 564 3978 attribue
581 3942 620 3977 un
637 3934 700 3978 tout
713 3926 784 3979 aussi
801 3927 938 3998 puissant,
956 3927 1025 3981 anais
1039 3925 1107 3983 daus
1125 3947 1162 3983 un

94 4034 159 4072 sens
172 4017 301 4086 vertical,
317 4037 351 4071 au
366 4017 420 4071 duc
435 4014 470 4069 dc
485 4014 666 4071 Norrnandie.
684 4017 720 4070 Le
733 4015 867 4082 bouclier,
885 4016 910 4071 le
924 4034 1038 4092 casque,
1052 4019 1160 4088 latete,

96 4106 123 4161 le
142 4106 187 4160 col
201 4105 237 4160 de
253 4106 396 4172 l’iulidele,
413 4107 521 4171 lurent,
538 4103 630 4171 dit-il,
646 4108 772 4178 partages
787 4124 822 4161 eu
836 4105 920 4174 deux,
936 4119 965 4161 et
977 4106 1004 4163 le
1015 4096 1164 4163 trabebant

96 4195 138 4249 du
154 4195 242 4268 glaive
254 4214 289 4250 ne
302 4198 412 4251 s'arreta
425 4214 479 4269 que
493 4194 560 4249 dans
572 4212 599 4249 sa
614 4196 746 4269 poitriue.
