2888 4934
441 355 556 416 LIBER
578 356 765 415 OCTAVUS.
1079 359 1140 420 447
1231 420 1234 424 ,

65 491 141 564 Deo
157 489 326 561 militavit
352 489 416 586 (ι)
439 488 530 578 Hic,
559 488 646 561 dum
670 486 785 560 adhuc
808 489 843 559 in
870 489 979 561 armis
1002 490 1139 565 mundo

37 649 41 654 ·
64 609 236 695 serviret,
257 604 462 706 quondam,
483 604 570 678 dum
585 605 628 678 de
643 607 763 680 Sancti
784 605 907 679 Jacobi
926 606 1139 706 peregrina-

65 727 164 799 tione
184 722 339 811 rediret,
364 725 401 795 in
424 725 575 796 introitu
599 723 781 823 cujusdam
808 724 905 796 silvae
930 725 1025 797 solus
1056 751 1139 800 cum

63 843 244 940 armigero
261 866 325 913 suo
349 841 534 939 languenti
553 840 720 934 mendico
738 856 888 939 repente
906 843 1084 930 occurrit,
1103 861 1140 915 et

63 958 225 1061 poscenti
247 959 376 1056 stipem
401 984 567 1030 nummos
589 985 679 1057 quos
700 956 802 1029 daret
824 957 868 1028 ad
892 985 1040 1030 manum
1062 986 1138 1034 non

62 1074 203 1163 habuit;
213 1075 271 1148 sed
279 1074 455 1174 preciosas
468 1073 705 1164 chirothecas,
713 1072 760 1147 ab
771 1074 881 1147 amica
894 1075 960 1147 sibi
971 1074 1136 1166 directas,

32 1282 34 1286 μ
62 1190 192 1265 devote
206 1194 382 1291 porrexit.
398 1192 548 1279 Deinde,
563 1208 645 1292 post
660 1193 811 1292 longum
824 1208 980 1290 tempus,
996 1193 1136 1268 cuidam

62 1310 233 1408 religioso
247 1311 309 1383 Dei
328 1335 446 1397 servo,
466 1326 549 1407 post
559 1312 755 1383 matutinos
771 1311 808 1381 in
824 1311 985 1383 oratorio
997 1312 1137 1409 suppli-

61 1425 180 1514 canti,
200 1426 358 1525 angelica
385 1425 475 1498 risio
496 1427 685 1524 apparuit,
706 1425 791 1497 etei
814 1424 979 1524 quaedam
1001 1425 1136 1524 agenda

60 1542 263 1640 specialiter
282 1542 450 1640 injunxit.
469 1542 633 1642 Cumque
648 1539 848 1615 monachus
863 1540 1057 1640 diligenter
1075 1542 1136 1613 in-

59 1659 240 1759 quireret,
261 1659 358 1758 cujus
375 1660 590 1731 auctoritate
606 1659 688 1731 talia
705 1658 772 1731 sibi
792 1659 1007 1756 praeciperet
1024 1689 1032 1729 ε
1048 1659 1133 1747 Ille,

61 1776 199 1876 inquit,
223 1803 280 1847 me
302 1781 398 1849 misit
418 1777 472 1849 ad
491 1794 544 1865 te,
567 1790 603 1848 et
619 1777 699 1850 hoec
717 1778 784 1847 tibi
798 1777 1005 1866 mandavit,
1028 1803 1134 1875 quem

59 1892 246 1963 Martinus
260 1911 366 1991 parte
382 1892 591 1989 chlamydis
606 1919 684 1964 suae
700 1893 858 1979 aestivit,
877 1908 911 1963 et
928 1893 990 1962 cui
1003 1892 1133 1963 Guar-

60 2012 181 2079 nerius
205 2006 426 2080 chirothecas
451 2035 541 2080 suas
566 2009 728 2080 donavit.
757 2008 884 2079 Frater
911 2005 986 2078 haec
1011 2005 1131 2080 abbati
1196 2071 1202 2080 .

60 2124 203 2213 retulit,
230 2141 265 2197 et
289 2124 490 2198 senioribus
511 2125 659 2197 historia
677 2123 721 2196 de
739 2125 887 2197 Martini
903 2123 1013 2196 divisa
1031 2124 1133 2198 chla-

56 2242 164 2339 myde
178 2244 260 2315 satis
278 2244 424 2331 claruit,
451 2244 549 2342 cujus
567 2260 670 2340 parte
688 2241 875 2315 Ambianis
898 2241 1014 2315 adhuc
1035 2257 1133 2315 cate-

56 2358 255 2433 chumenus
268 2360 453 2432 Christum
468 2363 503 2433 in
522 2386 677 2459 paupere
692 2361 795 2432 texit.
812 2360 880 2433 Sed
893 2386 950 2433 res
962 2360 1007 2432 de
1020 2359 1133 2432 Guar-

56 2479 151 2550 nerii
169 2477 385 2552 chirothecis
402 2479 553 2551 omnino
570 2476 632 2551 diu
645 2478 762 2551 latuit.
782 2477 942 2550 Tandem
958 2479 1032 2575 ipse
1044 2479 1130 2578 qui-

54 2591 206 2667 busdam
235 2593 554 2693 percunctantibus
580 2595 792 2692 simpliciter
813 2593 950 2665 detexit
975 2592 1131 2691 qualiter

56 2711 159 2810 inopi
177 2737 245 2809 pro
261 2737 382 2784 amore
399 2710 531 2783 Christi
550 2710 759 2785 subvenerit
769 2766 779 2799 ,
798 2726 835 2782 et
850 2708 896 2781 ab
914 2711 983 2782 illis
1000 2710 1131 2782 nihilo·

53 2827 175 2899 minus
192 2829 450 2901 revelationem
463 2826 619 2915 audivit,
635 2829 797 2927 Deoque‚
812 2827 873 2926 qui
889 2826 985 2899 bona
1002 2826 1129 2898 sacien-

55 2943 152 3018 tibus
168 2970 310 3044 semper
327 2962 460 3045 proesto
477 2962 551 3033 est,
571 2947 702 3045 gratias
721 2947 807 3044 egit.

103 3063 205 3136 Circa
219 3063 295 3136 haec
311 3079 487 3161 tempora,
502 3062 720 3152 Bernardus,
736 3063 919 3155 Quinciaci
940 3060 1126 3162 abbas(a),

52 3181 273 3254 Pictaviense
296 3181 413 3254 solum
433 3181 600 3281 reliquit,
624 3181 706 3281 quia
732 3181 920 3278 praelatum
944 3197 1128 3253 monaste·
1236 3197 1238 3203 “

52 3298 174 3386 rium,
207 3297 306 3397 quod
336 3297 505 3370 hactenus
539 3298 696 3371 liberum
729 3299 918 3385 extiterat,
956 3297 1128 3370 Cluniaco

51 3413 243 3514 subjugare
261 3415 378 3487 noluit
385 3445 394 3502 ;
415 3431 450 3487 et
467 3417 569 3515 quia,
592 3417 683 3488 sicut
700 3416 873 3512 scriptum
904 3432 982 3486 est:
1001 3416 1126 3487 Justus

51 3547 95 3604 ut
109 3532 165 3604 leo
183 3534 336 3626 confidit
354 3534 420 3631 (ὅ),
438 3534 475 3604 in
493 3534 653 3606 Romana
671 3531 807 3631 synodo
828 3548 953 3604 contra
973 3530 1125 3604 Pascha-

85 3783 97 3852 s
102 3783 127 3852 ι)
144 3780 258 3854 D'apres
278 3781 303 3836 le
322 3781 476 3855 biographo
495 3783 530 3837 de
549 3783 687 3850 Bernard,
704 3783 774 3838 abbe
792 3782 826 3836 de
844 3782 946 3847 Tiron,
965 3799 997 3835 ce
1014 3782 1125 3835 seraith

50 3869 269 3941 Salat-Cyprien
282 3869 317 3924 de
330 3870 449 3924 Poitiers
461 3890 515 3944 que
529 3891 560 3927 ce
574 3873 704 3944 seigneur
718 3870 808 3925 aurait
819 3871 869 3924 fait
882 3870 1046 3942 profession.

86 3955 127 4023 (a)
144 3956 282 4024 Bernard,
302 3959 453 4030 originaire
469 3958 504 4015 de
521 3960 676 4025 Ponthieu,
694 3958 761 4013 etait
775 3957 844 4013 abbe'
860 3957 895 4013 de
912 3958 1124 4031 Salat-Cyprien

51 4046 87 4102 de
99 4047 220 4103 Poitiers
232 4068 268 4103 en
285 4068 360 4103 troo.

86 4135 127 4210 (3)
143 4138 235 4205 Prota,
251 4157 349 4206 nrm,
369 4159 392 4193 ι.
