2888 4934
307 401 366 461 sos
586 399 770 460 uisrouu
793 397 1100 464 uectusrasrrca.
1144 403 1382 480 [1⁰Jut111097]

305 533 460 630 agmine.
480 533 521 604 ln
539 532 654 605 altero
673 531 871 605 Tolosanus
885 555 1024 622 comes,
1046 547 1082 604 et
1098 530 1290 606 Podiensis
1306 534 1384 630 epi-

306 674 433 747 scopus
440 679 451 738 3
473 648 693 723 Godelredus
710 648 800 734 dux,
815 665 851 720 et
876 647 1091 739 Balduinus,
1110 667 1147 721 et
1169 650 1283 749 Hugo
1307 649 1384 720 Ma-

307 793 415 866 gnus,
436 784 472 839 et
496 767 723 841 Flandreusis
745 765 969 856 Rodbertus,
994 794 1076 840 cum
1101 768 1262 866 copiosis
1287 791 1385 841 oom-

307 886 507 956 meantium
523 883 761 959 examinibus.

356 1003 398 1073 ln
413 1002 485 1100 ipsa
495 1004 691 1100 septimana
705 1002 912 1100 (1)‚Turci,
926 1001 1026 1075 velut
1037 1026 1145 1074 arena
1159 1002 1277 1073 maris
1290 1002 1386 1073 innu-

307 1118 412 1203 meri,
425 1134 551 1190 coutra
561 1117 812 1192 Boamundum
821 1116 1089 1205 confluxerunt,
1103 1132 1140 1189 et
1150 1143 1289 1216 magna
1301 1115 1385 1188 mul·

307 1233 1383 1324 titudineconlisi,Christianosunauimiterinvaserunt.Dm

307 1375 434 1423 eorum
450 1353 684 1426 Dalimanuus
698 1357 752 1453 (2)
773 1372 869 1443 erat,
886 1380 1016 1454 eosque
1032 1354 1135 1426 furor
1153 1354 1192 1426 in
1212 1353 1381 1452 alienige·

308 1496 370 1541 uas
384 1472 578 1561 animabat,
592 1474 654 1572 qui
668 1474 828 1546 Nicaeam
841 1475 1151 1572 praesumpsissent
1163 1495 1380 1571 expugnare,

308 1604 345 1660 et
371 1592 607 1688 possessiones
634 1619 761 1665 eorum
784 1591 1009 1691 depopulari.
1035 1590 1088 1664 lbi
1117 1608 1228 1664 erant
1258 1590 1381 1678 Turci,

308 1706 493 1780 Sarraceni
505 1764 515 1797 ,
535 1711 651 1783 Persae
672 1727 709 1783 et
736 1710 892 1810 Agulani
916 1710 990 1808 (3);
1009 1735 1170 1810 quorum
1195 1731 1382 1780 numerum

308 1842 609 1921 computaverunt
625 1854 730 1900 ccctx
750 1828 882 1917 millia,
904 1843 1037 1925 praeter
1052 1823 1214 1912 Arabes,
1233 1848 1382 1925 quorum

308 1966 501 2015 concursus
517 1943 813 2017 indeterminatus
822 1944 903 2015 luit.
918 1943 1094 2042 Egregius
1105 1968 1197 2015 vero
1209 1943 1383 2012 Buamun·

308 2056 391 2145 dus,
430 2079 469 2132 ut
508 2062 809 2136 innumerabilem
843 2060 1113 2135 multitudinem
1154 2061 1382 2132 inimieorum

307 2178 395 2267 suis,
421 2205 485 2251 ore
504 2180 648 2269 rabido,
670 2197 707 2254 et
729 2180 842 2253 ellero
859 2178 997 2279 gladio,
1018 2179 1256 2251 minitantem
1275 2193 1313 2249 et
1331 2177 1381 2247 in·

308 2294 502 2368 sultantem
524 2297 632 2386 vidit,
663 2299 930 2397 imperterritus
947 2299 1066 2387 stetit,
1085 2321 1245 2395 suosque
1268 2294 1380 2379 brevi,

307 2411 367 2484 sed
381 2414 641 2511 sapientissimo
657 2415 866 2503 admonuit,
882 2431 917 2487 et
935 2412 1167 2486 laudabiliter
1180 2411 1228 2484 ad
1246 2409 1382 2485 honori·

308 2527 417 2601 ficum
435 2548 616 2604 certamen
631 2532 896 2605 corroborarit.
916 2532 1091 2603 Celeriter
1107 2527 1380 2612 mandatsociis,

345 2752 433 2821 (ille
457 2761 492 2805 ιθῐ
505 2753 615 2823 juillet,
632 2757 648 2808 a
666 2751 799 2823 Dorylae,
815 2752 883 2806 dans
904 2752 929 2805 la
947 2750 1031 2806 valler
1048 2750 1084 2804 de
1103 2749 1249 2822 Gorgoni.
1267 2749 1289 2803 Il
1307 2746 1383 2820 partit

310 2859 365 2912 que
379 2860 410 2894 ce
423 2842 466 2895 lut
478 2844 552 2897 l'uue
564 2844 613 2897 des
626 2845 776 2917 premieres
790 2842 914 2897 batailles
927 2841 995 2895 dans
1009 2838 1156 2913 lesquelles
1171 2838 1213 2892 les
1232 2840 1333 2892 croise's
1343 2855 1383 2890 eu·

311 2929 453 2983 teudireut
465 2931 490 2984 le
504 2932 580 2985 broit
594 2930 641 2985 des
659 2932 816 3000 tambours,
830 2934 879 3004 qui
900 2931 939 2984 les
953 2928 1052 3001 effraya
1072 2927 1239 2999 beaucoup,
1254 2927 1323 2980 ainsi
1337 2941 1383 2998 qne

310 3016 383 3071 leurs
396 3020 526 3075 cbevaux.
546 3023 760 3095 Tympanorum
773 3041 859 3076 sonus
872 3021 1026 3085 horribilis,
1040 3018 1083 3072 dit
1095 3016 1265 3072 Guillaurue
1276 3016 1311 3070 de
1323 3016 1381 3087 Tyr.

309 3107 390 3180 Equi
404 3130 523 3183 iramque
544 3112 927 3185 eorum(Cl1risu'auorum)‚
946 3111 1089 3164 insolitum
1107 3127 1164 3161 uon
1174 3107 1314 3177 serentes
1335 3106 1384 3159 clu·

310 3219 414 3252 morem
432 3210 459 3252 et
482 3202 662 3255 bueciuurruu
680 3204 841 3274 clangorem
862 3213 889 3255 rt
910 3205 982 3256 ictus
1004 3199 1213 3263 taburciorum,
1234 3196 1383 3252 calcaribus

310 3308 365 3343 nou
378 3290 618 3360 obtemperabunt.
636 3292 788 3347 tl'ostrates
800 3311 921 3366 quoque,
937 3301 1015 3345 tanto
1028 3289 1149 3343 ..stridore
1162 3292 1309 3359 percussi,
1323 3285 1384 3360 quid

309 3392 382 3436 esset
395 3382 575 3454 ignorabant.
591 3385 705 3438 Heuric.
720 3384 871 3455 lluutiug..
885 3383 970 3450 lint,
982 3380 1001 3434 l.
1017 3381 1083 3436 Vll.

345 3472 468 3528 t’arnte
484 3473 647 3529 chretieuue
662 3474 757 3546 perdit
775 3473 843 3528 dans
858 3483 930 3527 cette
944 3470 1054 3527 bataille
1071 3469 1255 3537 Guillaume,
1269 3472 1340 3526 imre
1351 3467 1381 3521 de

308 3561 469 3627 Tancrede,
484 3573 513 3617 et
526 3563 650 3618 Geoffroi
664 3563 699 3618 de
712 3563 973 3637 Monte-Scaglioso.

343 3650 383 3725 (a)
396 3651 508 3725 Kilidge
521 3651 629 3709 Arslan.

341 3738 381 3814 (5)
397 3741 446 3799 On
457 3761 493 3799 ne
507 3745 559 3799 sait
568 3743 611 3798 s'il
625 3744 683 3799 iaut
697 3742 833 3798 entendre
848 3761 899 3816 par
911 3760 942 3796 ce
955 3751 1014 3796 mot
1025 3759 1082 3794 une
1099 3741 1199 3794 nation
1211 3783 1219 3809 ,
1232 3759 1288 3795 une
1300 3748 1376 3805 secte,

303 3846 343 3872 Ν·
356 3849 397 3889 un
408 3850 491 3907 oorps
504 3835 636 3891 militaire
652 3833 824 3908 particulier.
841 3834 880 3889 Ce
894 3832 964 3907 qu’il
980 3850 999 3903 y
1017 3851 1033 3885 a
1049 3829 1085 3884 de
1103 3831 1230 3896 certain,
1251 3831 1318 3885 c’est
1331 3844 1377 3903 que

506 3929 508 3932 ’
526 3925 599 3983 aient
609 3914 797 3982 entidrument
808 3933 935 3978 couverts
946 3920 1030 3976 d'une
1042 3938 1157 3974 armore
1167 3919 1204 3974 de
1217 3920 1268 3984 ier,
1282 3933 1377 3973 contum

562 4027 626 4073 lxv·
639 4013 736 4082 situle,
755 4025 783 4069 et
796 4011 879 4088 qu'ils
893 4031 927 4066 ne
939 4029 968 4066 se
984 4010 1123 4064 battaient
1137 4010 1203 4083 qu'ir
1218 4008 1320 4082 l’epee:
1335 4008 1377 4079 Qui

586 4107 601 4173 ’,
620 4123 711 4177 nque
732 4105 853 4176 sagittas
875 4119 964 4174 neque
986 4102 1101 4154 lanceas
1126 4099 1279 4165 timebant,
1301 4112 1375 4168 neque

622 4214 629 4253 t
641 4198 671 4251 itt
686 4194 790 4250 bellum
800 4193 947 4267 serebant,
964 4189 1008 4246 dit
1022 4188 1138 4247 Bandri.
