2888 4934
187 443 516 518 [noventur-oscenses
531 439 624 515 1098]
645 435 763 498 LIBER
782 437 920 497 NONUS.
1192 446 1253 505 579

184 568 1254 673 quintoquekalendasdecembris(1)applicuitadMarram‚

183 689 368 761 civitatem
386 688 439 786 (a)
464 688 642 760 munitam
666 703 703 759 et
718 688 895 786 opimam,
915 705 952 778 et
975 689 1099 763 multis
1117 690 1255 791 Agare-

185 831 319 879 norum
336 804 543 878 nationibus
560 806 742 878 refertam.
759 805 825 877 Die
841 830 928 877 vero
951 806 1103 879 crastina
1127 808 1254 882 civita-

188 939 261 996 tem
269 948 353 996 cum
366 925 649 1021 suisexpugnare
656 922 787 1021 coepit;
803 919 863 994 sed
873 919 1098 994 obstantibus
1110 928 1256 999 moeniis

186 1055 224 1113 et
240 1038 485 1112 defensoribus
508 1038 704 1112 tuncnihil
727 1039 892 1138 profecit.
914 1037 1030 1131 Quem
1049 1039 1257 1117 subsecutus

183 1155 244 1229 die
261 1156 442 1231 dominica
467 1155 698 1229 Buamundus
723 1157 802 1256 (3),
830 1155 1042 1255 praedictam
1064 1157 1108 1229 ad
1126 1159 1256 1234 urbem

186 1274 300 1347 venit.
331 1273 454 1346 Altera
470 1298 559 1346 sero
582 1272 640 1347 die
657 1274 813 1346 viriliter
830 1274 959 1346 urbem
979 1277 1133 1374 aggressi
1152 1294 1255 1367 sunt,

188 1408 325 1464 tutores
340 1393 566 1464 moeniorum
583 1394 690 1464 variis
705 1391 893 1463 assultibus
911 1392 1185 1483 infestaverunt3
1198 1394 1258 1467 sed

188 1534 316 1607 parum
327 1509 376 1580 eis
389 1525 606 1582 nocuerunt.
621 1509 732 1582 Scalae
746 1507 788 1581 ad
798 1535 945 1594 murum
959 1509 1101 1582 stabant
1113 1530 1256 1602 erecta-23

187 1621 249 1708 sed
281 1624 407 1695 Turcis
444 1624 727 1698 occlamantibus
754 1640 792 1697 et
823 1625 1116 1724 oppugnantibus
1152 1652 1258 1702 nemo

187 1739 428 1838 praesumebat
463 1741 646 1814 scandere.
678 1742 780 1814 Cives
808 1741 907 1814 enim
941 1736 1084 1815 se'istis
1115 1743 1257 1819 obstare

188 1881 290 1956 posse
303 1855 518 1941 credebant,
538 1858 631 1931 sicut
646 1857 850 1931 Raimundo
865 1858 981 1932 Pileto
994 1877 1097 1933 antea
1110 1861 1258 1936 obstite-

189 1990 284 2046 rant.
304 1973 524 2046 Raimundus
541 2000 659 2048 comes
676 1976 835 2074 ligneam
845 1975 929 2048 lecit
943 1977 1147 2050 machinam
1157 2006 1258 2053 oom-

187 2089 370 2187 paginari,
387 2116 444 2176 ac,
461 2105 502 2161 ut
518 2088 676 2162 habilior
685 2106 776 2163 esset
788 2089 832 2162 ad
846 2090 1133 2182 conducendum,
1150 2122 1258 2193 super

186 2221 345 2305 quatuor
361 2206 497 2279 rotulas
513 2232 591 2280 eam
606 2207 790 2281 collocari.
808 2208 892 2280 Fuit
904 2224 1024 2282 autem
1041 2225 1151 2284 tautae
1165 2239 1258 2310 pro-

185 2323 345 2395 ceritatis
367 2340 408 2395 ut
434 2325 659 2397 moeniorum
685 2324 831 2398 culmen
856 2323 1073 2424 despiceret,
1099 2330 1256 2401 turrium

186 2463 332 2540 quoque
357 2456 609 2540 porrecturam
632 2438 850 2542 adaequaret.
869 2442 1012 2516 Struem
1031 2445 1143 2544 igitur
1158 2446 1257 2519 illam

187 2575 339 2657 propter
358 2557 550 2658 quamdam
572 2575 712 2631 turrem
734 2557 986 2633 admoverunt.
1014 2562 1203 2635 Lituorum
1221 2580 1257 2636 et

188 2673 358 2746 tubarum
383 2673 599 2774 clangebant
624 2674 766 2747 classica
792 2676 867 2771 (4),
894 2675 1086 2777 phalanges
1108 2696 1256 2751 armatae

184 2787 509 2861 circumvallabant
525 2789 674 2862 moenia.
692 2789 871 2861 Balistarii
888 2807 924 2862 et
939 2791 1112 2890 sagittarii
1126 2791 1258 2893 dirige-

186 2903 278 2976 bant
295 2905 449 3004 spicula,
475 2922 511 2978 et
532 2906 594 3006 qui
613 2906 651 2978 in
669 2931 750 2978 arce
768 2922 872 2978 erant
888 2905 1025 3006 lignea,
1039 2910 1159 3008 jusum
1174 2937 1256 2982 saxa

181 3021 396 3122 jactitabant
423 3024 599 3122 ingentia3
627 3021 826 3096 sacerdotes
846 3038 883 3096 et
911 3025 1032 3098 clerici
1058 3026 1256 3100 Dominum

188 3164 258 3237 pro
274 3140 413 3238 populo
431 3166 495 3213 suo
513 3140 724 3239 suppliciter
746 3139 958 3214 exorabant.
980 3141 1190 3217 Willelmus
1211 3145 1255 3217 de

188 3255 478 3329 Monte-Pislerio
502 3257 614 3328 etalii
637 3257 756 3356 plures
777 3257 814 3328 in
839 3255 1005 3330 machina
1028 3259 1253 3358 pugnabant,

222 3504 231 3568 ζ
237 3502 261 3570 1)
275 3502 312 3554 Le
326 3503 429 3557 samedi
445 3520 478 3578 27
493 3503 652 3557 novembre.
666 3503 691 3557 ll
705 3506 773 3559 etait
786 3505 859 3577 parti
873 3504 1039 3560 d'Antiocbe
1053 3505 1079 3561 le
1093 3504 1137 3560 25.

224 3590 264 3658 (a)
277 3590 404 3658 Illarum,
423 3595 438 3646 a
455 3592 589 3666 quelques
607 3593 708 3648 beures
724 3611 760 3647 au
776 3592 906 3649 nord-est
921 3594 1085 3668 d'Apamee‚
1102 3606 1145 3650 est
1156 3615 1256 3652 encore
1312 3620 1318 3633 ¹

188 3677 224 3733 de
236 3696 286 3732 nos
295 3679 375 3748 jonrs
387 3699 443 3735 une
456 3681 520 3737 ville
532 3681 568 3736 de
580 3683 646 3757 cinq
659 3687 673 3736 a
686 3685 727 3737 six
738 3683 814 3739 mille
826 3684 978 3740 habitante.

225 3765 264 3836 (3)
279 3768 315 3822 Le
328 3767 477 3824 dimanche
490 3770 524 3825 28
539 3773 699 3827 novembre.
713 3772 753 3827 Ce
766 3790 801 3826 ne
815 3773 859 3827 lut
871 3791 919 3846 pas
933 3773 1086 3828 seulement
1098 3775 1254 3842 Boe'mond‚

188 3858 365 3912 maisencore
376 3877 432 3912 une
442 3858 547 3932 grande
556 3862 646 3932 partie
656 3860 692 3916 de
699 3860 812 3917 l'armee
824 3862 996 3933 cbretieune,
1009 3865 1059 3937 qui
1069 3863 1129 3918 rint
1135 3864 1256 3938 prendre

189 3954 253 4017 part
264 3964 299 4000 au
311 3948 386 4019 siege
398 3947 433 4001 de
447 3949 570 4003 Marrah.
1141 3966 1142 3970 ’

223 4036 262 4107 (l)
276 4036 323 4092 On
338 4055 409 4091 nous
424 4058 438 4092 a
452 4042 582 4094 conserve
596 4038 623 4095 le
637 4057 702 4095 nom
716 4040 756 4095 du
770 4043 896 4114 guerrier
911 4043 961 4116 qui
976 4042 1093 4098 dounait
1106 4043 1145 4098 du
1158 4061 1207 4098 cor
1220 4061 1256 4098 ou

186 4123 262 4179 dela
274 4135 425 4200 trompette
438 4146 486 4182 sur
499 4140 570 4185 cette
584 4129 712 4186 machine
724 4130 760 4185 de
775 4149 875 4205 guerre
887 4158 892 4188 :
907 4133 999 4190 c’etait
1010 4133 1161 4190 Ewurdus
1172 4151 1257 4188 uene

186 4223 241 4269 tor.
258 4215 383 4272 D'autres
396 4215 555 4292 l’appellent
567 4219 767 4277 deaurandos.
