2888 4934
182 469 290 546 [1090]
557 459 673 520 usus
694 459 881 518 ocrsvos
1191 464 1251 524 339

183 605 221 671 in
247 593 397 696 Tomoe
420 619 487 669 avo
511 619 588 664 meo
597 649 610 681 ,
629 608 664 662 et
683 589 838 689 Urfiido
853 609 958 690 patre
980 618 1078 681 meo,
1104 600 1250 696 accepi,

182 722 349 816 omnique
367 717 446 786 vita
469 739 550 785 mea
573 714 611 783 in
635 709 795 782 adversis
821 725 855 780 et
874 712 1059 811 prosperis
1068 709 1255 808 ferventer

182 836 334 910 servavi.
360 831 468 904 Absit
493 847 530 902 ut
548 828 703 917 amodo,
724 854 805 900 eum
821 830 890 899 sira
907 829 1132 921 silicernius,
1158 833 1254 906 inei-

180 956 287 1056 piam
308 953 485 1024 deservire
486 947 696 1049 fraudibus
702 1006 714 1037 ,
731 974 822 1047 quas
835 949 932 1018 odivi
944 947 1136 1040 haetenus,
1156 969 1191 1023 et
1207 953 1254 1023 ab

185 1070 331 1140 ineunte
350 1090 492 1164 semper
511 1079 620 1138 cetate
639 1067 720 1135 totis
739 1061 897 1136 devitavi
913 1063 1074 1136 nisibus!
1096 1067 1149 1137 Et
1166 1071 1255 1166 quia

181 1201 292 1287 pater
308 1202 390 1256 tuus
411 1208 599 1281 nunquam
616 1181 818 1253 deviantem
833 1206 891 1251 me
910 1185 1040 1254 invenit
1061 1210 1174 1282 asuo
1198 1185 1213 1256 l
1237 1228 1257 1240 -

186 1319 276 1392 tere,
301 1303 527 1398 sedjbrtiter
543 1300 799 1399 perdurantem
825 1300 863 1369 in
886 1326 956 1370 saa
974 1297 1170 1394 fidelitate,
1196 1306 1257 1374 ni-

186 1424 353 1519 miasque
361 1424 437 1519 pro
448 1417 512 1489 illo
530 1417 766 1489 adversitates
781 1415 991 1488 tolerantem
1004 1419 1102 1489 uirili
1115 1419 1254 1511 robore,

181 1563 265 1639 proe
288 1538 426 1610 cateris
452 1532 688 1634 optimatibus
714 1537 787 1605 suis
809 1532 865 1604 ad
885 1541 1009 1605 omnia
1031 1553 1169 1608 secreta
1188 1565 1259 1610 sua

186 1682 328 1757 semper
349 1655 477 1727 babuit
499 1680 569 1724 me.
594 1652 754 1752 Rogerio
779 1651 862 1723 talia
885 1651 1018 1725 dicenti
1042 1652 1114 1725 dux
1136 1653 1257 1728 dixit:

188 1773 372 1872 Magnam
385 1771 606 1871 legalitatem
622 1787 721 1840 tuam
728 1824 741 1856 ,
759 1768 904 1840 domine
918 1769 1071 1868 Rogeri,
1088 1799 1163 1870 qua
1174 1787 1261 1844 tem·

183 1915 274 1990 pore
287 1905 436 1988 patrum
450 1913 608 1959 meorum
627 1886 820 1985 magnifice
834 1888 1002 1985 viguisti,
1019 1889 1142 1961 multis
1154 1908 1261 1963 attes-

189 2009 348 2081 tantibus
372 2008 507 2110 optime
531 2009 626 2077 novi.
657 2004 761 2075 Unde
785 2009 879 2077 sieut
902 2005 961 2076 illi
976 2022 1009 2077 te
1034 2006 1258 2097 dilexerunt,

189 2125 423 2223 consiliisque
449 2124 521 2194 tuis
541 2120 792 2221 probabilibus
816 2120 953 2193 utiliter
977 2125 1259 2222 adquieverunt,

188 2267 258 2342 ego
274 2241 504 2313 nibilominus
520 2239 725 2339 prudentia
741 2255 812 2313 tuoe
827 2240 1074 2339 congratulor,
1092 2245 1262 2316 monitus·
1309 2314 1313 2330 ,

189 2386 258 2460 que
276 2379 357 2433 tuos
376 2360 586 2461 amplector.
615 2357 729 2458 Quod
747 2359 969 2452 oemjilium
987 2376 1089 2433 tuum
1107 2363 1262 2436 vinculis

187 2478 320 2578 injeci,
347 2476 417 2548 boc
440 2480 517 2548 sine
537 2474 648 2548 dubio
665 2501 738 2576 pro
762 2490 966 2576 contemptu
990 2493 1051 2549 tuo
1073 2476 1259 2575 nonfeci,

187 2592 257 2665 sed
276 2618 346 2691 pro
371 2593 451 2691 ejus
475 2591 765 2665 stomachatione
790 2590 903 2662 stulta
927 2593 1150 2692 nimiumque
1173 2620 1262 2694 pro·

188 2712 295 2799 caci,
324 2737 398 2809 qua
428 2712 621 2781 minaciter
649 2723 684 2779 et
711 2713 914 2808 importune
941 2711 1129 2781 insistebat
1157 2710 1258 2782 mibi.

188 2826 364 2926 Rogerius
380 2825 496 2898 dixit:
518 2826 618 2926 Quia
635 2828 859 2897 temerarium
867 2827 1037 2924 juvenem
1051 2833 1259 2927 castigasti,

189 2944 292 3017 latus
319 2947 464 3042 gratias
492 2947 571 3042 egi,
603 2969 833 3042 magnasque
862 2953 991 3015 iterum
1017 2948 1161 3044 gratias
1189 2974 1261 3048 ago

187 3079 317 3136 aestrce
338 3063 566 3135 sublimitati.
592 3061 759 3152 Amodo,
782 3067 814 3134 si
832 3063 957 3162 placet
975 3081 1108 3136 vestrce
1128 3073 1261 3138 sereni-

155 3231 163 3247 .
184 3165 275 3290 tati,
294 3181 521 3280 parcendum
541 3198 593 3253 est
609 3181 673 3252 illi.
693 3180 839 3253 Relaaa
862 3186 1101 3282 castigatam,
1122 3200 1157 3254 et
1162 3183 1261 3283 fide-

189 3296 259 3370 lem
279 3299 347 3370 tibi
368 3298 550 3371 erbibebit
560 3295 1024 3401 samulatumsDelibutus
1047 3301 1167 3401 itaque
1187 3300 1259 3373 dux

187 3411 431 3514 hujuscemodi
451 3413 588 3504 verbis,
610 3414 859 3487 Meilenticum
879 3417 1048 3488 comitem
1069 3416 1259 3489 avinculis

187 3529 359 3618 absolvit,
380 3548 515 3604 etcum
531 3548 634 3630 patre
655 3529 811 3604 liberum
831 3529 932 3602 abire
950 3532 1126 3628 peimisit.

236 3649 318 3722 Non
339 3650 455 3720 multo
474 3666 556 3747 post
575 3650 752 3748 Rogerius
771 3676 855 3722 cum
873 3647 948 3721 filio
966 3674 1031 3722 suo
1049 3649 1197 3741 ducem,
1218 3670 1258 3724 ut

186 3766 373 3840 Brioniam
384 3766 453 3838 sibi
465 3766 644 3855 redderet,
658 3767 859 3871 1=equisiyit,
874 3783 910 3838 et
921 3765 970 3839 ob
983 3765 1052 3841 hoc
1065 3769 1192 3868 ingens
1201 3797 1260 3870 pe-

187 3885 304 3957 cuniae
315 3884 457 3982 pondus
470 3869 653 3984 promisitss
665 3886 746 3957 Dux
760 3900 896 3990 autem,
911 3886 1074 3982 pecuniae
1089 3886 1255 3989 cupidus,

188 4003 349 4101 poscenti
372 4003 475 4074 facile
497 4003 645 4092 anisuit,
659 3995 703 4075 'et
722 4002 872 4102 praesato
891 3987 1065 4103 municipi
1084 4004 1256 4103 oppidum

187 4117 346 4218 Rogerio
373 4118 472 4191 reddi
498 4120 684 4218 pracepit.
707 4120 773 4192 lile
796 4145 883 4193 vero
906 4118 987 4192 duci
1013 4121 1256 4213 remandavit,

188 4235 309 4310 dicens
326 4268 334 4307 :
351 4237 538 4310 Brioniam
556 4247 589 4309 st
604 4239 666 4310 tibi
684 4246 739 4310 vis
757 4240 926 4348 retinere,
946 4238 1040 4310 sicat
1058 4265 1138 4310 earn
1149 4256 1261 4338 pater
