2888 4934
170 428 180 440 ⁸
275 423 336 481 220
554 420 740 481 HISTORIA
761 417 1070 479 uccttstnsttcl.
1146 420 1240 496 [cruca
1257 421 1342 498 1090]

276 550 476 625 nachorum
489 570 655 652 argentea
675 568 816 626 textura
829 552 900 623 visa
915 567 953 623 et
967 551 1113 652 cognita
1128 567 1239 641 esset,
1258 567 1295 624 et
1310 552 1343 623 in

275 684 458 743 conventu
475 670 673 744 monastico
687 695 814 743 rumor
826 668 1067 770 hujuscemodi
1086 683 1344 768 perstreperet,

275 784 533 877 Erembertus,
553 789 709 888 impiger
727 786 926 878 coenobita,
946 813 1029 861 cum
1040 785 1185 859 famulis
1202 811 1347 861 mona&

277 902 358 976 terii
373 902 418 976 ad
429 903 707 979 err-monachum
721 905 952 1005 languentem
966 905 1142 996 accurrit,
1157 901 1348 1004 subitoque

275 1020 445 1095 frendens
457 1022 608 1122 impetu,
621 1021 811 1096 brachium
827 1023 939 1094 sancti
952 1020 1114 1110 Nicolai,
1130 1047 1171 1094 ac
1187 1020 1216 1092 si
1233 1019 1349 1094 eidem

275 1139 571 1230 commendasset,
587 1141 760 1215 atrociter
771 1140 944 1240 exposcit.
958 1139 1009 1213 At
1018 1140 1090 1232 ille,
1102 1155 1144 1213 ut
1151 1138 1350 1240 deprebeu

275 1282 355 1330 sum
371 1285 407 1332 se
423 1256 532 1348 vidit,
552 1277 589 1333 et
607 1261 645 1333 in
663 1275 765 1332 tanto
785 1258 931 1331 turbine
949 1260 1109 1333 nesciens
1124 1283 1198 1360 quo
1214 1285 1253 1332 se
1267 1282 1350 1331 ver-

277 1390 388 1466 teret,
413 1375 567 1475 pallidus
588 1394 624 1451 et
648 1393 805 1450 tremens
827 1378 1038 1479 perurgenti
1060 1375 1241 1451 moiracbo
1261 1401 1350 1476 pre-

276 1494 408 1567 tiosum
427 1496 557 1594 pignus
578 1493 741 1585 exbibet,
765 1495 863 1597 quod
883 1496 944 1569 ille
961 1522 1045 1568 cum
1063 1495 1200 1595 ingenti
1220 1492 1350 1595 gaudio

275 1610 429 1708 recepit,
449 1625 486 1683 et
501 1636 588 1684 mox
603 1609 648 1682 ad
665 1609 878 1684 coenobium
891 1611 1030 1684 Sanctae
1047 1611 1256 1701 Trinitatis,
1275 1636 1351 1684 mo·

275 1725 398 1801 nacbis
414 1743 450 1800 et
469 1729 607 1801 eunctis
626 1726 764 1801 civibus
782 1730 897 1804 Deum
915 1727 1161 1818 laudantibus,
1179 1726 1347 1814 devehit,

276 1841 398 1944 ibique
414 1861 556 1918 sanctus
573 1844 742 1919 Nicolaus
759 1872 871 1947 usque
891 1845 999 1919 bodie
1015 1846 1168 1946 pignora
1185 1872 1249 1918 sua
1265 1844 1351 1918 fide·

275 1960 361 2034 liter
377 1962 607 2061 poscentibus
624 1965 660 2036 in
680 1964 803 2035 multis
822 1961 1088 2037 necessitatibus
1104 1961 1259 2036 mirifice
1275 1989 1352 2036 suc·

275 2080 403 2152 currit.
422 2081 595 2154 Praefatur
610 2098 729 2154 autem
747 2080 983 2154 Erembcrtus
998 2097 1076 2155 erat
1093 2081 1241 2155 natione
1259 2079 1361 2154 Nor—

275 2212 534 2286 mannuS,ante
542 2199 817 2271 conversionem
825 2195 1357 2295 milesstrenuus‚postmodum

204 2370 208 2381 .
275 2337 363 2385 vero
381 2314 577 2388 monachus
595 2316 632 2388 in
650 2313 780 2388 ordine
796 2313 966 2387 fervidus.

325 2430 472 2504 llisdem
499 2431 724 2533 temporibus
750 2432 895 2533 quidam
916 2432 1019 2506 miles
1037 2432 1082 2505 de
1099 2431 1355 2521 Normnnnin,

275 2546 507 2638 Guillelmus,
525 2566 768 2651 cognomento
783 2549 984 2641 Pantulsus,
1005 2551 1042 2622 in
1059 2549 1230 2649 Apuliam
1242 2547 1357 2639 abiit,

275 2683 312 2739 et
325 2666 423 2768 quod
436 2684 599 2741 sanetum
611 2667 800 2742 Nicolaum
815 2667 917 2742 valde
928 2666 1114 2768 diligebat,
1130 2664 1175 2741 de
1188 2667 1364 2768 reliquiis

275 2783 349 2882 ejus
362 2783 518 2856 multum
530 2785 714 2884 quaesivit,
732 2785 881 2886 Deoque
891 2787 1040 2884 juvante
1055 2784 1356 2883 procurationem

275 2901 367 3001 ejus,
391 2929 410 2973 a
433 2902 669 3003 reliquiarum
692 2901 969 2976 translatoribus
991 2928 1106 2975 unum
1125 2900 1296 2991 dentem,
1320 2916 1356 2973 et

276 3015 349 3091 duo
365 3020 476 3090 lrusta
499 3019 544 3091 de
568 3045 773 3093 marmoreo
795 3021 935 3094 tumulo
952 3019 1124 3094 obtinuit.
1145 3018 1238 3092 Erat
1253 3018 1351 3092 enim

277 3135 313 3205 in
330 3135 441 3207 armis
456 3151 638 3225 strenuus,
662 3138 807 3236 ingenio
827 3136 1018 3236 praeditus,
1040 3138 1135 3209 inter
1151 3135 1351 3209 collimita-

275 3275 364 3323 neos
376 3276 481 3325 sensu
492 3251 697 3354 divitiisque
711 3254 876 3326 maximis
888 3253 1030 3354 Angtiae
1041 3253 1227 3353 Italiaeque
1237 3251 1351 3327 domi·

276 3369 331 3441 nis
354 3369 572 3442 notissimus.
591 3371 747 3443 Dentem
772 3371 890 3470 itaque
918 3371 1008 3443 tanti
1031 3369 1179 3443 baronis
1199 3385 1350 3459 nactus,

275 3486 538 3561 Normanniam
555 3486 680 3579 rediit,
700 3505 736 3562 et
756 3488 800 3561 ad
819 3490 1009 3587 proprium
1028 3487 1228 3587 praedium,
1252 3486 1351 3588 quod

273 3604 413 3678 Norom
428 3605 576 3696 dicitur,
595 3607 716 3706 plures
732 3632 918 3706 personas,
940 3623 980 3678 ut
998 3632 1158 3708 congrue
1178 3605 1353 3706 reliquias

272 3722 511 3821 susciperent,
530 3720 742 3797 denuntiato
758 3723 816 3798 die
835 3725 1027 3822 accersiit(
1053 3725 1081 3821 ).

324 3839 434 3914 Anno
447 3843 567 3942 itaque
575 3843 776 3916 Dominicae
787 3843 1047 3915 lncarnationis
1061 3854 1220 3931 n⁰xc⁰n⁰,
1235 3839 1354 3915 indic-

309 4126 348 4198 (ι)
366 4125 443 4180 Nous
455 4144 538 4180 avons
550 4144 585 4180 su
598 4125 750 4194 cidenas,
768 4139 788 4181 t.
802 4127 846 4194 11,
862 4147 889 4200 p.
905 4124 970 4195 433,
985 4145 1040 4202 que
1053 4126 1216 4183 Guillaume
1229 4125 1355 4184 Pantoul

194 4294 199 4306 .
272 4219 345 4272 avait
358 4217 495 4291 entreprit
509 4236 539 4272 ce
552 4234 654 4290 voyage
668 4218 748 4290 apres
761 4216 788 4275 la
802 4228 877 4274 mort
889 4217 927 4274 du
941 4219 983 4274 roi
996 4216 1168 4274 Guillaume.
