2888 4934
188 466 299 558 [rost]
553 476 670 537 mum
691 468 895 538 serriuus.
1204 478 1265 539 aar

189 629 261 708 pro
296 609 485 684 insolentia
522 635 582 681 sua
613 611 774 683 relaxare
802 609 929 682 voluit.
962 603 1068 680 Unde
1100 607 1267 703 praelatus

188 727 365 801 moritolii
376 751 499 799 eomes
517 725 709 800 admodum
723 725 925 813 moerebat,
945 742 981 797 et
995 748 1063 822 pro
1079 722 1191 796 sratre
1203 751 1267 800 suo

188 871 258 944 per
280 868 317 918 se
342 861 379 917 et
400 870 465 943 per
483 846 621 919 amicos
648 871 730 920 suos
757 846 967 945 suppliciter
989 841 1266 941 interpellabat,

187 961 428 1063 precibusque
447 962 679 1062 languentem
696 962 877 1063 inligabat.

239 1083 402 1184 Cumque
421 1085 526 1158 multi
541 1085 677 1159 obnixe
698 1110 768 1186 pro
786 1085 968 1185 Bajocensi
983 1083 1139 1183 praesule
1154 1101 1265 1182 roga-

188 1217 293 1293 rent,
312 1216 496 1275 tantorum
515 1203 777 1301 supplicatione
791 1202 955 1303 fatigatus
969 1226 1033 1274 rex
1050 1202 1099 1272 ait
1120 1231 1128 1271 ε
1146 1201 1266 1275 Miror

187 1319 293 1419 quod
316 1321 516 1420 prudenter
542 1348 614 1393 non
644 1321 834 1420 indagatis
867 1323 949 1421 quis
980 1319 1039 1391 nel
1066 1317 1188 1418 qualis
1212 1334 1265 1390 est

186 1438 262 1527 vir,
277 1465 346 1538 pro
364 1465 436 1538 quo
458 1440 690 1541 supplicatu.
708 1434 840 1512 Nonne
854 1464 922 1539 pro
941 1435 1011 1509 ‘tali
1022 1438 1103 1509 viro
1117 1434 1260 1536 petitis,

187 1558 256 1654 qui
267 1556 354 1656 jam
372 1557 439 1627 diu
460 1570 682 1658 contemptor
696 1559 816 1628 extitit
832 1552 1038 1655 religionis,
1062 1571 1095 1625 et
1112 1569 1263 1652 argutus

187 1680 354 1746 incentor
372 1670 544 1771 letbfferoe
556 1669 771 1746 seditionis?
788 1671 923 1743 Nonne
943 1669 1036 1741 bunc
1053 1671 1139 1771 jam
1162 1684 1262 1741 c'oer-

186 1793 252 1864 cui
262 1807 421 1889 quatuor
432 1796 539 1861 annis
552 1794 782 1890 episcopum,
802 1796 863 1888 qui
872 1844 882 1875 ,
900 1788 988 1859 dum
1000 1788 1175 1860 debuerat
1186 1801 1264 1859 esse

179 1909 410 2008 justissimus
443 1925 561 1979 rector
589 1908 816 2006 Anglorum,
835 1910 970 2002 jactus
1002 1923 1055 1978 est
1084 1897 1262 2005 pessimus

185 2043 381 2125 oppressor
387 2023 679 2125 populorum,et
692 2022 950 2097 monachilium
962 2020 1161 2095 destructor
1179 2025 1261 2094 Coe-

185 2137 409 2214 nobiorum?
432 2141 654 2214 Seditiosum
683 2141 895 2231 liberando,
924 2138 1020 2213 male
1035 2137 1197 2238 j'aci‘tis,
1228 2157 1262 2211 et

185 2255 452 2360 vobismetipsis
478 2262 607 2359 ingens
630 2264 880 2332 detrimentum
902 2261 1076 2359 quaeritis.
1097 2253 1262 2331 Eviden-

184 2391 238 2446 ter
242 2377 458 2477 patetquod
470 2377 566 2468 Orio,
566 2375 696 2476 frater
702 2405 817 2464 meus,
831 2377 916 2450 ieris
925 2394 979 2450 est
989 2370 1258 2466 etumbitiosus,

184 2496 309 2564 camis
321 2493 499 2568 inbaenens
511 2494 713 2585 desideriis,
728 2512 761 2568 et
772 2494 956 2568 immensis
969 2487 1258 2582 crudelitatibus,

182 2615 217 2681 ei
235 2627 425 2711 uunquam
439 2612 642 2686 mutabitur
660 2642 684 2686 a
706 2615 893 2686 lenociniis
911 2625 946 2685 et
961 2615 1085 2686 noxiis
1106 2615 1260 2686 uanita-

184 2727 293 2802 tibus.
316 2729 395 2804 Hoc
408 2734 601 2832 perspicue
613 2736 650 2805 in
665 2732 836 2834 pluribus
855 2750 1025 2833 eapertus
1039 2752 1139 2819 suns,
1156 2727 1258 2804 ideo-

185 2864 257 2946 que
270 2853 478 2923 constritari
491 2869 565 2924 tlon
575 2853 791 2938 antistitem,
807 2849 875 2922 sed
888 2866 1094 2948 arantium.
1111 2850 1261 2951 Absque

183 2962 298 3039 dubio
313 2971 346 3039 si
363 2971 532 3058 eraserit,
552 2983 667 3041 totam
684 2969 868 3068 regionem
889 2965 1065 3058 turbabit,
1086 2987 1120 3040 et
1136 2963 1259 3041 mullis

183 3082 347 3158 millibus
357 3087 560 3187 perniciem
571 3085 874 3160 subministrabit.
895 3086 986 3158 Hae
1002 3113 1074 3160 non
1095 3109 1143 3159 ea
1156 3087 1256 3177 odie,

183 3216 226 3270 ut
238 3202 373 3290 bostis,
391 3201 559 3302 prrsferm
576 3204 660 3292 sed,
680 3209 719 3273 ut
734 3210 844 3303 pater
856 3206 1010 3303 patrita,
1025 3201 1129 3303 plebi
1147 3199 1259 3276 cittis·

184 3320 296 3389 tiance
316 3320 505 3417 provideo.
535 3320 579 3391 Si
600 3323 696 3392 enim
718 3324 818 3392 caste
841 3336 875 3393 et
903 3316 1064 3391 modeste
1090 3337 1129 3391 se
1149 3316 1259 3392 babe-

183 3449 255 3521 ret,
278 3440 374 3507 sicut
396 3435 621 3509 sacerdotem
643 3453 678 3508 ct
702 3437 771 3508 liei
792 3441 994 3508 ministrum
1015 3436 1146 3536 ubique
1171 3458 1260 3511 oon-

184 3550 307 3639 decet,
324 3553 425 3625 cordi
437 3583 516 3629 meo
530 3559 666 3657 maJ'or,
683 3582 795 3654 quam
806 3559 950 3657 possim
963 3554 1111 3646 referre,
1132 3557 1258 3631 laetitia

185 3688 326 3742 messet.

231 3786 501 3884 spondentibus
512 3806 632 3863 autem
650 3792 788 3864 cunctis
805 3789 1095 3864 emendationem
1109 3794 1261 3892 pontili-

184 3902 253 3991 cis,
272 3927 337 3976 rex
361 3905 492 3978 iterum
507 3910 557 3980 ait
578 3941 586 3978 :
611 3910 733 3979 Velim
750 3909 878 3998 nolim,
903 3927 1024 3982 vestra
1029 3910 1102 4009 fiet
1107 3913 1258 4013 petitia,

186 4025 274 4119 quia
290 4047 346 4092 me
359 4021 531 4120 defuncto
546 4027 736 4098 uehemens
747 4025 868 4099 subito
881 4028 1073 4128 rerumfiet
1091 4033 1258 4103 mutatio.

186 4136 325 4208 Invitus
344 4141 504 4212 concedo
530 4162 568 4214 ut
576 4140 700 4239 frater
721 4168 821 4215 meus
841 4142 888 4216 de
910 4168 1056 4218 earcere
1079 4145 1257 4219 liberetur.

187 4254 263 4325 Sed
293 4260 420 4329 scitote
456 4259 556 4356 qrrrrd
581 4263 704 4333 multis
731 4287 798 4360 per
825 4289 906 4333 eum
935 4289 1030 4336 mors
1058 4289 1121 4334 seu
1148 4291 1262 4364 graue
