2888 4934
187 401 299 476 [1089]
558 395 669 456 tiana
689 395 875 456 ocrsvus.
1201 399 1262 459 aco

187 527 402 614 monachus,
419 528 454 598 in
468 527 644 625 regimine
655 528 832 599 successit.
847 516 914 599 Hic
926 527 1054 598 litteris
1065 525 1259 600 admodum

188 646 258 720 tuit
277 644 454 734 imbutus,
474 646 646 744 eloquens
662 661 699 717 et
716 643 911 744 jocundus,
933 643 1082 744 ideoque
1098 644 1260 717 amabilis

188 760 374 836 omnihus.
383 740 618 862 lnjuventtite
627 759 671 832 de
685 760 815 832 illustri
826 756 1259 834 familiamonachilemad

189 878 500 950 conversationem
507 876 620 965 venit,
630 892 664 949 et
672 873 797 948 decem
805 876 907 947 annis
920 876 956 947 in
966 877 1185 947 monasterio
1194 901 1260 973 per

188 993 416 1068 diversorum
441 994 571 1094 gradus
590 994 793 1067 officiorum
818 993 1003 1066 humiliter
1024 993 1256 1065 ministravit.

188 1111 391 1187 Undecimo
412 1111 557 1185 tandem
580 1138 677 1185 anno
705 1109 858 1184 ahbatiae
880 1137 1021 1198 curam,
1046 1108 1195 1209 jubente
1224 1127 1260 1182 et

187 1246 422 1305 consecrante
445 1229 601 1303 Girardo
630 1230 788 1330 sagiensi
815 1229 988 1327 praesule,
1016 1228 1188 1326 suscepit,
1223 1244 1260 1300 et

186 1371 248 1420 xvi
263 1349 368 1419 annis
387 1348 481 1420 inter
493 1372 606 1421 saevos
616 1346 798 1420 bellorum
812 1345 976 1418 turbines
985 1362 1128 1419 strenue
1142 1346 1256 1433 rexit,

184 1462 325 1563 Deique
340 1464 451 1536 fretus
466 1464 618 1550 auxilio,
633 1489 702 1561 pro
719 1464 892 1560 temporis
913 1464 1185 1561 opportunitate
1203 1487 1259 1534 res

184 1579 345 1652 ecclesiae
355 1579 548 1679 diligenter
558 1581 671 1652 auxit.
687 1580 825 1651 Deinde
838 1576 1013 1651 Rodherti
1025 1579 1259 1652 Belesmensis

184 1694 324 1767 saevitia
341 1695 448 1766 nimis
465 1696 691 1784 imminente,
712 1696 748 1765 in
763 1694 934 1793 Angliam
952 1694 1131 1792 confugit,
1149 1718 1258 1794 quem

184 1835 251 1884 rex
267 1812 444 1886 Henricus
467 1811 666 1886 honorifice
686 1836 806 1884 secum
824 1809 995 1898 detinuit,
1015 1828 1051 1883 et
1067 1835 1134 1909 per
1151 1811 1258 1884 Gon-

184 1927 326 2002 dnlsum
351 1930 543 2028 praesulem
571 1929 731 2002 Roffensi
762 1929 944 2027 episcopio
968 1928 1141 2028 praefecit.
1172 1927 1258 2002 lude

183 2064 269 2146 post
284 2049 422 2150 aliquot
435 2074 548 2122 annos
565 2064 770 2146 promotus,
789 2045 986 2119 venerabili
1009 2046 1181 2121 Anselmo
1195 2075 1257 2119 ar-

184 2161 392 2263 chiproesuli
406 2167 588 2255 successit,
606 2181 642 2237 et
655 2189 785 2237 novem
805 2164 907 2236 annis
923 2163 1161 2237 Doroherniae
1175 2190 1257 2239 me-

183 2284 321 2382 tropoli
338 2286 497 2383 praesuit.
611 2339 614 2344 .

233 2397 344 2473 Anno
360 2401 469 2474 tertio
491 2400 674 2474 Guillelmi
699 2400 782 2472 Ruli
797 2403 891 2501 regis
915 2402 1137 2500 Anglorum,
1156 2404 1257 2473 Lan-

184 2514 342 2606 srancus,
357 2517 622 2590 Cantuariensis
635 2520 847 2618 metropolis
857 2521 1055 2618 episcopuS,
1069 2520 1257 2593 defunctus

184 2648 237 2706 est
263 2634 340 2731 (t),
359 2650 395 2707 et
420 2637 456 2707 in
479 2633 623 2708 basilica
646 2637 785 2708 Sanctae
814 2637 1020 2725 Trinitatis,
1047 2662 1155 2735 qnam
1184 2639 1257 2735 ipse

183 2749 341 2824 mirifico
355 2776 465 2850 opere
482 2770 749 2840 construxerat,
771 2771 853 2825 ante
871 2753 1082 2826 crucifixum
1099 2755 1257 2854 sepultus

184 2880 249 2939 est.
269 2867 454 2941 Beccensis
470 2887 590 2942 autem
608 2870 798 2942 Anselmus
822 2897 927 2969 supra
956 2872 1127 2970 scriptam
1154 2898 1257 2946 com-

184 2983 353 3078 patriotae
375 2984 429 3057 sui
453 2986 668 3058 memoriam
703 2985 849 3058 heroico
887 2989 1046 3059 carmine
1080 2989 1256 3060 volumini

183 3097 466 3196 lacrymabiliter
480 3099 629 3191 indidit,
646 3102 782 3202 Deique
798 3118 888 3174 nutu
903 3118 985 3201 post
1003 3104 1203 3178 triennium
1218 3106 1255 3178 in

185 3213 393 3288 cathedram
404 3217 657 3308 Doroberniae,
674 3220 904 3293 ecclesiastica
920 3221 1095 3295 electione
1107 3249 1258 3322 promo-

185 3346 261 3424 tus,
290 3332 449 3406 ascendit
474 3337 542 3434 (2)
568 3335 706 3408 Deinde
724 3338 814 3409 infra
832 3336 955 3410 decem
972 3366 1102 3426 annos,
1126 3338 1257 3440 quihus

183 3449 416 3547 postmodum
428 3452 594 3551 regnavit
606 3453 818 3526 Guillelmus
832 3456 956 3542 Rufus,
969 3456 1138 3545 Thomas,
1155 3456 1256 3529 Eho-

183 3567 341 3639 racensis
353 3569 588 3665 metropolita
600 3571 669 3668 (5),
687 3571 938 3670 coepiscopum
948 3598 1050 3643 suum
1063 3588 1181 3646 morte
1199 3597 1256 3645 se-

219 3910 260 3983 (ι)
272 3909 310 3967 1ae
323 3912 356 3968 28
369 3915 424 3967 mai
441 3913 516 3987 1089.

220 3998 262 4070 (a)
278 3999 398 4056 Nomine
419 4020 469 4074 par
490 4001 683 4068 acclamamus,
707 4006 769 4075 pres
791 4002 829 4056 du
851 4004 883 4057 lit
904 4003 938 4058 dc
956 4005 1256 4063 Guillaume·le·Roux

190 4086 308 4159 aalide,
321 4089 347 4146 le
360 4090 379 4145 6
391 4110 464 4146 mars
480 4089 560 4165 1093,
577 4097 652 4147 sacre
666 4092 690 4146 le
703 4096 720 4159 4
734 4092 881 4148 decembre
895 4095 1012 4150 suivant.

224 4174 264 4253 β)
275 4179 413 4248 Thomas,
429 4181 551 4254 premier
568 4182 607 4237 du
622 4202 702 4252 nom,
719 4185 890 4258 archechuc
909 4185 1012 4241 ‹l'Yorlt
1028 4190 1037 4256 (
1045 4188 1088 4242 e'lu
1107 4188 1132 4242 le
1151 4192 1184 4254 al
1203 4192 1257 4244 mai
