2872 4920
294 425 355 484 11111
574 422 758 483 1111111111
779 422 1085 484 fiscannensi.
1153 427 1359 505 [1111111111]

295 554 518 627 interiorem.
550 554 665 652 Super
693 555 791 627 illam
822 580 908 628 vero
940 555 1094 659 vicissim
1122 553 1359 629 ascendebant

293 670 480 766 christiani
500 671 649 761 milites,
671 687 708 744 et
729 672 892 744 cominus
911 669 1175 769 praeliabantur
1193 671 1233 744 iu
1257 697 1359 745 mum

293 814 377 861 cum
389 789 607 876 sarracenis,
623 805 659 861 et
674 814 734 863 eos
745 787 995 888 percutiebant
1007 787 1152 861 ensibus
1162 802 1201 862 et
1217 788 1358 862 lanceis.

293 908 334 978 ln
350 906 409 979 illa
424 907 676 1006 congressione
688 908 794 979 multi
808 931 853 979 ex
865 923 1021 1006 utroque
1033 907 1173 1006 populo
1186 909 1360 1006 perempti

293 1039 389 1095 sunt.
421 1023 544 1096 Plures
575 1039 696 1096 tamen
726 1049 769 1095 ex
798 1022 965 1122 gentibus
994 1021 1196 1122 perierunt.
1231 1022 1361 1097 Audito

294 1139 501 1213 retrahendi
528 1141 639 1230 lituo,
668 1138 861 1213 Christiani
888 1139 934 1212 ab
962 1141 1099 1239 impetu
1127 1139 1194 1213 illo
1222 1139 1362 1212 tandem

294 1256 527 1347 destiterunt,
554 1274 590 1330 et
612 1255 656 1329 ad
679 1272 792 1330 castra
819 1272 1039 1330 remearunt.
1059 1257 1237 1331 Victualis
1255 1281 1359 1345 vero,

296 1401 378 1474 quae
395 1400 515 1448 secum
535 1364 758 1463 detulerant,
785 1374 932 1446 interim
955 1371 1173 1446 defecerunt.
1199 1372 1275 1446 Nec
1291 1375 1361 1472 jam

297 1493 549 1567 inveniebatur
573 1493 676 1592 panis
706 1490 750 1564 ad
779 1489 989 1580 emendum,
1021 1515 1088 1563 neo
1116 1491 1170 1563 ire
1201 1506 1362 1588 poterant

295 1611 563 1682 frumentatum.
583 1609 696 1708 Regio
714 1607 775 1679 illa
793 1607 997 1679 nullatenus
1013 1622 1066 1678 est
1081 1607 1242 1706 irrigua,
1259 1606 1361 1678 immo

298 1723 434 1796 torrida
451 1741 488 1798 et
500 1722 734 1823 perhorrida,
752 1721 904 1823 ideoque
915 1722 1086 1823 jumentis
1101 1738 1139 1795 et
1154 1720 1361 1795 animalibus

297 1843 416 1913 minus
430 1857 653 1939 opportuna,
673 1854 799 1938 utpote
813 1834 951 1938 pas'cuis
964 1840 1137 1937 inopima.
1154 1839 1271 1911 Terra
1282 1861 1361 1937 qno

297 1984 369 2061 que
385 1960 445 2032 illa
458 1984 533 2032 non
547 1974 600 2031 est
613 1982 822 2047 nemorosa,
838 1957 1024 2032 etidcirco
1037 1955 1357 2030 minusfructilem.

298 2078 459 2151 Palmam
488 2093 629 2150 tantum
655 2075 742 2165 alit,
768 2090 805 2149 et
834 2075 966 2149 olivam
977 2104 993 2165 ς.
1015 2074 1156 2173 patitur
1184 2089 1304 2147 autem
1328 2088 1360 2145 et

299 2194 454 2267 vineam.
473 2191 643 2287 iordanis
655 2191 701 2265 ab
713 2191 912 2265 Jerusalem
924 2188 1043 2262 stadiis
1058 2190 1135 2263 lere
1150 2215 1239 2278 xxx,
1254 2205 1293 2263 ut
1304 2214 1359 2288 pu·

300 2325 396 2397 tant,
422 2310 634 2407 sejungitur.
675 2312 786 2383 Lacus
820 2307 928 2381 habet
952 2333 1013 2381 sex
1036 2322 1214 2381 remotos.
1241 2305 1359 2377 Civitas

302 2423 409 2498 habet
429 2452 506 2497 suas
527 2426 718 2516 cisternas,
741 2424 837 2499 unde
857 2426 979 2498 alitur.
1003 2423 1058 2497 Ad
1081 2423 1217 2496 radices
1239 2421 1359 2496 montis

301 2542 389 2616 Sion
406 2543 502 2616 Siloe
518 2544 598 2615 lons
616 2557 686 2634 est;
709 2541 769 2616 sed
788 2544 847 2615 vix
867 2568 997 2642 paucos
1014 2557 1159 2639 poterat
1174 2555 1360 2613 sustentare

301 2660 479 2734 homines.
501 2658 656 2732 Juvabat
672 2675 813 2752 tamen,
839 2676 876 2733 et
895 2658 1033 2732 modica
1053 2659 1196 2759 magnis
1214 2657 1360 2758 expensis

302 2805 393 2878 aqua
404 2776 694 2878 comparabatur.
711 2778 835 2878 Equos
851 2793 979 2876 potum
992 2774 1189 2866 ducebant,
1206 2802 1278 2850 non
1295 2775 1360 2846 sine

302 2920 437 2993 pavore
454 2895 586 2984 nimio,
606 2920 672 2993 per
688 2920 749 2967 sex
764 2894 947 2967 milliaria.

351 3012 502 3084 luterim
519 3014 725 3086 nuntiatum
751 3028 804 3085 est
826 3013 1005 3086 incastris
1028 3037 1134 3084 naves
1151 3008 1363 3083 Christiano·

302 3154 386 3201 rum
397 3129 579 3200 onerarias
594 3129 629 3199 in
645 3145 754 3227 portu
767 3127 873 3226 Japhi
882 3183 893 3219 ,
909 3155 1016 3228 quam
1030 3128 1183 3227 orniquo
1199 3125 1363 3201 vocabulo

304 3248 420 3344 Joppe
442 3247 495 3344 (1)
520 3245 653 3318 dictam
678 3263 861 3346 putamus,
889 3246 1114 3344 applicuisse.
1141 3245 1249 3339 Quod
1273 3241 1364 3317 valde

303 3362 472 3437 omnibus
484 3365 700 3462 complacuit
713 3363 962 3453 castrensibus.
979 3363 1168 3436 Consiliati
1181 3379 1267 3435 sunt
1279 3362 1366 3460 pria·

304 3482 419 3580 cipes,
446 3481 629 3582 quomodo
654 3498 839 3577 euntes,et
862 3481 1050 3555 redeuntes
1074 3498 1170 3555 tutos
1197 3481 1361 3565 lacerent,

304 3603 367 3697 qui
386 3625 405 3671 e
430 3598 581 3673 navibus
601 3602 794 3673 necessaria
812 3598 1044 3673 deveherent.
1063 3600 1183 3698 Joppe
1200 3597 1365 3700 siquidem

305 3745 324 3788 a
349 3719 499 3793 Ramnla
517 3722 617 3821 quasi
638 3737 721 3797 octo
741 3719 848 3794 distat
864 3721 1054 3794 milliariis.
1080 3721 1201 3794 Porro
1228 3718 1366 3793 Ascalo·

306 3834 391 3906 uitae
410 3838 465 3910 vel
486 3837 682 3938 indigenae,
702 3840 763 3939 qui
782 3839 1005 3939 vagabantur
1022 3840 1058 3911 in
1076 3839 1299 3924 montaneis,
1316 3833 1363 3906 111

306 3953 343 4024 in
361 3953 483 4024 excisis
499 3973 770 4055 praeruptorum
784 3958 976 4044 cuniculis,
994 3957 1148 4029 viatores
1160 3954 1365 4056 aliquotiens

307 4069 567 4143 incursitabant
584 4090 620 4144 et
634 4072 912 4148 obtruncabant.
934 4073 1053 4147 Motus
1072 4074 1157 4161 iste,
1176 4073 1239 4147 111
1252 4092 1365 4144 rumor

1172 4238 1361 4259 Μ

343 4332 381 4404 (1)
395 4332 499 4406 Joppe,
513 4330 692 4403 aujourdhui
705 4333 782 4389 Jalla.
