2888 4934
412 403 470 460 192
685 395 867 456 HISTORIA
892 395 1194 457 ecetesnstlcr.

411 528 670 601 Normanniam
697 526 823 600 deduci
848 528 950 616 lecit,
978 543 1015 599 et
1045 527 1082 599 in
1108 552 1190 601 arce
1219 527 1441 627 Rotumugen

412 645 664 732 incarceravit,
692 642 813 743 ibique
831 644 1010 716 intrusum
1036 659 1192 742 quatuor
1213 643 1318 716 annis
1342 643 1420 740 (1),

409 779 462 835 est
480 760 647 862 usquead
665 760 774 834 finem
788 762 870 833 vitae
889 788 960 832 suae
971 760 1162 860 diligenter
1179 759 1385 834 custodivit.

411 881 485 978 pito
511 904 596 952 vero
622 877 877 980 inquietudinis
901 877 1054 978 dejecto,
1082 879 1237 950 militum
1252 878 1369 951 motio
1386 902 1444 950 oo=

411 996 565 1095 quievit,
580 994 739 1095 inibique
753 995 846 1093 regis
863 992 1088 1093 providentia
1101 1019 1254 1093 regnum
1266 1019 1372 1096 suum
1384 993 1421 1066 iu

411 1127 447 1184 et
463 1127 563 1184 extra
577 1112 721 1184 sortiter
734 1112 900 1183 munivit.

459 1228 552 1300 Ecce
576 1228 613 1300 in
642 1227 709 1301 hoc
732 1227 879 1300 homine
906 1228 1023 1326 palam
1052 1229 1271 1327 completum
1293 1226 1438 1300 videmu

411 1342 509 1445 quod
527 1346 563 1417 in
591 1343 685 1418 libro
710 1344 1013 1444 mythologiarum
1030 1344 1118 1418 dicit
1141 1346 1381 1445 Fulgentius:
1405 1343 1441 1443 Q

406 1461 495 1563 plus
520 1464 650 1562 quaerit
677 1489 786 1562 quam
816 1464 919 1552 licet,
948 1465 1067 1535 nu'nus
1098 1464 1166 1534 erit
1187 1461 1297 1562 quain
1331 1462 1426 1559 est(

411 1576 624 1652 Praesulatus
638 1577 838 1676 Bajocensis
846 1631 856 1666 ,
874 1593 911 1650 et
924 1583 1112 1650 comitatus
1125 1578 1261 1650 Cantiae
1273 1576 1413 1676 ingent'
1427 1610 1432 1637 ι

413 1695 504 1795 gazis
529 1691 732 1783 abundans,
760 1710 797 1765 et
821 1718 886 1791 per
910 1710 1021 1767 totam
1045 1693 1212 1793 Angliam
1242 1709 1349 1794 atque
1379 1691 1439 1765 No

413 1812 595 1883 manniam
621 1811 717 1909 regia
736 1827 889 1908 potestas
916 1838 998 1884 cum
1026 1809 1393 1909 propria-communis
1418 1835 1442 1883 u

375 1967 384 1995 ι
415 1929 546 2001 clerico
571 1954 645 2001 non
662 1927 872 2017 sufficiebat,
896 1929 957 2028 qui
975 1929 1142 2001 universo
1160 1925 1296 2001 mundo
1317 1927 1444 2027 prael·=

414 2044 612 2146 satagebat;
628 2071 736 2146 quem
751 2045 793 2118 ad
809 2045 877 2119 hoc
890 2072 964 2119 non
980 2045 1129 2145 cogebat
1141 2045 1260 2117 divina
1271 2045 1443 2143 assumpti

415 2189 481 2237 nec
507 2165 677 2236 canonica
701 2164 850 2252 electio,
876 2163 935 2236 sed
957 2160 1159 2236 insanabilis
1183 2159 1388 2260 cupiditatis
1411 2189 1439 2232 ι·

415 2278 597 2353 moderata
619 2281 867 2378 praesumptio.
887 2280 988 2378 Ergo
1011 2277 1108 2378 quod
1132 2276 1286 2351 habebat
1303 2275 1444 2377 perdid

415 2411 453 2467 et
467 2396 621 2467 inclusus
635 2397 790 2494 gemuit,
807 2397 1082 2495 exemplumque
1096 2395 1262 2492 posteris,
1280 2418 1326 2466 ne
1337 2391 1440 2467 bono

414 2510 479 2584 bus
497 2510 655 2602 inhient,
675 2511 882 2612 dereliquit.
1255 2590 1261 2599 ξ

463 2629 530 2701 ΙΧ.
545 2630 692 2729 [1085]
708 2632 770 2701 His
784 2628 1021 2727 temporibus,
1036 2630 1231 2703 indictione
1243 2642 1324 2719 vn',
1339 2628 1441 2719 Matb

414 2744 485 2834 dis,
506 2747 629 2843 regina
646 2744 871 2845 Anglorum,
892 2747 1101 2844 aegrotavit,
1122 2745 1260 2818 diutina
1276 2742 1412 2817 inlirmi
1437 2780 1441 2805 ε

415 2864 538 2954 anxia,
562 2880 679 2936 reatus
695 2889 775 2935 suos
792 2865 962 2961 cognovit
981 2880 1017 2935 et
1033 2862 1167 2936 obnixe
1182 2861 1345 2951 dellevit,
1363 2886 1443 2935 om·

415 2975 552 3077 busque
570 2981 638 3052 rite
651 2982 817 3077 peractis,
831 3007 912 3078 quae
926 3006 1004 3054 mos
1017 2981 1230 3054 christianus
1244 2980 1368 3079 exigit,
1389 2980 1440 3052 sal

451 3266 578 3337 (rlNous
592 3285 627 3321 ne
641 3285 765 3340 pouvons
783 3267 893 3334 douter,
910 3268 1017 3341 d'apres
1038 3268 1063 3324 le
1077 3270 1252 3343 te'moignage
1270 3267 1319 3323 des
1337 3266 1440 3322 anuali

415 3357 529 3431 anglais,
539 3355 787 3429 quel'arrestation
797 3357 911 3414 d’Odon
924 3359 991 3413 n’ait
1003 3378 1038 3415 eu
1051 3360 1107 3415 lieu
1120 3359 1188 3413 dans
1201 3358 1350 3412 l‘automne
1359 3355 1397 3411 de
1408 3377 1434 3413 r·

416 3448 470 3502 Par
485 3448 656 3521 consequent
671 3465 699 3499 sa
716 3448 845 3520 captivite
863 3446 923 3502 doit
936 3449 1011 3502 avoir
1025 3448 1096 3502 dure
1107 3448 1172 3520 cinq
1184 3466 1233 3501 aus
1247 3464 1283 3501 ou
1295 3447 1361 3519 pres
1373 3444 1410 3502 de

416 3555 474 3593 ans.
486 3539 602 3593 Comme
614 3538 753 3611 Gregoire
767 3539 823 3591 Vll
838 3557 871 3592 ne
882 3550 996 3592 mourut
1007 3557 1061 3613 que
1073 3538 1138 3604 leel
1149 3537 1202 3591 mai
1217 3533 1301 3602 1085,
1316 3552 1353 3590 on
1367 3535 1426 3591 voit
1438 3563 1443 3581 ·

417 3627 587 3682 l'ambitieux
598 3627 686 3700 pre'lat
695 3628 767 3681 avait
774 3625 858 3681 roulu
868 3630 1000 3700 pre'parer
1011 3627 1167 3700 longtemps
1177 3626 1304 3681 d'avanoe
1312 3641 1354 3680 ses
1363 3643 1392 3679 m
1399 3649 1434 3672 ⁴w·

416 3734 488 3790 pour
501 3717 540 3770 lui
553 3716 693 3771 succeder.

451 3807 490 3877 (a)
502 3805 650 3862 Planciade
666 3807 818 3880 Fulgencc,
834 3808 919 3881 qu’on
933 3808 1004 3862 croit
1016 3807 1093 3861 avoir
1105 3809 1209 3878 occupe
1221 3805 1246 3860 lc
1259 3805 1334 3878 siege
1345 3805 1442 3877 episoo

417 3895 451 3948 de
469 3896 607 3968 Carthago
627 3914 661 3950 au
680 3912 719 3950 vr
734 3899 829 3966 siecle,
844 3917 859 3951 a
879 3902 923 3954 ete'
936 3897 1076 3953 confondo
1092 3917 1140 3970 par
1153 3896 1287 3970 quelques
1301 3905 1411 3949 savants
1422 3914 1440 3950 a

416 3984 488 4038 saint
500 3983 654 4056 Fulgence‚
666 3986 769 4058 estque
783 3987 818 4042 de
834 3988 936 4061 Ruspe.
955 3988 1010 4042 Son
1027 4004 1146 4059 ouvrage
1165 4004 1200 4040 en
1216 3984 1286 4039 trois
1298 3983 1380 4038 livres
1394 4000 1426 4037 sn

416 4073 604 4146 Mytlrologie,
627 4073 735 4129 adresse
754 4080 769 4129 t
788 4095 826 4131 un
848 4079 942 4149 pretrc
962 4079 1073 4131 nonime
1095 4078 1194 4140 Catus,
1214 4092 1229 4126 a
1249 4075 1293 4127 ete
1316 4072 1444 4144 imprim

415 4162 584 4236 Angsbonrg
594 4181 628 4215 en
647 4163 728 4235 1507,
742 4163 831 4218 alldle
843 4183 877 4219 en
894 4164 975 4230 1543,
990 4176 1017 4218 et
1030 4169 1044 4219 a
1056 4166 1166 4220 Geneve
1178 4181 1212 4217 en
1230 4159 1304 4235 1599.
