2888 4934
500 442 615 503 trouu
635 406 820 503 suxrus.'
1142 451 1179 509 13

113 573 277 672 Hugonis
293 568 337 642 de
358 570 671 646 Grentemaisnilio
684 574 903 647 vicecomitis
919 575 1159 674 Legrecestrae
1167 634 1178 668 ,

112 687 596 764 cumGuidoneMedantensi
608 690 842 790 (1),ejusdem
854 694 1181 796 armiger03Drogo

112 809 243 895 etiam,
265 805 360 878 lilius
382 805 559 879 Goislredi
577 805 621 880 dc
641 807 930 882 Novo-Mercato
948 811 1020 908 (a),
1040 827 1077 883 et
1103 810 1182 885 0d0

113 925 326 1023 Capelianus
342 924 501 1010 comitis,
523 921 615 996 filius
629 924 773 999 Ernulfi
792 926 967 999 Dolensis.
988 928 1048 998 Isti
1067 928 1181 1001 nimi-

114 1070 212 1129 rum,
234 1040 405 1115 instinctu
418 1040 567 1142 Ernaldi
584 1043 705 1142 (cujus
718 1059 882 1141 parentes
892 1043 1098 1119 Uticensem
1112 1044 1181 1117 ab·

114 1161 249 1232 batiam
261 1162 572 1258 construxerant),
590 1161 735 1233 Uticum
746 1159 934 1252 adierunt,
952 1178 988 1234 et
1004 1189 1023 1233 a
1037 1162 1181 1236 Maino-

115 1281 172 1351 rio
190 1275 319 1350 abbate
336 1293 519 1377 gratanter
537 1279 572 1350 in
593 1280 809 1352 monasterio
827 1280 978 1376 suscepti
997 1297 1092 1352 sunt.
1111 1280 1180 1374 Qui

115 1397 227 1495 longo
246 1411 407 1493 tempore
426 1395 640 1493 regulariter
661 1394 792 1468 ibidem
810 1397 1008 1470 conversati
1026 1412 1126 1486 sunt,
1145 1413 1182 1470 et

116 1513 364 1585 ecclesiasticas
374 1537 429 1583 res
444 1511 614 1584 industria
627 1529 661 1584 et
671 1511 910 1586 sollicitudine
920 1540 980 1585 sua
992 1513 1180 1587 commode

117 1645 306 1701 auxerunt.

165 1745 342 1819 Geroldus
354 1763 473 1818 autem
481 1802 491 1836 ‚
509 1748 571 1847 qui
585 1749 675 1821 sicut
688 1748 801 1848 gallus
813 1748 1033 1822 dormientes
1046 1750 1081 1822 in
1097 1776 1180 1848 pro-

115 1861 223 1936 funda
235 1879 340 1937 nocte
349 1863 528 1938 cantando
537 1865 680 1953 excitat,
693 1867 742 1938 sic
753 1866 790 1937 in
801 1865 1017 1938 obscuritate
1026 1865 1180 1939 Lethaea

116 1978 310 2052 oblivionis
324 1995 360 2051 et
374 1980 615 2079 profunditate
630 1980 822 2053 mundialis
836 1980 1013 2054 illecebrae
1029 1982 1179 2071 illectos,

119 2094 269 2169 verbum
285 2096 348 2170 Dei
366 2096 537 2186 serendo,
557 2097 766 2171 adnieliora
785 2099 980 2186 extulerat,
1004 2123 1076 2172 sese
1099 2116 1182 2173 tan-

116 2210 200 2284 dem
208 2211 365 2310 propriis
377 2213 503 2311 pennis
516 2215 732 2311 percutiens,
746 2242 765 2286 a
778 2231 925 2312 torpore
939 2215 1108 2286 vivaciter
1122 2240 1182 2287 ex·

118 2330 244 2416 cussit,
263 2328 526 2429 discipulosque
542 2355 623 2402 suos
642 2329 707 2427 (de
724 2330 853 2429 quibus
877 2328 1090 2429 praedictum
1106 2333 1180 2429 est)

118 2470 283 2545 sequens,
299 2445 444 2518 Uticum
468 2444 566 2518 adire
584 2448 723 2546 sategit.
740 2447 876 2521 Verum
890 2449 1033 2522 volente
1049 2449 1125 2522 Deo
1143 2450 1181 2520 in

118 2563 249 2660 Anglia
271 2588 455 2635 remanere
477 2580 618 2636 coactus
642 2560 708 2636 esi.
727 2564 821 2638 Nam
840 2563 902 2637 ubi
927 2566 1104 2639 Guentam
1126 2566 1180 2664 (ὅ)

118 2682 284 2779 pervenit
292 2734 303 2769 ,
327 2681 485 2781 graviter
511 2697 689 2780 aegrotare
712 2683 856 2780 coepit,
871 2699 1039 2782 metuque
1054 2682 1182 2756 mortis

120 2798 155 2871 iu
170 2798 283 2871 veteri
295 2799 515 2872 monasterio
526 2797 645 2871 Sancti
657 2799 754 2872 Petri
764 2800 821 2896 (4)
831 2798 1034 2872 monachile
1041 2798 1181 2872 schema

117 2913 245 2988 devote
261 2916 416 3014 suscepit
422 2945 433 3004 ;
451 2913 585 3014 diuque
606 2913 673 2986 sub
691 2913 928 2988 Gualcbelino
948 2916 1120 3014 praesule,
1145 2933 1182 2988 et

119 3029 314 3105 Godesrido
331 3032 546 3130 peritissimo
563 3059 603 3106 ac
616 3020 783 3132 religioso
800 3034 922 3132 priore
940 3035 991 3132 (5)
1009 3035 1181 3134 regulari-

120 3162 174 3219 ter
198 3148 301 3219 vixit.
325 3146 413 3220 lude
438 3163 519 3246 post
541 3146 686 3249 aliquod
714 3165 852 3248 tempus
873 3148 916 3221 ad
937 3149 1097 3248 regimen
1117 3175 1182 3222 ec-

1101 3367 1179 3377 -a

154 3503 264 3574 (1)Gul
277 3502 312 3558 de
325 3504 427 3557 Mante.

155 3592 195 3664 (a)
214 3592 268 3647 Sur
286 3590 411 3646 Geoffioi
430 3590 469 3645 du
488 3591 706 3656 Neai-Marche,
726 3610 807 3663 voyez
820 3592 956 3647 ci-dessus
976 3603 996 3646 t.
1015 3592 1057 3659 11,
1081 3612 1107 3665 p.
1134 3610 1182 3646 rra

120 3693 149 3737 et
160 3680 223 3755 396.
233 3714 264 3721 -
275 3680 375 3735 Ernull
385 3679 419 3734 de
432 3680 484 3735 Dol
496 3699 532 3736 eu
544 3682 689 3755 bretagne.

154 3770 194 3844 (3)
208 3772 397 3826 Winclreater.

154 3865 194 3934 (ά)
207 3865 244 3919 La
257 3861 414 3918 cathedrale
426 3861 460 3916 ‹le
470 3862 662 3916 Wiuchester.

153 3954 195 4024 (5)
212 3950 349 4008 Godelroi
362 3951 397 4006 de
414 3951 542 4007 Cambrai
551 3991 559 4014 ‚
569 3948 683 4004 d’abord
696 3949 793 4022 simple
804 3951 896 4006 moine
909 3955 924 4005 a
937 3950 1125 4018 Wiuchester,
1140 3951 1184 4006 sut

121 4043 195 4098 e'leve
213 4060 266 4096 aux
283 4041 421 4095 fonctions
437 4040 472 4095 de
484 4042 581 4114 prieur
593 4057 626 4094 en
645 4038 724 4107 1082,
742 4039 853 4114 lorsque
864 4058 914 4096 son
933 4038 1126 4113 predecesseur
1138 4041 1181 4096 Si-

121 4135 217 4198 meon,
232 4132 305 4187 frere
318 4129 353 4185 de
366 4130 489 4204 l'c'vdque
503 4128 677 4204 Vauquelin,
692 4128 735 4183 lut
751 4132 863 4184 nomme
878 4129 948 4185 abbe'
961 4116 1049 4200 d’Ety.
1063 4128 1087 4183 ΙΙ
1101 4146 1181 4183 mou-

122 4233 170 4278 rut
177 4241 213 4279 eu
224 4221 314 4279 odeur
326 4222 361 4277 de
375 4222 504 4290 wintere,
517 4219 542 4276 le
558 4237 592 4294 27
605 4220 751 4276 decembre
768 4237 843 4294 ¹¹⁰7·
