2872 4920
180 389 285 465 [ciaca
305 391 395 468 1030]
579 390 695 449 tlltutt
715 389 873 450 stx'l't‘s.
1200 402 1256 457 100

178 520 292 592 luter
307 544 416 592 saevas
434 516 787 618 tempestatesbonus
803 544 909 592 senex
925 518 1109 594 Ascelinus
1125 549 1256 596 mona-

178 635 336 710 chatum
364 635 542 736 usquead
567 636 785 735 decrepitam
809 654 951 710 aetatem
974 641 1146 723 servavit,
1173 667 1254 714 mo·

184 755 359 855 riensque
376 752 544 827 Ascelino
562 754 713 842 clerico,
737 756 860 853 nepoti
883 780 965 842 suo,
991 757 1138 829 tutelam
1159 757 1253 832 Utici

184 872 385 945 commisit.
404 872 472 964 Qui
486 873 637 971 juvenili
657 873 800 945 levitate
818 874 975 961 fervens,
992 874 1192 949 silvestrem
1206 879 1256 947 vi-

188 1008 275 1078 tam,
292 1007 331 1062 et
341 989 488 1062 urbanis
499 1016 519 1062 a
530 990 662 1062 facetiis
675 1006 872 1088 separatam
886 989 970 1064 odio
983 989 1114 1065 habere
1127 995 1253 1092 coepit,

188 1106 418 1208 discendique
439 1134 539 1181 causa
559 1107 709 1180 Galliam
734 1109 900 1206 expetiit,
926 1111 1141 1210 inventaque
1159 1109 1256 1183 deli-

189 1227 326 1298 ciarum
342 1226 443 1325 copia
457 1226 681 1298 laterannis
697 1224 744 1296 ibi
760 1224 933 1297 habitavit
940 1241 1003 1314 ,et
1020 1254 1084 1324 per
1097 1226 1256 1300 diversos

188 1341 319 1439 padus
335 1367 446 1442 usque
462 1341 506 1414 ad
523 1340 759 1416 sacerdotium
776 1342 945 1415 ascendit.
966 1343 1176 1416 Carnalibus
1194 1346 1256 1416 ita·

188 1484 255 1557 que
263 1457 539 1532 oblectamentis
550 1459 720 1539 irretitus,
732 1461 768 1531 in
777 1459 940 1546 Francia,
956 1461 1099 1534 instanti
1110 1487 1256 1561 prospe·

189 1578 293 1649 ritate
317 1593 482 1676 turgens,
506 1602 572 1676 per
593 1601 702 1650 omne
726 1593 864 1674 tempus
885 1577 969 1649 vitae
987 1603 1058 1651 suae
1080 1580 1255 1676 usquead

187 1708 366 1765 senectam
387 1691 521 1764 oblitus
542 1709 595 1764 est
614 1693 735 1765 omnia
758 1717 840 1792 quae
860 1691 926 1763 sibi
943 1708 1181 1766 antecessores
1200 1695 1252 1767 sui

185 1809 395 1884 dimiserant
412 1812 449 1883 in
467 1810 703 1883 Nor‘maunia.

230 1929 388 2014 lnterea,
402 1927 620 1999 obeuntibus
630 1928 685 1999 vel
699 1927 913 2000 abeuntibus
927 1927 1065 2014 incolis,
1079 1928 1203 2000 Uticus
1217 1930 1253 2000 in

185 2043 416 2117 solitudinem
438 2044 563 2133 rediit,
586 2062 621 2119 et
642 2045 790 2117 remotis
810 2042 1016 2117 hominibus
1035 2047 1070 2117 in
1089 2046 1255 2117 oratoriis

186 2179 218 2233 et
238 2160 409 2236 domibus
432 2164 556 2263 ingens
579 2164 665 2236 silva
691 2165 824 2253 crevit,
848 2180 885 2236 et
905 2161 1078 2235 habitatio
1097 2164 1252 2235 serarum

186 2281 302 2354 multo
330 2296 492 2378 tempore
518 2280 653 2354 ibidem
676 2282 808 2354 extitit.
842 2283 882 2376 ln
912 2281 1096 2380 provincia
1125 2281 1250 2353 Belva-

187 2399 278 2469 censi
302 2399 378 2494 (t),
397 2397 568 2472 Restoldo
592 2397 732 2471 cuidam
754 2398 969 2500 presbytero
992 2422 1057 2497 per
1080 2398 1254 2470 visionem

187 2529 271 2586 tunc
283 2511 421 2586 dictum
441 2530 493 2586 est
509 2515 574 2587 :In
589 2515 862 2588 Normannr'am
873 2514 928 2587 ad
940 2531 1108 2587 sunctum
1121 2515 1159 2585 E
1160 2513 1254 2585 brul-

175 2628 258 2727 sura
273 2631 385 2720 vade,
399 2631 518 2731 ibique
525 2630 722 2733 perstiteris
733 2633 874 2704 dierum
889 2606 1121 2731 longitudinis
1132 2629 1255 2727 etsili-

186 2750 333 2820 eavitae
335 2749 581 2850 jocunditate.
593 2750 755 2849 Hicergo
764 2751 883 2823 natale
892 2750 1010 2823 solum
1019 2772 1177 2846 egressus
1186 2762 1252 2834 est,

186 2864 434 2938 etNeustriam
443 2882 655 2967 pervagatus
664 2883 729 2952 est,
744 2883 780 2939 et
792 2864 1049 2938 habitationem
1062 2865 1099 2934 S.
1111 2862 1253 2934 Ebrulli

186 2981 367 3078 quaesivit,
386 2981 447 3054 sed
465 3007 531 3080 per
546 2981 680 3055 multos
698 2981 772 3055 dies
788 3006 973 3083 quaerens,
991 2980 1181 3053 neminem.
1192 2978 1253 3077 qui

187 3095 249 3168 sibi
280 3096 545 3172 demonstraret
574 3101 724 3173 invenit.
758 3101 921 3200 Deraique
950 3098 1044 3198 apud
1074 3096 1255 3169 llloutlor·

188 3228 258 3286 tem
273 3215 330 3311 (a)
344 3215 457 3287 sancti
474 3214 618 3289 Ebrulli
636 3232 795 3290 veterem
808 3215 990 3288 basilicam
1008 3214 1163 3312 reperit,
1186 3210 1255 3284 ibi-

188 3352 253 3425 que
268 3329 387 3403 multo
403 3344 567 3428 tempore
588 3326 783 3415 habitavit,
805 3330 953 3403 credens
970 3328 1068 3430 quod
1088 3328 1191 3399 illum
1205 3326 1256 3397 lo·
1376 3383 1379 3390 ,

189 3467 266 3515 sum
276 3443 344 3514 sibi
356 3444 503 3517 coeleste
514 3445 703 3519 oraculum
715 3445 914 3546 seminique
928 3471 992 3517 suo
1005 3441 1252 3515 insinuaverit.

233 3560 273 3631 lu
296 3562 484 3632 territorio
502 3561 701 3660 Balgenzaii
726 3563 783 3657 (3)
809 3561 948 3633 cuidam
969 3558 1113 3659 pagensi
1135 3573 1255 3628 taurus

193 3678 333 3750 nomine
352 3677 436 3749 Fala
454 3695 551 3765 erat,
570 3680 631 3779 qui
649 3703 743 3777 saepe
760 3703 906 3776 gregem
926 3691 1174 3749 armentorum
1194 3697 1255 3745 re-

225 3992 260 4064 (ι)
277 3994 313 4046 be
324 3991 491 4047 beauvoisis.

225 4081 260 4150 la)
272 4069 481 4136 saint-barcult
494 4080 528 4135 de
543 4081 693 4143 Moutlovt.
710 4082 772 4153 pris
784 4081 870 4134 (laed.

226 4167 260 4242 a)
273 4172 445 4247 nequens-
