2888 4934
107 108 215 187 [1084]
468 106 584 167 LIBER
604 108 805 168 SEPTIMUS.
1112 114 1169 173 177

157 237 245 311 Post
272 237 449 310 alternam
477 235 628 311 heroum
658 236 957 327 collocutionem,
993 256 1074 338 post
1103 240 1171 313 de-

107 340 318 453 promptum
333 381 353 424 s
369 353 461 451 Papa
479 354 707 453 querelarum
723 355 954 442 relationem,
975 357 1084 431 iratus
1098 356 1171 430 dux

108 467 301 542 subintulit
318 467 558 569 hujuscemodi
574 472 891 544 comminationem
913 502 921 542 :
938 474 1098 546 Romani
1113 477 1172 545 ei-

110 612 167 658 res
176 588 334 687 pessimi
349 603 432 658 sunt
445 602 479 657 et
492 587 599 686 infidi
602 644 614 677 ,
632 589 783 687 Deoque
800 607 833 660 et
850 589 996 662 Sanctis
1014 594 1090 690 ejus
1103 617 1174 692 pro

111 702 436 775 innumerabilibus
452 702 631 803 benefieiis
653 705 726 775 sibi
745 706 889 778 collatis
914 723 998 779 sunt
1019 723 1055 779 et
1071 722 1176 779 erunt

111 846 254 918 semper
269 822 418 918 ingrati.
443 822 577 909 Roma,
602 849 685 918 quse¹
711 823 841 893 mundi
860 841 972 920 caput
991 840 1025 893 et
1039 849 1177 922 peeca-

111 951 229 1010 torum
252 937 433 1010 medicina
450 941 536 1012 olim
558 940 661 1011 dieta
679 956 749 1027 est,
768 965 867 1010 neena
888 939 1067 1012 habitatio
1083 941 1175 1012 dra-

113 1078 243 1126 conum
260 1069 294 1125 et
307 1058 416 1126 totius
434 1056 605 1152 nequitia
612 1052 854 1153 foveafaeta
878 1072 946 1128 est.
971 1058 1085 1131 Hane
1100 1059 1177 1151 igi-

115 1183 171 1242 tur
185 1169 400 1272 speluncam
418 1170 713 1270 latronumferro
729 1198 794 1243 sen
800 1171 963 1269 flamma
977 1172 1175 1262 destruam,

115 1285 281 1359 sordidos
294 1285 524 1385 nefariosque
541 1286 763 1367 habitatores
777 1290 857 1388 ejus
869 1292 1060 1387 perimam.
1083 1293 1177 1362 Per-

117 1411 325 1477 secutionem
352 1405 389 1474 in
423 1406 646 1504 episcopum,
676 1431 789 1500 quam
814 1407 842 1476 J
844 1407 947 1477 udaei
972 1424 1175 1505 coeperunt,

117 1518 277 1593 Romani
290 1525 528 1622 pertinaciter
535 1522 707 1622 perficere
725 1526 849 1593 eonati
864 1540 959 1594 sunt.
976 1523 1108 1596 Nonne
1127 1531 1178 1596 si-

113 1638 306 1711 custodat
313 1637 495 1711 Christum
505 1639 777 1737 erucifixerunt,
790 1644 842 1711 sia
850 1640 1011 1710 Romani
1015 1639 1177 1713 membra

109 1752 275 1831 Christi:
292 1753 439 1824 Petrum
459 1769 493 1824 et.
511 1754 690 1842 Paulum,
710 1754 1054 1845 martyn'zauerunt?
1076 1753 1179 1852 Quid

94 1866 235 1942 dicam
261 1869 309 1941 de
331 1870 422 1941 Lino
449 1885 483 1941 et
511 1870 631 1957 Cleto,
667 1871 848 1944 Clemente
878 1889 911 1941 et
937 1869 1174 1955 Aleaandro,

82 1986 228 2061 Sexto
256 2004 290 2059 et
315 1986 551 2086 Telesphoro,
581 1988 729 2063 Caliato
755 2004 790 2059 et
816 1987 980 2078 Urbano,
1009 1986 1177 2061 Cornelio

73 2118 143 2173 et
166 2102 368 2176 Fabiano?
398 2103 528 2175 Omnes
554 2103 591 2175 tu·
606 2105 810 2204 pontificali
827 2131 916 2176 cura
943 2102 1178 2207 mederiolan-

60 2220 303 2318 guentibus
314 2221 546 2311 studuerunt,
565 2240 599 2294 et
615 2250 640 2295 a
653 2226 812 2323 propriis
829 2222 980 2310 ciuibus,
999 2246 1087 2319 quos
1102 2221 1178 2292 sal·
1241 2204 1244 2211 ¹

58 2360 195 2410 vare
219 2338 439 2428 nitebantur,
472 2341 652 2438 injuriose
677 2341 855 2438 perempti
878 2353 976 2411 sunt.
1011 2338 1178 2436 Dareique

53 2455 204 2547 qaid
235 2454 389 2553 rq'eram
415 2455 463 2527 de
492 2455 732 2544 Sebastiano,
765 2481 868 2554 quem
894 2456 1108 2552 sagittatum
1138 2457 1176 2523 in

51 2566 241 2646 cloaca
255 2571 746 2672 suspenderuntgumso?(1)
768 2572 872 2669 Quid
888 2572 935 2642 de
957 2570 1173 2659 Laurentio,

50 2704 216 2773 quem
239 2692 336 2763 crati
335 2688 465 2789 ferreo
488 2692 756 2792 imposuerant,
777 2705 811 2760 et
830 2692 957 2790 prunis
981 2685 1176 2787 subpositis

53 2815 162 2866 αἱ
177 2806 310 2901 piscem
343 2804 584 2880 assaverunt?
614 2805 719 2903 Quid
742 2806 789 2876 de
816 2803 1037 2906 Hippolrto‚
1069 2829 1175 2902 quem

55 2910 305 3018 alligatum
334 2927 433 3022 equis
461 2921 644 2993 indomitis
675 2919 970 3019 discerpserunt?
999 2918 1105 3017 Quid
1129 2918 1177 2989 de

65 3056 1169 3091 χ--α--υ--ο--ιη-ο--ὺ--ι-ο-ο--ι--ῌ

65 3131 164 3203 fu!
177 3171 221 3225 par
237 3155 264 3210 ln
279 3166 361 3228 porte
379 3155 504 3210 Flumine
518 3154 588 3230 qu’il
605 3175 623 3226 y
637 3157 750 3228 penetra
764 3158 778 3207 ts
798 3153 823 3206 la
846 3152 930 3206 chute
943 3150 982 3204 du
998 3150 1073 3221 jour.
1088 3148 1111 3203 ll
1129 3151 1174 3222 n’y

69 3235 247 3324 '‘fssltque
259 3246 330 3300 trois
340 3245 420 3317 jours
430 3244 553 3318 pendant
567 3245 684 3319 lesquels
697 3244 721 3297 la
736 3243 799 3297 ville
811 3243 855 3296 sut
866 3243 949 3296 lirree
961 3259 996 3294 au
1010 3239 1122 3314 pillage,
1138 3258 1174 3294 uu

74 3322 172 3412 'le
182 3336 232 3387 ets
246 3332 406 3388 l‘incendie.
424 3334 502 3390 Pour
517 3350 632 3388 excuser
644 3332 684 3385 les
698 3329 870 3396 Normands,
887 3346 923 3383 on
939 3346 955 3382 a
973 3328 1026 3382 mis
1043 3328 1082 3383 les
1094 3329 1174 3402 prin-

80 3412 297 3481 ²¹112uxactes
314 3422 349 3477 de
364 3424 479 3479 ferocite
492 3441 541 3478 sur
556 3423 582 3477 le
596 3433 706 3496 compte
725 3421 774 3476 des
790 3420 931 3476 Sarraeins
951 3418 1033 3491 qu'ils
1051 3420 1171 3490 avaient,

86 3484 217 3599 (li-tan,
231 3531 268 3568 en
283 3512 370 3586 grand
383 3515 500 3570 nombre
516 3513 584 3569 dans
601 3513 662 3568 leur
673 3515 775 3567 arme'e.
794 3513 832 3566 le
845 3528 930 3584 pape,
945 3512 1057 3564 ramene
1073 3528 1108 3564 au
1125 3530 1173 3584 pa-

110 3598 168 3646 ⁸¹⁸
180 3598 210 3656 de
225 3601 342 3671 Latran,
361 3614 410 3659 eut
425 3604 480 3659 fort
496 3607 511 3658 ὲ
527 3605 596 3659 faire
613 3622 685 3678 pour
701 3621 796 3658 sauver
812 3601 848 3657 de
864 3600 889 3657 la
905 3600 1077 3656 destruction
1095 3599 1173 3674 quel-

100 3683 259 3748 ‘lutt-unes
275 3693 324 3748 des
338 3693 444 3768 eglises.

115 3773 186 3912 8³0)
202 3782 240 3838 Ce
259 3791 335 3847 mot,
353 3783 401 3856 qui
417 3782 525 3855 siguifie
539 3800 594 3837 une
606 3783 719 3847 chaine,
737 3792 778 3836 est
795 3782 848 3835 tire
864 3781 912 3835 des
928 3791 1000 3835 actes
1017 3780 1120 3833 menies
1138 3776 1173 3829 de

156 3861 346 3925 int-sebasten.

187 3985 239 4032 tn.
984 3986 1021 4028 12
