2888 4934
194 422 254 482 tat
472 420 654 481 HISTORIA
676 421 980 483 uccttstssvtca.

196 556 307 627 immo
320 554 443 627 multis
455 578 535 626 eam
547 554 815 641 afflictionibus,
831 553 1055 629 utodibilem
1069 558 1254 646 aricinum,

193 669 432 745 contristavit.
448 669 544 763 Quin
554 670 662 744 etiam
677 672 796 744 multo
811 687 977 771 temporo
994 674 1129 747 inance
1145 674 1258 748 Beles-

192 789 321 876 mensi,
333 789 432 862 velut
446 788 640 876 latronem,
656 789 827 863 custodiae
838 791 1068 889 mancipavit.
1083 791 1255 881 Tandem,

192 905 326 980 auxilio
342 904 587 1006 industriaque
599 903 713 980 fidelis
733 906 943 981 cubicularii
955 923 1093 1008 erepta,
1116 907 1164 983 de
1181 935 1260 982 cur*-

192 1049 273 1099 cere
290 1023 454 1098 clanculo
471 1024 600 1112 exivit,
617 1022 714 1097 etad
731 1022 901 1114 Addam,
919 1023 1182 1099 carnotensem
1197 1051 1258 1100 oo-

190 1141 363 1215 mitissam
373 1142 443 1241 (ι),
460 1142 635 1241 configit,
650 1158 687 1214 ct
701 1139 798 1228 inde,
811 1140 1052 1242 nunquamad
1066 1158 1258 1240 tyrannum

190 1257 370 1349 reditura,
389 1258 427 1332 in
442 1257 637 1333 Pontivum
653 1259 805 1333 secessit.

237 1377 334 1455 Diris
345 1375 532 1451 conatibus
542 1391 579 1450 et
587 1375 942 1477 tergiversationibus
952 1378 1095 1476 praesati
1107 1378 1259 1452 lanionis

189 1493 357 1569 Netutria
373 1517 468 1594 saepe
485 1492 628 1567 turbata
644 1509 714 1583 est,
732 1511 770 1568 et
783 1494 1049 1569 cenomannica
1062 1497 1169 1595 regio
1182 1495 1259 1569 vici·

189 1612 354 1712 nitarque
370 1611 624 1712 circumjacens
641 1613 773 1711 proedis
787 1639 830 1685 ac
846 1610 1003 1687 eaedibus
1016 1611 1260 1712 incendiisque

187 1729 346 1804 feraliter
362 1729 553 1830 profligata
570 1742 635 1804 est.
657 1730 891 1829 Episcopatus
909 1746 946 1802 et
966 1728 1139 1803 coenobia
1158 1751 1260 1828 super

189 1847 254 1921 illo
275 1845 320 1920 sd
343 1847 541 1921 Dominum
565 1844 722 1922 Sabaoth
747 1848 1013 1936 clamaverunt,
1041 1846 1080 1920 in
1102 1868 1259 1948 quorum

189 1963 296 2036 terris
319 1963 461 2042 castella
483 1964 665 2039 violenter
685 1965 822 2045 consita
846 1980 949 2053 sunt,
967 1979 1005 2037 et
1022 1963 1258 2062 possessiones

76 2071 77 2074 ¹
187 2080 404 2157 Sanctorum
420 2083 610 2156 temeraria
623 2083 808 2157 invasione
817 2084 891 2182 ejus
902 2080 1094 2180 diminutpe
1107 2082 1170 2154 vel
1183 2102 1259 2179 spo·

187 2197 283 2272 liatae
296 2215 394 2272 sunt.
414 2200 598 2274 Uticenses
611 2224 699 2273 vero
713 2198 894 2286 monachi,
909 2216 993 2299 post
1003 2199 1120 2272 multa
1132 2195 1257 2271 damna

188 2331 225 2389 et
241 2315 383 2391 labores
392 2369 403 2404 ,
423 2331 629 2417 metusque,
648 2343 818 2418 guerram
834 2318 908 2418 ejus
923 2318 1018 2390 serre
1035 2340 1114 2390 non
1130 2331 1258 2415 potsse-

188 2447 287 2507 runt.
305 2431 411 2515 Unde
423 2433 551 2522 coacti,
565 2432 684 2506 dicam
701 2435 755 2533 (2)
773 2459 840 2532 per
857 2449 972 2508 totam
987 2449 1128 2505 terram
1139 2454 1256 2520 susm,

187 2575 269 2649 quae
286 2549 458 2625 hactenus
477 2576 496 2623 a
515 2551 620 2624 malis
643 2550 960 2624 consuetudinibus
983 2548 1099 2623 libers
1124 2551 1254 2634 suerat,

185 2667 362 2760 fecerunt,
375 2685 411 2743 et
421 2695 466 2774 ux
477 2668 587 2742 libras
595 2669 948 2743 Cenomannensium
958 2668 1002 2741 de
1010 2692 1124 2741 censu
1132 2690 1257 2766 pagen-

220 2950 261 3021 (ι)
273 2948 375 3018 suste,
390 2960 523 3006 comtesse
537 2950 572 3005 de
584 2950 672 3019 Blois,
688 2950 744 3006 fille
757 2951 792 3006 de
805 2950 1213 3025 Guillanmele-Conqudrant.

221 3039 261 3112 (a)
272 3040 350 3094 Nous
358 3058 478 3113 croyons
488 3059 523 3095 ne
533 3042 651 3114 pouvoir
664 3042 758 3096 mieox
769 3041 839 3097 faire
849 3043 993 3096 conuaitue
1005 3041 1033 3096 le
1044 3058 1108 3096 sens
1118 3041 1153 3095 de
1162 3049 1257 3096 cenot

185 3147 241 3205 que
253 3149 304 3203 par
313 3128 339 3183 la
347 3129 495 3200 de'fiuition
506 3132 589 3204 qu‘en
601 3131 695 3187 donne
704 3142 785 3187 notre
797 3143 892 3188 suvant
901 3130 1137 3205 correspondant,
1150 3131 1192 3186 H.
1202 3128 1256 3186 Sta-

184 3217 295 3292 pleton,
309 3219 378 3274 dans
388 3215 427 3274 les
436 3219 541 3292 Magni
549 3221 647 3275 Rotuli
654 3221 850 3277 Narmanulce.
865 3223 901 3276 Le
913 3231 972 3275 mot
982 3220 1047 3275 dica
1057 3231 1101 3275 est
1110 3235 1255 3293 synonyme

185 3308 220 3365 de
234 3310 310 3365 talea
323 3307 438 3381 (tuille).
455 3308 502 3365 On
516 3309 568 3364 sait
580 3311 683 3384 qu’une
698 3309 771 3365 tailie
784 3312 852 3365 ctait
866 3328 906 3365 un
923 3310 1007 3365 bdton
1026 3308 1061 3364 de
1075 3309 1104 3364 la
1122 3308 1257 3383 longaeui·

184 3399 252 3455 d'un
266 3417 383 3472 empan‚
397 3417 446 3453 sur
457 3399 549 3474 lequel
563 3399 612 3455 des
624 3400 749 3455 entailles
762 3399 938 3473 designaiont
949 3399 1000 3455 des
1010 3416 1134 3455 summes
1147 3418 1184 3455 en
1196 3416 1255 3473 pru·

181 3491 298 3564 portion
309 3508 374 3545 avec
387 3489 448 3545 leur
458 3489 593 3556 eundae,
609 3492 712 3566 etqui,
727 3493 816 3564 coupe
827 3490 862 3546 de
871 3490 1023 3545 muniet-ea
1037 3488 1142 3544 diviser
1154 3489 1256 3563 chaque

183 3583 295 3638 entailie
314 3601 350 3637 en
367 3580 454 3650 deux,
473 3581 624 3637 etablissait
640 3601 674 3637 au
693 3601 793 3655 moyen
811 3583 851 3637 du
867 3583 1104 3656 rapprochemcnt
1123 3581 1173 3637 des
1190 3579 1255 3635 (leus

183 3673 310 3742 insitivis,
331 3673 415 3728 d'une
436 3675 559 3728 maniire
581 3673 797 3741 incontestabie‚
820 3672 976 3748 incompte
997 3683 1117 3730 couraut
1133 3684 1216 3728 entre
1234 3668 1255 3724 le

181 3761 324 3816 crcancier
337 3771 366 3816 et
376 3760 403 3816 le
417 3760 557 3817 de'biteur.
570 3762 609 3817 Ce
623 3760 743 3834 procede
756 3761 792 3817 de
805 3772 931 3835 compte,
949 3753 1051 3816 encore
1066 3759 1198 3835 employa&
1212 3774 1255 3832 ptr

181 3848 223 3903 les
244 3849 426 3925 bouiangers‚
450 3853 535 3907 servit
553 3851 723 3926 long-temps
742 3872 778 3914 en
795 3851 968 3908 Normandie
986 3861 1016 3907 et
1034 3869 1072 3906 en
1094 3849 1254 3922 Augleterre

182 3958 255 4012 pour
267 3939 294 3995 le
307 3954 518 3998 recouvrcment
531 3942 579 3998 des
593 3943 712 4016 impius,
727 3953 756 3997 ct
769 3944 836 3998 c'cst
853 3942 888 3997 de
904 3942 930 3996 la
946 3960 1001 4016 quc
1017 3942 1207 4014 provienncnt
1221 3937 1253 3990 les

183 4041 256 4086 mots
271 4030 305 4084 de
321 4030 398 4085 taille
413 4043 441 4087 ct
456 4033 490 4087 de
508 4044 628 4106 compte.
648 4036 698 4088 Les
716 4036 826 4089 sc'ances
841 4032 876 4087 de
888 4019 1060 4106 l’lichiquier
1073 4029 1123 4086 des
1137 4038 1253 4102 comptos

182 4117 378 4192 d’Angleterre
400 4131 450 4175 ont
469 4123 514 4176 ete
536 4120 681 4194 dc'signees
702 4141 752 4196 par
771 4141 816 4177 ces
832 4131 925 4177 muts:
941 4118 982 4176 ad
998 4121 1102 4187 taleas,
1124 4126 1207 4175 avant
1224 4112 1252 4167 de

182 4208 261 4264 l’itre
273 4230 323 4283 par
336 4212 443 4266 ceux-ci
457 4235 462 4265 ι
476 4210 517 4289 qd
529 4215 710 4268 scaccarium.
1002 4198 1004 4202 Α
