2888 4934
302 381 361 441 394
543 433 548 441 .
579 380 764 441 HISTORIA
788 378 1095 442 ECCLESIASTICA.
1165 378 1369 456 [totatuta]

302 511 501 585 multorum
520 513 656 609 patiens
674 511 840 585 laborum
859 538 900 585 ac
915 510 1189 598 adversitatum,
1211 533 1278 607 per
1296 533 1369 582 xvn

302 655 415 702 annos
431 646 551 704 sancte
568 631 672 704 rexit.

350 745 407 817 Eo
436 761 598 843 tempore
625 743 738 818 multa
765 746 900 819 malitia
927 746 963 817 in
992 744 1099 817 terris
1127 758 1207 816 orta
1238 757 1310 828 est,
1338 756 1371 812 et

303 858 534 934 vehementer
555 877 780 962 augmentata
804 879 869 935 est.
893 861 1066 934 Militares
1083 860 1153 932 viri
1172 882 1294 932 mores
1309 882 1371 954 pa·

305 993 426 1050 ternos
444 979 625 1051 in‘vestitu
637 994 673 1050 et
687 979 900 1076 capillorum
919 994 1064 1054 tonsura
1080 975 1367 1075 dereliquerunt,

303 1121 393 1195 quos
417 1095 524 1194 paulo
547 1112 627 1194 post
650 1094 844 1195 burgenses
873 1112 910 1168 ct
932 1094 1055 1168 rustici
1079 1109 1115 1167 et
1138 1117 1232 1192 pene
1257 1105 1370 1163 totum

303 1213 432 1312 vulgus
449 1214 576 1285 imitati
595 1231 690 1286 sunt.
709 1214 759 1285 Et
774 1215 856 1314 quia
872 1213 1005 1287 divinae
1021 1212 1109 1309 legis
1125 1206 1372 1310 praevaricatio

304 1323 411 1405 nimis
437 1331 664 1422 exuberavit,
695 1333 850 1405 coelestis
878 1334 942 1404 irae
968 1328 1233 1403 animadversio
1255 1323 1372 1397 multis

305 1449 482 1549 variisque
499 1449 759 1522 calamitatibus
776 1476 855 1524 reos
871 1449 1003 1523 merito
1019 1445 1203 1547 protrivit.

353 1570 395 1639 ln
410 1568 474 1640 illo
488 1583 651 1666 tempore
663 1569 733 1666 (1),
748 1568 935 1654 Melcoma,
950 1591 1015 1638 rex
1025 1566 1234 1652 Scotorum,
1249 1577 1371 1636 contra

306 1709 427 1784 regem
444 1684 648 1785 Anglorum
665 1683 871 1776 rebellavit,
891 1683 1124 1783 debitamque
1141 1680 1328 1754 servitium
1343 1678 1371 1750 ei

305 1803 507 1902 denegavit.
529 1803 647 1877 Porro
662 1803 875 1876 Guillelmus
893 1827 976 1890 rex,
999 1816 1190 1900 postquam
1214 1798 1250 1869 in
1278 1795 1373 1868 Nor-

306 1921 469 2007 mannia,
486 1936 645 2019 utsupra
658 1921 864 2008 retulimus,
885 1947 967 1993 cum
984 1917 1171 1992 Radberto
1187 1918 1302 1989 fratre
1315 1939 1374 1987 suo

306 2062 428 2138 pacem
456 2039 606 2128 lecerat,
637 2039 823 2138 ipsumque
845 2052 970 2110 contra
998 2033 1126 2108 infidos
1152 2031 1372 2132 proditores,

307 2157 368 2256 qui
399 2172 527 2230 contra
555 2182 675 2256 regem
707 2157 1020 2254 conspiraverant,
1054 2178 1174 2226 secum
1205 2149 1373 2236 duxerat,

308 2274 505 2346 exercitum
535 2277 643 2346 totius
676 2273 819 2373 Anglioe
848 2270 1099 2372 conglobavit,
1132 2285 1169 2341 et
1195 2264 1376 2368 usquead

308 2417 480 2490 magnum
508 2391 665 2478 llumen,
694 2391 791 2490 quod
816 2391 921 2464 Scote
945 2389 1075 2461 Watra
1101 2387 1254 2474 dicitur,
1292 2410 1376 2484 per·

308 2505 411 2579 eluxit
428 2509 496 2607 (a).
518 2507 586 2580 Sed
601 2509 685 2609 quia
704 2507 954 2580 inaccessibilis
971 2506 1141 2578 transitus
1157 2519 1255 2591 erat,
1274 2526 1378 2601 super
1405 2514 1408 2519 '

310 2627 426 2724 ripam
450 2624 623 2700 consedit.
648 2627 724 2698 Rex
742 2641 861 2698 autem
883 2625 1073 2699 Scotorum
1092 2647 1112 2695 e
1131 2622 1284 2719 regione
1301 2644 1377 2693 cum

310 2743 511 2842 legionibus
524 2746 594 2816 suis
608 2743 651 2816 ad
664 2743 872 2817 bellandum
886 2760 1029 2841 paratus
1042 2741 1218 2827 constitit,
1233 2740 1378 2839 regique

311 2860 517 2960 Anglorum
535 2888 601 2960 per
619 2863 862 2936 internuntios
883 2862 945 2932 ista
962 2858 1147 2932 mandavit
1162 2889 1170 2927 ι
1192 2858 1298 2947 Tibi,
1319 2884 1379 2930 rer

347 3184 357 3252 (
363 3186 387 3254 ι)
401 3183 576 3238 Uesta-dire
588 3183 710 3256 pendant
723 3183 748 3237 la
761 3201 875 3237 vacance
886 3183 923 3236 du
939 3182 1014 3255 siege
1025 3180 1060 3235 de
1071 3179 1248 3251 Canterbury
1263 3181 1275 3251 (
1282 3183 1317 3244 24
1329 3175 1378 3231 mai

318 3271 416 3347 1089·t
430 3270 577 3328 de'cenrbrc
598 3279 688 3346 1092).
710 3273 787 3327 Nous
805 3292 888 3327 avons
905 3272 948 3327 dit
966 3271 1104 3326 ci-dessus
1117 3289 1172 3344 que
1187 3270 1332 3324 l’invasion
1344 3266 1378 3321 du

313 3362 571 3419 Northumberland
586 3381 634 3436 par
649 3363 777 3418 Malcolm
791 3365 862 3417 avait
874 3382 909 3417 eu
924 3363 979 3418 lieu
992 3381 1028 3416 au
1041 3363 1111 3416 mois
1123 3360 1158 3414 de
1171 3360 1226 3414 mai
1242 3378 1322 3433 1091.

348 3457 387 3528 (a)
408 3458 445 3512 le
466 3455 566 3529 peuple
587 3475 602 3509 a
621 3474 721 3511 encore
742 3455 858 3528 l'usage,
878 3474 913 3510 en
934 3454 1113 3528 Angleterre,
1135 3452 1277 3526 d'appeler
1295 3461 1382 3506 water

314 3555 392 3600 toute
406 3546 505 3600 rividre
520 3545 723 3612 considerable,
742 3547 811 3600 ainsi
833 3544 871 3599 les
889 3545 996 3617 paroles
1010 3544 1045 3599 de
1063 3554 1144 3598 notre
1162 3553 1265 3597 auteur
1283 3540 1381 3597 n’indi·

315 3645 403 3708 quent
415 3654 523 3691 aucune
538 3636 647 3692 localite
662 3635 849 3710 particuli'ere.
866 3634 1029 3710 Cependant
1044 3634 1064 3689 il
1078 3643 1120 3688 est
1133 3632 1200 3686 clair
1219 3631 1291 3706 qu’il
1309 3632 1382 3704 s'agit

316 3726 351 3780 ici
359 3725 395 3780 de
404 3725 430 3780 la
441 3727 545 3799 grande
555 3727 745 3783 embouchure
753 3726 865 3800 appelc'e
877 3726 1055 3799 aujourd'hui
1066 3749 1071 3778 :
1083 3725 1127 3780 ttrc
1140 3724 1168 3778 F
1160 3725 1233 3798 yrttz
1244 3725 1285 3798 of
1290 3721 1381 3779 Fortlr.

316 3813 356 3869 Μ.
370 3813 512 3887 Stupleton
523 3835 594 3872 nous
607 3817 661 3873 cite
673 3819 689 3871 a
700 3835 731 3871 ce
742 3816 815 3888 sajet
825 3815 851 3871 le
863 3834 975 3889 passage
987 3817 1111 3870 suivant:
1123 3814 1182 3870 rua
1195 3834 1273 3888 aqua
1284 3816 1383 3887 optima

319 3903 437 3959 Scottiee
449 3915 551 3960 vocatu
559 3917 602 3963 est
613 3907 693 3975 Fort,
708 3907 862 3962 britannice
877 3906 984 3974 Werid,
995 3907 1122 3962 Romane
1130 3906 1245 3978 (lingua
1256 3905 1382 3977 ordgari)

319 4008 387 4040 ⁸⁴⁸·
405 3990 498 4048 Scotto
512 4006 616 4065 watra,
636 3996 723 4052 idest
739 4024 745 4049 .·
761 4016 836 4070 aqua
854 3997 1009 4052 Scottorum
1017 4023 1024 4058 ;
1045 4016 1109 4069 quoe
1125 4013 1214 4069 regna
1232 3996 1382 4051 Scottorum

447 4098 521 4138 trum
532 4083 632 4141 ‹11⁰th
637 4129 643 4154 ,
659 4097 686 4142 et
699 4091 786 4142 currit
798 4088 884 4160 juxta
897 4085 1030 4158 oppidum
1042 4084 1077 4139 de
1093 4085 1233 4140 Strivelr'n.
1249 4086 1310 4155 (Dr
1323 4084 1382 4138 aaa

467 4188 528 4245 Δρ.
541 4174 689 4232 Ioltastou.
706 4177 804 4250 Antio.
822 4176 1026 4235 Cella-Norat..
1042 4195 1070 4248 p.
1088 4173 1163 4246 ωδ.)
