2888 4934
374 414 414 472 90
648 413 831 474 HISTORIA
853 415 1158 479 ECCLESIASTICA.
1276 414 1438 497 [eta-atu

374 542 539 638 erat(1)‚
558 538 704 615 dimisit.
723 544 926 619 Bernardus
942 570 1029 620 vero
1042 545 1162 617 Danas
1176 546 1250 638 (a),
1269 544 1331 646 qui
1350 543 1440 619 Nor·

373 658 556 731 manniam
583 656 763 751 tuebatur,
794 661 927 762 legatos
950 665 986 736 in
1009 663 1154 735 Daciam
1174 662 1288 752 misit,
1311 679 1348 736 et
1364 663 1440 737 Ha-

374 773 493 863 roldo,
512 777 697 849 Danorum
715 779 791 877 regi
811 780 879 876 (3),
901 797 1054 855 mortem
1073 778 1257 852 Guillelmi
1277 777 1391 868 ducis,
1405 794 1441 852 et

373 891 698 967 exhaeredationem
723 897 835 993 prolis
861 896 1016 996 ejusdem
1046 895 1241 969 mandarit.
1269 896 1357 973 Mox
1381 897 1441 969 ille

375 1035 457 1081 cum
477 1035 603 1110 magna
625 1011 732 1085 classe
754 1015 961 1113 properavit
983 1016 1018 1087 in
1043 1013 1324 1103 Normanniam,
1344 1015 1442 1114 jussu

372 1126 546 1200 Bernardi
564 1156 583 1202 a
600 1129 843 1206 Constantinis
858 1149 1057 1232 susceptus,
1077 1130 1227 1207 biennio
1241 1133 1443 1231 expectavit

373 1247 683 1345 opportunitatem
697 1248 808 1322 Gallis
822 1249 1043 1336 damnosam,
1060 1248 1263 1340 etdemum‚
1276 1274 1345 1348 pro
1356 1273 1442 1323 neoc

374 1366 628 1464 consanguinei
646 1369 699 1441 sui
719 1383 755 1439 et
771 1368 975 1442 exulatione
992 1365 1125 1441 sobolis
1141 1365 1318 1463 ejusdem,
1336 1390 1442 1441 exer-

374 1482 448 1554 cuit
472 1481 647 1555 ultionem
675 1484 928 1559 truculentam.
957 1484 1049 1557 Nam
1075 1483 1297 1560 Ludovicum
1320 1507 1442 1585 regern

374 1615 453 1672 orta
472 1599 508 1670 in
528 1601 709 1700 colloquio
729 1603 825 1676 inter
841 1604 961 1677 Danos
977 1618 1013 1676 et
1030 1601 1186 1677 Francos
1199 1603 1255 1699 (4)
1268 1599 1443 1677 seditione

374 1714 666 1814 comprehendit,
690 1719 907 1793 Herluinum
929 1735 966 1792 ct
987 1717 1219 1793 Lambertum
1237 1718 1312 1816 (5),
1332 1715 1443 1795 atin-

373 1856 445 1930 que
462 1857 525 1905 xv1
547 1834 708 1907 consules
729 1860 811 1908 cum
830 1833 1061 1908 multitudine
1078 1834 1174 1934 vulgi
1192 1833 1359 1933 peremit.
1379 1834 1413 1907 1·

376 1947 571 2022 terendum
586 1951 758 2024 Ricardus
774 1980 863 2051 puer
879 1955 953 2026 sere
970 1951 1086 2050 tribus
1098 1953 1200 2025 annis
1213 1950 1392 2041 exularet,
1409 1974 1429 2024 e

374 2090 439 2138 rex
452 2066 613 2141 Franciae
627 2068 694 2143 sibi
708 2070 970 2144 Normanniam
983 2072 1125 2169 penitus
1137 2068 1359 2170 subjugatam
1381 2102 1403 2133 κ
1433 2103 1444 2131 ³

412 2321 451 2394 (ι)
464 2321 504 2377 Ce
516 2323 646 2396 seigneur
655 2324 752 2379 n’euit
760 2325 789 2379 ni
802 2324 900 2380 l'oncle
910 2324 945 2379 de
956 2323 1091 2391 Richard‚
1102 2324 1132 2379 ni
1149 2322 1222 2378 celui
1236 2322 1272 2378 de
1282 2321 1400 2379 Guiliau
1409 2350 1421 2368 ιι
1435 2349 1444 2367 a

377 2398 595 2484 langue-Epeo,
611 2431 719 2468 comme
736 2413 763 2468 le
772 2414 891 2486 pretend
903 2413 1023 2481 Dud0n;
1036 2415 1106 2469 mais
1118 2413 1143 2468 le
1155 2413 1253 2469 cousin
1264 2413 1321 2467 issu
1331 2411 1369 2469 de
1380 2431 1412 2487 g2

378 2502 451 2556 main
466 2501 537 2557 dela
551 2503 685 2559 duchesse
698 2505 884 2578 Leutegarde,
899 2507 1001 2562 semme
1010 2505 1134 2580 ie'gitime
1146 2504 1182 2560 de
1194 2502 1371 2569 Guillaume,
1383 2514 1430 2560 tan

378 2589 421 2645 dis
434 2611 490 2665 que
503 2593 618 2694 specte,
634 2597 710 2650 mere
727 2594 762 2650 de
775 2595 899 2651 Richard
913 2606 941 2650 et
959 2595 1098 2651 Bretonne
1109 2595 1264 2668 d'origine‚
1278 2592 1375 2649 n’e'tait
1391 2612 1444 2669 qu*-

377 2878 485 2917 eomme
501 2881 550 2919 son
569 2866 670 2938 appui,
692 2866 791 2921 s'etant
804 2866 857 2920 mis
876 2868 891 2919 a
910 2865 936 2920 la
949 2865 1006 2920 tete
1018 2863 1053 2919 de
1064 2864 1090 2918 la
1108 2863 1184 2936 ligue
1203 2862 1252 2937 qui
1268 2879 1297 2917 se
1309 2861 1399 2917 forma
1418 2886 1438 2907 a

376 2951 430 3024 945
448 2971 521 3024 pour
537 2956 775 3012 contre-balancer
787 2955 855 3012 celle
873 2956 908 3012 de
926 2957 1010 3011 Louis
1021 2973 1086 3011 avec
1099 2953 1208 3010 Arnoal
1220 2964 1249 3008 et
1269 2952 1405 3019 Herluin,
1425 2979 1444 2997 «π

378 3051 462 3109 ayant
471 3047 571 3115 pousae
584 3042 610 3099 le
623 3064 743 3119 manque
753 3045 880 3119 d'egards
894 3064 967 3119 pour
979 3045 1003 3100 le
1018 3046 1062 3100 roi
1071 3044 1182 3118 jusqu'a
1194 3043 1344 3116 s'emparer
1357 3040 1393 3098 de
1424 3066 1442 3087 a

378 3130 513 3204 piquenrs
524 3144 553 3188 et
565 3133 650 3191 deses
662 3137 774 3204 chiens,
785 3149 814 3193 et
827 3141 842 3192 a
853 3137 979 3193 ‹levaster
991 3155 1020 3191 sa
1031 3134 1174 3191 residence
1186 3134 1223 3189 de
1233 3133 1417 3206 Compiegne.

413 3221 453 3290 (a)
465 3222 504 3277 Ce
526 3240 697 3297 personnage
716 3245 751 3282 ne
769 3244 840 3282 nous
858 3237 900 3282 est
915 3243 1008 3281 connu
1020 3244 1075 3299 que
1091 3244 1141 3298 par
1156 3224 1196 3280 les
1211 3221 1361 3278 historiens
1373 3220 1419 3276 No

378 3308 491 3377 mande,
511 3312 560 3384 qui
578 3315 940 3390 enontsaitleprototype
958 3313 1030 3368 dela
1050 3332 1124 3369 ruse.
1142 3313 1316 3369 Nousavons
1333 3310 1416 3384 peine

377 3401 468 3455 croire
480 3401 526 3475 qu’
528 3420 566 3456 un
578 3402 721 3458 Normand
724 3415 906 3477 contempni
907 3422 952 3459 am
963 3403 997 3459 de
1007 3401 1169 3460 Guiliaume
1187 3388 1395 3474 Longae-Epa,
1408 3396 1436 3453 ai

378 3495 460 3562 porte
472 3490 497 3547 le
510 3510 576 3547 nom
590 3492 626 3547 de
638 3494 770 3549 Bernard.

379 3778 434 3834 que
445 3760 537 3819 e’euit
548 3781 587 3819 un
597 3765 741 3822 Normand
754 3786 802 3841 qur
794 3765 1003 3823 commendarit
1015 3769 1029 3819 i
1043 3765 1160 3838 Bayeux.

413 3852 454 3921 (4)
473 3853 554 3906 (lette
574 3865 705 3913 eutrevne
726 3859 815 3930 paruit
833 3859 909 3914 avoir
932 3876 967 3912 eu
990 3856 1047 3912 lieu
1068 3859 1084 3910 ’a
1104 3856 1212 3926 Bayeux
1235 3853 1373 3917 memma
1401 3874 1444 3895 ·==

380 3945 489 4014 epoque
509 3947 624 4000 avancee
636 3946 671 4001 de
686 3947 792 4002 l‘anne'e
804 3951 867 4023 945.
890 3949 973 4004 Louis
990 3947 1034 4001 iot
1057 3944 1267 4020 probablement
1283 3943 1367 3999 ascire
1386 3966 1407 3985 ·‘
1424 3967 1444 3985 ¹-

382 4042 454 4089 cette
468 4030 531 4086 ville
544 4052 593 4107 par
608 4036 632 4091 ia
643 4056 783 4110 promesse
793 4038 894 4111 qu'elle
907 4037 983 4093 alluit
992 4035 1031 4093 lui
1043 4037 1103 4093 etre
1117 4035 1225 4091 remise.

417 4125 455 4193 (5)
468 4120 551 4179 Fcere
563 4126 721 4185 d’Herluin.
1180 4144 1183 4150 “
