2888 4934
81 382 197 490 tineo]
348 390 479 469 'uuna
499 403 685 467 octavus.
996 396 1059 465 ass

85 543 322 620 rebellionem
338 540 374 612 iu
397 563 558 611 annuum
581 536 707 609 saltem
730 536 884 633 spatium
907 535 1058 610 distulit.

82 662 118 736 iu
133 659 258 736 multis
280 652 570 756 reprehensibilis
593 669 629 724 et
648 651 787 724 infamis
808 668 902 741 erat,
922 654 1064 726 multis-

89 778 262 853 vitiorum
285 772 444 874 pestibus
470 768 747 846 obsecundabat.
772 770 1062 879 lpse-nimirum,

96 892 201 997 pedes
215 890 368 966 habebat
380 890 574 979 deformes,
595 888 750 960 instituit
766 886 833 959 sibi
847 885 923 959 fieri
940 888 1068 989 longos

82 1011 302 1087 isummitate
315 1009 535 1082 acutissimos
548 1004 747 1079 subtolares
756 1035 767 1096 ;
789 1006 837 1077 ita
854 1021 894 1077 ut
909 1007 1069 1104 operiret

82 1154 127 1217 ss,
144 1144 182 1202 et
201 1142 329 1200 eorum
346 1125 479 1199 celaret
496 1120 641 1212 tubera,
662 1148 744 1222 quae
760 1122 869 1221 vulgo
892 1137 1069 1195 vocantur

82 1271 155 1321 tues
176 1246 242 1344 (1)
268 1243 435 1317 lnsolitus
462 1239 545 1314 inde
569 1266 646 1312 mos
672 1239 710 1311 in
735 1224 924 1312 o'ceiduum
943 1239 1072 1313 orbem

82 1364 198 1453 cessit,
220 1359 427 1460 levibusque
449 1373 484 1432 et
502 1359 706 1431 novitatum
727 1356 948 1430 amatoribus
963 1357 1073 1432 vehe-

82 1497 149 1555 iter
163 1479 311 1578 placuit.
331 1474 436 1550 Unde
452 1491 612 1560 sutores,
632 1475 670 1547 in
688 1473 955 1565 calceamentis,
974 1478 1073 1575 quasi

82 1596 135 1675 las
148 1599 395 1696 scorpionum,
411 1621 498 1695 quas
510 1593 620 1693 vulgo
633 1594 787 1693 pigacias
803 1595 1008 1693 appellant,
1021 1595 1077 1669 la-

82 1731 111 1789 st
122 1708 192 1813 (a),
209 1713 314 1813 idque
327 1736 438 1811 genus
448 1710 678 1784 calceamenti
689 1735 782 1808 pene
796 1708 931 1802 cuncti,
950 1712 1078 1786 divites

83 1831 179 1933 geni,
199 1830 351 1903 nimium
369 1843 555 1926 expetunt.
572 1826 664 1900 Nam
681 1844 784 1902 autea
797 1831 897 1902 omni
917 1846 1079 1930 tempore

83 1944 157 2019 indi
171 1944 370 2018 subtolares
388 1942 432 2015 ad
451 1944 607 2016 sormam
630 1941 762 2041 pedum
779 1942 990 2043 agebantur,
1008 1947 1080 2019 eis-

93 2064 224 2161 spmmi
238 2078 274 2134 ct
286 2059 505 2150 mediocres,
521 2061 644 2135 cleriei
661 2077 698 2133 et
714 2061 816 2152 laici,
834 2078 1081 2161 competenter

83 2180 221 2255 bautm.
265 2174 314 2250 At
353 2175 462 2249 modo
496 2177 683 2250 saeculares
710 2179 886 2275 perversis
920 2179 1082 2253 moribus

83 2313 222 2399 apetens
237 2321 352 2370 scema
378 2293 531 2393 superbe
558 2296 709 2393 eupiunt
727 2296 797 2392 (3);
817 2312 853 2368 et
875 2296 972 2397 quod
992 2298 1099 2402 olim

83 2414 243 2497 arabiles
255 2415 324 2486 viri
339 2413 583 2510 turpissimum
594 2411 863 2512 judicaverunt,
882 2431 919 2488 et
931 2417 1084 2490 omnino

84 2518 119 2607 si
146 2548 282 2606 stercus
307 2531 573 2617 refutaverunt,
601 2526 671 2602 hoc
694 2528 860 2603 moderni
886 2534 985 2631 quasi
1011 2533 1084 2605 mel

83 2674 118 2726 ce
136 2651 336 2738 aestimant,
352 2665 389 2720 et
404 2645 512 2719 veluti
533 2646 685 2744 speciale
706 2645 813 2721 decus
833 2649 1085 2748 amplectentes

83 2785 168 2843 mil..
206 2828 208 2833 -
732 2834 755 2885 ⁴

83 2882 271 2962 ledbertus
286 2880 431 2983 quidam
450 2878 584 2954 nebulo
602 2881 640 2952 in
661 2880 761 2954 curia
778 2881 860 2954 Rufi
881 2883 977 2983 regis
993 2909 1083 2983 pro-

83 3030 107 3079 u
121 3003 275 3104 pigacias
300 3001 438 3100 primus
456 3000 569 3097 coepit
587 2999 738 3097 implere
760 3000 917 3100 stuppis,
939 3019 976 3075 et
999 2999 1086 3076 hine

83 3146 104 3197 e
129 3136 370 3217 contorquere
393 3117 505 3189 instar
528 3141 643 3189 cornu
670 3116 804 3191 arietis.
835 3116 891 3191 Ob
917 3116 987 3194 hoc
1015 3121 1088 3219 ipse

83 3235 224 3312 nardus
238 3235 512 3335 cognominatus
528 3250 593 3306 est.
612 3233 720 3334 Cujus
734 3234 900 3309 frivolam
913 3236 1089 3311 adinven-

84 3380 158 3431 aetu
180 3380 311 3453 magna
338 3379 419 3450 pars
443 3349 640 3442 nobilium,
660 3376 726 3426 eeu
751 3352 933 3453 quoddam
950 3353 1090 3454 insigne

84 3470 212 3547 ›bitatis
233 3487 269 3543 et
287 3469 431 3543 virtutis
448 3495 555 3568 opus,
571 3495 657 3542 mox
673 3488 791 3543 secuta
808 3488 874 3544 est.
889 3473 992 3546 Tunc
1008 3473 1091 3548 effe-

84 3588 150 3663 rati
172 3587 303 3687 passim
333 3589 367 3658 in
397 3584 487 3658 orbe
510 3584 805 3674 dominabantur,
830 3586 1092 3688 indisciplinate

86 3844 164 3919 lCes
174 3842 375 3899 excroissauces
387 3839 548 3912 s’appelleut
560 3857 662 3895 encore
675 3859 710 3895 en
724 3841 840 3916 lrauqais
853 3843 903 3899 des
915 3863 1033 3920 ognons.

84 3933 101 4009 ι)
114 3932 192 3988 Tout
204 3931 230 3985 le
242 3929 343 3984 monde
353 3929 404 3983 sait
414 3946 468 4002 que
480 3938 553 3983 cette
563 3927 646 3984 mode
657 3929 785 3987 difforme
796 3942 824 3987 et
838 3933 955 4006 gduante
967 3935 1016 3991 des
1028 3955 1093 3992 sou*

84 4042 90 4078 t
103 4021 158 4079 'ala
169 4019 304 4076 Poulaine
317 4037 332 4072 a
346 4018 417 4073 dure
431 4019 499 4072 trois
511 4017 621 4087 stactes,
640 4029 669 4073 ct
682 4021 767 4094 qu’on
779 4022 825 4095 u'y
834 4041 953 4098 renoaqa
968 4027 1096 4099 qu'apri·s

84 4111 130 4168 dle
138 4121 188 4166 eut
200 4112 245 4166 ets
257 4110 428 4164 severement
439 4106 575 4180 prohibes
588 4127 639 4181 par
651 4108 692 4164 les
703 4111 760 4165 mis
773 4122 802 4166 et
814 4132 865 4186 par
876 4113 916 4171 les
929 4134 1020 4189 papea

84 4198 103 4271 i)
117 4200 277 4271 Arripiunt.
294 4198 345 4250 Ms.
359 4195 394 4250 de
405 4196 430 4249 la
444 4197 521 4250 reine
533 4195 569 4250 de
581 4194 680 4252 Snede.
