2888 4934
190 375 302 454 [1090]
565 370 682 431 thtER
704 371 891 431 OCTAVUS.
935 385 942 395 ⁸
1205 377 1265 434 355

190 502 358 590 Civibus,
376 518 417 574 ut
433 500 664 600 praelibatum
681 518 752 592 est,
772 502 927 576 vicissim
946 502 1216 595 dissidentibus,
1232 523 1268 579 et

193 622 307 695 tristis
321 620 509 694 infortunii
523 621 691 718 procellis
704 621 1013 720 periclitantibus,
1028 622 1126 721 regia
1139 621 1268 696 cohors

192 741 321 814 territa
349 739 458 838 sugit,
491 737 716 839 latebrasque
743 740 933 826 silvarum,
964 766 1046 839 quae
1075 740 1111 811 in
1135 741 1268 814 vicinio

191 875 312 946 erant,
330 857 432 930 avide
444 883 606 956 poscens,
624 855 780 944 delituit,
796 874 831 929 et
846 856 1004 931 subsidio
1019 859 1134 931 noctis
1148 858 1270 930 discri-

190 1001 277 1053 men
304 977 435 1049 mortis
460 1002 522 1050 seu
539 977 715 1073 captionis
743 975 935 1050 difficulter
959 977 1082 1050 evasit.
1102 977 1270 1050 Conuuus

191 1110 314 1167 autem
329 1121 348 1167 a
363 1093 561 1168 victoribus
578 1095 615 1165 in
638 1119 758 1168 arcem
776 1093 905 1168 ductus
925 1110 996 1181 est,
1013 1119 1122 1194 quem
1142 1095 1272 1167 Heusi-

191 1237 255 1284 cus
271 1236 338 1311 per
355 1212 484 1285 solaria
503 1213 613 1283 turris
634 1212 690 1310 (1)
714 1210 865 1298 ducens,
891 1211 1097 1285 insultando
1115 1213 1165 1286 sic
1181 1212 1269 1285 allo·

192 1345 297 1403 cutus
306 1346 378 1403 est:
393 1330 612 1419 Considera,
627 1330 792 1419 Gonane,
804 1357 916 1429 quam
924 1330 1117 1430 pulchram
1130 1329 1270 1431 tibipa·
1344 1423 1351 1434 θ

192 1447 462 1520 triamconatus
474 1476 511 1520 es
523 1447 716 1546 subjicere.
730 1448 792 1519 En
801 1447 856 1519 ad
861 1448 1047 1519 meridiem
1056 1446 1272 1519 delectabile

188 1591 346 1664 parcum
364 1567 419 1665 (2)
434 1581 538 1667 patet
554 1566 667 1638 oeulis
691 1570 773 1636 tuis.
797 1566 861 1637 En
875 1567 1047 1638 saltuosa
1063 1567 1182 1665 regia,
1202 1565 1271 1638 sit-

191 1683 366 1756 vestribus
389 1683 586 1757 abundans
597 1682 710 1782 seris.
737 1684 839 1756 Ecce
862 1683 1038 1783 Sequana
1042 1741 1056 1775 ,
1077 1686 1269 1785 piscosum

177 1800 327 1898 flumen
338 1860 350 1892 ,
379 1803 682 1898 Rotomagensem
706 1828 851 1873 murum
874 1802 1063 1893 allambit,
1092 1828 1272 1903 nauesque

183 1918 357 2021 pluribus
386 1921 633 1992 mercimoniis
661 1914 811 2018 refertas
836 1918 908 1992 bue
930 1921 1094 2021 quotidie
1117 1919 1268 1993 devebit.

188 2038 254 2110 En
272 2063 323 2109 ex
341 2038 421 2110 alia
435 2054 544 2139 parte
563 2039 689 2111 ciuitas
708 2038 914 2139 populosa,
937 2037 1115 2110 maenibus
1131 2041 1272 2111 sacris-

190 2180 263 2253 que
289 2155 432 2251 templis
453 2171 487 2226 et
507 2157 656 2228 urbanis
675 2154 816 2228 adibus
841 2158 1032 2255 speciosa5
1060 2158 1124 2229 cui
1139 2157 1228 2257 jure
1246 2183 1271 2227 a

186 2276 321 2373 priscis
334 2274 552 2376 temporibus
562 2273 732 2375 subjacet
741 2274 976 2347 Normannia
985 2289 1074 2346 tota.
1086 2273 1268 2363 Conanus,

190 2392 329 2466 ironica
343 2393 575 2466 insultatione
587 2393 735 2466 Henrici
749 2391 911 2492 pavidus,
929 2394 1119 2493 ingemuit,
1136 2410 1174 2466 et
1186 2420 1272 2492 sup·

189 2507 275 2606 pleri
299 2508 529 2581 clementium
554 2534 729 2598 exorans,
749 2509 831 2581 ait:
859 2512 1020 2611 Proprio
1048 2527 1172 2597 reatu,
1198 2509 1272 2581 do-

190 2629 309 2714 mine,
342 2628 580 2700 damnandus
609 2656 692 2700 sum
704 2685 716 2717 ,
749 2627 818 2700 sed
847 2654 946 2700 nunc
982 2625 1272 2700 misericordiam

186 2768 302 2844 poseo
312 2761 467 2846 propter
473 2746 607 2836 Deum,
624 2761 823 2818 creatorem
832 2749 1005 2817 omnium.
1018 2746 1096 2818 Pro
1109 2743 1271 2844 redemp-

190 2861 288 2932 tione
316 2863 390 2932 mei
423 2861 575 2934 domino
604 2888 684 2933 meo
710 2887 843 2934 aurum
873 2860 969 2933 dabo
995 2877 1029 2932 et
1057 2876 1268 2959 argentum,

191 2994 370 3076 quantum
396 2982 552 3080 reperire
569 2995 697 3080 potero
712 2980 751 3052 in
764 2979 947 3052 thesauris
964 2982 1069 3069 meis,
1088 3004 1271 3050 meorum-

191 3122 263 3195 que
275 3113 489 3196 parentum,
508 3114 542 3170 et
560 3124 629 3197 pro
653 3097 767 3198 culpa
791 3096 1017 3198 infidelitatis
1024 3094 1144 3194 fidele
1159 3120 1272 3193 usque

191 3215 247 3286 ad
268 3233 418 3287 mortem
432 3215 632 3316 rependam
653 3220 846 3290 servitium.
868 3215 935 3288 Cui
957 3216 1136 3289 Henricus
1150 3213 1268 3286 dixit:

192 3331 269 3403 Per
283 3334 447 3405 animam
470 3336 601 3406 matris
616 3361 709 3407 meoe
723 3334 800 3433 (ὅ),
820 3334 991 3406 traditori
1005 3333 1110 3406 nulla
1127 3335 1194 3405 erit
1209 3358 1270 3404 re-

226 3640 269 3708 (s)
282 3641 332 3694 Les
343 3641 438 3714 etages
452 3641 622 3712 superieurs.

226 3728 268 3800 (u)
281 3730 317 3783 be
331 3749 397 3803 parc
410 3728 459 3784 des
472 3730 541 3785 dues
554 3731 588 3787 de
605 3732 792 3798 Normaudie,
808 3750 844 3785 au
862 3728 931 3784 midi
948 3728 984 3783 de
1002 3729 1027 3783 la
1046 3728 1142 3793 Seius,
1162 3727 1270 3782 renfer-

192 3827 272 3872 maut
291 3818 330 3873 les
351 3821 507 3874 territoires
532 3820 568 3875 de
589 3821 749 3890 Sotteville,
772 3822 960 3886 Grammont,
987 3805 1269 3874 saint-Etieuuedu·

193 3906 331 3976 Bennoi,
354 3908 380 3963 la
400 3910 472 3965 foret
490 3910 525 3965 de
545 3911 683 3977 nouitas,
703 3909 730 3965 le
751 3909 993 3965 Petit-Couronne
1013 3918 1043 3962 et
1057 3906 1083 3963 le
1103 3908 1216 3981 prieurs}
1234 3905 1270 3961 de

193 3998 391 4054 Seiut-Julieu.

228 4087 269 4160 (3)
286 4089 324 4144 Le
343 4097 451 4164 respect
469 4110 543 4165 pour
561 4092 587 4147 la
603 4092 738 4148 mdmoire
754 4091 789 4148 de
806 4092 832 4146 la
850 4092 927 4147 reine
945 4089 1094 4156 Methilde,
1112 4089 1182 4145 dont
1197 4099 1270 4144 cette

197 4178 314 4236 tormule
327 4191 408 4254 porte
418 4180 606 4256 l'ernpreiute,
623 4183 810 4257 u’empbchait
823 4199 871 4256 pas
882 4200 932 4237 son
945 4179 1080 4238 excellent
1090 4179 1133 4235 fiis
1143 4178 1178 4234 dc
1190 4177 1271 4252 piller
