2872 4920
182 461 242 517 aia
455 452 640 514 nummi
662 451 971 515 accussnsncl.
1151 458 1230 532 [ms

182 614 257 663 non
269 587 410 686 longius
419 585 591 658 milliario
603 611 677 658 uno
690 583 736 657 ab
749 586 896 659 ccclesia
907 589 943 659 in
955 589 1163 662 monticulo
1172 614 1230 690 qut

180 703 263 777 dam
276 705 382 777 sitnm
396 720 462 792 est,
476 700 639 790 andiunt,
656 701 816 803 undique
829 704 1003 779 velociter
1013 731 1226 781 concurrnn

181 822 263 895 irati
274 821 428 895 nimium
441 848 482 894 ac
496 820 687 892 tristissimi
701 819 745 892 ad
759 820 882 894 littora
896 821 1065 913 tendunt,
1078 840 1230 926 raptoqu

179 938 224 1012 de
242 954 385 1038 pastore
401 935 621 1038 dominoque
639 936 819 1036 lugentes,
836 939 953 1011 crines
965 956 1003 1012 et
1016 938 1149 1013 barbas
1167 965 1230 1016 eve

180 1058 280 1146 lunt,
299 1072 336 1129 et
354 1055 620 1130 conclamantes
637 1054 791 1156 lugubre
808 1083 954 1133 carmen
972 1058 1211 1159 depromunt.

284 1218 425 1290 Tempore
437 1215 506 1290 quid
522 1216 644 1282 miseris,
659 1215 731 1270 beu!
745 1214 825 1270 uobis
839 1217 942 1272 accidit
953 1220 1025 1273 isto?

317 1306 403 1379 Quod
415 1307 510 1380 patriar
525 1316 625 1361 uostrae
636 1305 758 1360 dedecus
770 1307 938 1380 aspicimus?

286 1399 404 1452 Munera
415 1414 535 1470 namque
549 1396 616 1462 Dei,
630 1395 733 1450 multos
746 1407 851 1451 serrata
865 1415 914 1470 per
927 1416 1028 1463 anuos,

319 1490 382 1543 Jam
395 1487 469 1542 sacili
483 1497 563 1560 rapto
577 1485 752 1559 perdidimus
765 1485 869 1542 subito.

286 1580 428 1633 Hactenus
441 1576 496 1631 boc
508 1577 599 1631 luerat
612 1577 698 1648 Lyciae
710 1575 796 1632 ditata
811 1595 932 1651 superno
972 1600 977 1609 ·

321 1668 468 1723 Thesauro
481 1665 577 1734 tellus,
593 1686 623 1721 ac
637 1666 768 1721 decorata
780 1667 873 1722 nimis.

287 1758 428 1815 Laudibus
442 1758 551 1813 eximiis
565 1768 656 1813 totum
669 1758 807 1813 celebrata
820 1777 870 1832 per
881 1757 994 1824 orbem,

322 1852 359 1905 Et
373 1850 482 1904 munita
494 1849 582 1922 patris
596 1849 766 1922 magnanimi
781 1850 897 1904 meritis.

286 1941 386 1997 lulelix
400 1941 511 2014 Myrea,
526 1940 583 1995 tuis
596 1939 713 2012 spoliata
727 1938 852 1994 manebis
948 1975 950 1979 Α

320 2030 452 2088 Cultibus
464 2040 493 2085 et
505 2028 602 2096 donis,
618 2039 771 2103 moestaque
783 2046 894 2103 semper
906 2032 971 2086 eris.

288 2123 315 2178 0
328 2122 352 2176 N
356 2121 443 2176 icolae
455 2131 544 2193 pater,
560 2130 619 2174 toto
632 2119 797 2174 venerabilis
809 2119 892 2188 orbe,

323 2213 381 2269 Cur
394 2212 513 2286 patriam
527 2221 649 2265 nostram
665 2208 783 2276 deseris,
800 2211 888 2266 immo
900 2213 996 2265 tuam?

288 2302 342 2356 Hic
354 2302 465 2375 genitus
479 2300 586 2368 lueres,
602 2300 758 2374 sanctisque
771 2300 934 2374 parentibus
946 2300 1032 2369 altus,

322 2390 377 2447 Hie
390 2408 461 2466 puer
473 2401 502 2446 et
510 2388 634 2462 juvenis,
649 2389 761 2464 virque,
775 2408 913 2465 senexque
926 2392 997 2464 pius.

290 2484 344 2538 Hic
356 2493 435 2556 pater
447 2492 476 2537 et
487 2480 633 2547 dominus,
648 2491 752 2553 pastor,
766 2491 914 2555 custosque
927 2481 1078 2555 benignus,

321 2573 465 2627 Hactenus
478 2571 531 2626 bac
544 2571 633 2644 patria
649 2570 726 2624 vivus
738 2579 766 2624 et
779 2571 923 2626 exanimis.

290 2663 429 2735 Quaelibet
439 2663 512 2718 hauc
525 2663 654 2717 miseram
667 2662 777 2735 quoties
787 2660 901 2715 adversa
913 2660 1090 2734 premebant,
1173 2694 1185 2723 o

323 2755 467 2811 Auxilium
482 2753 564 2828 petiit
577 2771 655 2820 mox,
670 2762 749 2825 pater
761 2751 845 2820 alme,
861 2761 950 2805 tunm.

292 2845 387 2901 llebus
400 2846 430 2900 iu
443 2844 564 2900 adversis
576 2843 689 2910 aderas,
705 2859 766 2915 spes
778 2859 833 2896 uua
848 2841 960 2909 salutis,

328 2936 475 2990 Munimeu
486 2935 614 2990 tribuens
627 2932 800 3006 supplicibus
814 2932 934 3005 populis.

292 3024 421 3093 Quorum
435 3034 504 3079 tunc
519 3022 661 3096 precibus,
678 3039 775 3094 praescs
788 3020 957 3087 venerande,
975 3020 1097 3087 favebas,

330 3113 460 3187 Votaque
474 3111 640 3184 suscipiens,
655 3128 770 3184 quaeque
785 3119 881 3182 rogata
895 3109 988 3163 dabas.

293 3202 427 3278 Undique
439 3200 591 3256 currebant
601 3197 709 3255 cunctis
722 3218 737 3254 e
750 3200 877 3273 partibus
890 3199 967 3254 orbis

328 3291 374 3348 Ad
386 3309 496 3348 merum
510 3289 650 3346 tumulum
664 3306 734 3363 saepe
747 3289 931 3344 salutiferum.

295 3381 425 3451 Noverit,
439 3381 511 3437 heu!
527 3396 644 3435 vacuum
660 3378 744 3434 simul
756 3379 809 3433 bac
821 3378 897 3452 quod
909 3378 992 3433 turba
1006 3378 1109 3446 fidelis,

329 3473 431 3531 Omnis
443 3472 562 3529 cessabit
572 3470 679 3539 cultus,
695 3481 725 3525 et
737 3471 829 3525 omnis
842 3471 943 3526 bonor.

296 3566 412 3622 Munera
424 3566 529 3641 quippe
541 3563 592 3618 Dei
606 3562 739 3630 deerunt,
754 3571 783 3616 et
796 3563 884 3635 gratia
895 3563 985 3636 prima

331 3655 460 3711 Historiae
472 3653 562 3710 solum
575 3669 676 3708 nomeu
689 3652 744 3706 erit
754 3652 865 3707 veteris.

295 3746 402 3812 Pastor,
416 3762 480 3800 oves
491 3742 619 3819 proprias
631 3742 676 3797 cui
691 3760 741 3797 uos
753 3743 906 3797 committis
919 3741 1049 3797 alendas?

274 3841 277 3847 '
333 3837 374 3891 Te
385 3835 530 3910 linquente
544 3852 657 3910 gregem
672 3852 736 3889 mox
748 3834 831 3907 lupus
843 3833 982 3888 adveniet.

301 3926 411 3993 Virtus,
428 3924 550 3981 solamen
567 3936 709 3993 nostrum,
725 3924 810 3979 decus
825 3942 922 3992 omne,
937 3923 1077 3992 levamen,

331 4016 378 4070 Tu
391 4033 452 4088 spes
466 4034 534 4084 una,
550 4015 635 4084 salus,
650 4033 786 4089 causaque
797 4013 904 4068 laetitiae.

295 4106 345 4164 Vae
358 4105 439 4161 nobis
452 4106 574 4161 miseris!
590 4106 648 4161 baec
662 4106 755 4161 omnia
769 4103 912 4179 perdimus
925 4128 930 4157 :
942 4113 970 4158 at
984 4122 1035 4159 uos

333 4197 408 4253 Hinc
420 4195 497 4252 subit
509 4206 538 4251 et
550 4195 656 4267 luctus,
671 4207 880 4271 perpetuusque
892 4194 982 4250 dolor.

297 4288 375 4343 Heu!
391 4286 436 4343 cui
450 4285 504 4342 tale
515 4286 591 4344 uelas
604 4287 658 4345 luit
670 4287 727 4344 hec
740 4287 873 4361 permissa
886 4292 1007 4358 potestas
