2888 4934
208 402 266 467 468
338 401 521 466 HISTORIA
544 401 852 466 Ecctffilnsrlct.
877 410 1280 493 [xvrtr-xxvrnor.1095]

256 537 383 636 Igitur,
402 560 487 607 mox
506 551 547 606 ut
564 533 732 609 Urbanus
748 537 841 637 Papa
866 536 1068 638 hujusmodi
1090 542 1279 639 planctum

204 650 350 727 auribus
372 649 660 723 Christianorum
686 653 898 753 eloquenter
915 656 1060 745 retulit,
1085 657 1278 759 adjuvante

203 771 316 871 gratia
330 769 411 856 Dei,
427 766 558 840 nimius
571 793 675 843 amor
686 771 942 871 peregrinandi
955 773 1167 851 innumeros
1180 779 1274 852 iuva·

201 892 266 977 sit,
288 905 325 962 et
339 886 473 987 praedia
494 912 555 958 sua
573 885 750 976 vendere,
770 905 807 961 et
828 916 980 991 quaeque
1003 890 1185 969 habebant
1207 924 1275 996 pro

135 1097 143 1111 '
201 1008 345 1082 Christo
360 1004 568 1104 relinquere
585 1006 770 1102 persuasit.
790 1007 970 1083 Divitibus
994 1011 1113 1110 itaque
1128 996 1168 1085 et
1192 1040 1275 1114 pau-

200 1124 364 1225 peribus,
382 1122 470 1194 viris
482 1138 521 1197 et
531 1121 763 1214 mulieribus,
786 1125 970 1199 monachis
982 1142 1020 1199 et
1036 1128 1197 1218 clericis,
1215 1158 1271 1204 ur·

200 1243 302 1316 banis
318 1257 354 1313 et
376 1240 536 1328 rusticis,
568 1240 605 1310 in
628 1240 827 1314 Jerusalem
844 1241 972 1332 eundi,
992 1261 1054 1316 aut
1066 1263 1194 1320 euntes
1208 1247 1272 1321 ad·
1325 1240 1328 1245 ’

195 1358 342 1461 juvandi
381 1359 498 1430 inerat
539 1357 707 1430 voluntas
747 1358 935 1432 mirabilis.
968 1361 1091 1434 Mariti
1124 1362 1270 1439 dilectas

197 1481 365 1579 conjuges
380 1475 481 1549 domi
504 1475 710 1575 relinquere
726 1475 979 1575 disponebant.
999 1479 1074 1552 lllae
1097 1506 1188 1555 vero
1207 1508 1269 1582 ge-

197 1611 352 1684 mentes,
371 1593 494 1667 relicta
509 1593 612 1690 prole
628 1619 710 1664 cum
725 1593 893 1667 omnibus
908 1594 1043 1669 divitiis
1056 1597 1146 1686 suis,
1164 1601 1203 1672 in
1215 1626 1270 1700 pe-

195 1711 442 1815 regrinatione
459 1709 556 1782 viros
572 1735 653 1781 snos
669 1710 767 1809 sequi
785 1709 889 1784 valde
905 1712 1109 1810 cupiebant.
1129 1715 1268 1791 Praedia

195 1856 296 1919 vero,
316 1827 486 1900 hactenus
499 1851 594 1913 cara,
615 1825 677 1897 vili
695 1826 814 1924 pretio
830 1854 928 1901 trunc
944 1827 1211 1922 vendebantur,
1234 1852 1270 1907 et

193 1976 293 2025 arma
309 1943 534 2033 emebantur,
551 1941 682 2043 quibus
698 1943 789 2018 ultio
805 1944 926 2017 divina
943 1973 1050 2046 super
1062 1946 1270 2048 Allopbilos

192 2079 432 2145 exerceretur.
457 2061 567 2133 Fures
594 2077 630 2132 et
652 2061 795 2158 piratae,
823 2061 955 2162 aliique
978 2063 1145 2138 scelerosi
1173 2083 1268 2141 tactu

191 2189 346 2290 Spiritus
358 2181 423 2254 Dei
437 2180 482 2254 de
495 2178 675 2279 profundo
686 2179 884 2280 iniquitatis
897 2181 1134 2281 exurgebant,
1149 2203 1269 2261 reatin

191 2333 272 2380 suos
287 2301 500 2378 confitentes
524 2293 797 2394 relinquebant,
816 2312 853 2369 et
873 2323 942 2395 pro
959 2298 1072 2397 culpis
1090 2302 1163 2373 suis
1190 2303 1268 2377 Deo

191 2421 460 2505 satisfacientes,
479 2438 630 2513 peregre
645 2411 858 2512 pergebant.
878 2413 1052 2488 Providus
1068 2442 1160 2491 vero
1173 2419 1267 2520 Papa

174 2536 336 2627 omnes,
356 2535 418 2637 qui
446 2555 606 2630 congrue
622 2556 721 2603 arma
739 2532 834 2605 serre
850 2548 1037 2630 poterant,
1057 2535 1102 2605 ad
1126 2534 1266 2611 bellum

189 2672 315 2732 contra
335 2650 498 2724 inimicos
511 2646 575 2718 Dei
593 2646 745 2732 excivit,
765 2662 801 2718 et
819 2648 1041 2744 poenitentes
1053 2652 1205 2726 cunctos
1222 2679 1265 2726 cx

190 2777 249 2849 illa
267 2774 356 2846 bora
367 2825 377 2859 ,
401 2794 470 2869 qna
488 2789 634 2837 crucem
649 2763 797 2836 Domini
816 2781 1018 2855 sumerent,
1038 2792 1082 2839 ex
1099 2771 1265 2843 auctori-

189 2909 259 2966 tate
273 2891 336 2962 Dei
352 2886 398 2959 ab
414 2882 583 2959 omnibus
605 2880 758 2978 peccatis
775 2882 845 2953 suis
860 2880 1031 2973 absolvit,
1047 2900 1083 2956 et
1100 2885 1149 2958 ab
1162 2891 1263 2961 omni

187 3007 399 3112 gravedine,
416 3030 498 3104 quae
513 3000 553 3072 fit
567 3002 604 3072 in
616 3000 779 3099 jejuniis,
795 2999 944 3099 aliisque
961 3004 1263 3078 macerationibus

187 3126 323 3213 carnis,
340 3122 397 3220 pie
414 3119 599 3192 relaxavit.
620 3116 869 3191 Consideravit
881 3118 978 3190 enim
990 3121 1260 3217 perspicaciter,

186 3264 227 3321 ut
239 3242 396 3344 prudens
414 3255 449 3312 et
467 3237 644 3336 benignus
657 3234 848 3320 archiater,
869 3235 967 3335 quod
981 3235 1016 3308 bi
1032 3239 1093 3336 qui
1108 3266 1260 3340 peregre

185 3362 514 3465 proficiscerentur,
524 3351 1258 3454 inviamultisdiutinisquediscriminibus

184 3481 376 3581 saepissime
392 3489 624 3561 vexarentur,
642 3488 679 3544 et
693 3469 918 3544 multimodis
934 3471 1072 3545 casibus
1090 3473 1183 3547 laetis
1200 3503 1257 3550 seu

185 3596 348 3671 tristibus
361 3591 764 3695 quotidieangcrentur,
779 3615 847 3687 pro
861 3589 991 3689 quibus
1004 3589 1168 3666 benivoli
1182 3620 1258 3667 ver·

184 3717 280 3791 nulae
297 3714 429 3787 Christi
445 3711 613 3784 aconctis
628 3709 815 3806 culparum
828 3707 994 3782 sordibus
1006 3712 1251 3807 expiarentur.

232 3837 274 3906 ln
288 3831 443 3906 concilio
454 3830 547 3926 Papa
560 3826 749 3926 magnifice
758 3825 989 3924 praedicante,
1003 3842 1040 3899 et
1050 3827 1143 3902 filios
1156 3831 1254 3902 Jeru·

183 3948 291 4024 salem
301 3944 347 4018 ad
359 3932 585 4042 ereptionem
597 3957 729 4014 sanctae
746 3943 870 4014 matris
881 3968 952 4014 suae
968 3942 1252 4017 viriliterexlror·

180 4160 244 4236 qu'lt
267 4157 291 4212 la
311 4155 383 4211 suite
403 4154 439 4209 dc
460 4152 595 4207 l'lristoire
617 4152 650 4204 dc
673 4172 702 4203 rc
723 4151 797 4221 Papi»
817 4169 866 4220 par
888 4150 953 4205 ‹loin
975 4151 1093 4210 lluinarr
1113 4152 1246 4217 (ΟΕῃη-ρς

220 4248 344 4327 ubantes
356 4244 391 4301 tle
406 4240 569 4308 llabillon).
