2888 4934
71 420 179 495 [roos]
440 417 556 479 nunu
579 419 768 479 uerutus,
1079 425 1139 484 397

67 547 175 622 braio
200 575 281 621 cum
309 547 464 622 Morello
492 565 621 647 nepote
647 575 711 622 suo
733 565 769 621 et
794 549 969 622 militibus
994 555 1139 625 armatis

67 668 249 756 occurrit,
277 684 381 740 etex
409 667 590 765 insperato
615 669 790 741 inermem
816 669 1006 743 interlecit.
1033 670 1139 764 Quod

66 785 215 859 audiens
244 810 308 858 rex
337 784 566 884 Anglorum,
594 787 768 887 regnique
796 789 1005 885 optimates,
1036 787 1138 862 valde

67 904 271 978 contristati
288 918 388 992 sunt,
408 920 523 1007 ptpro
537 921 611 977 tam
623 904 719 978 sceda
738 931 795 993 re,
816 921 961 1006 tamque
979 905 1135 996 crudeli,

65 1021 316 1095 aNormannis
325 1021 525 1112 commissa,
537 1023 645 1095 nimis
655 1022 905 1121 erubuerunt(
914 1025 958 1121 ι).
974 1025 1136 1097 Priscum

64 1140 203 1227 lacinus
228 1167 248 1212 a
270 1138 455 1212 modernis
484 1142 651 1213 iteratum
677 1157 742 1214 est.
764 1142 857 1215 Nam
878 1143 969 1215 sicut
996 1141 1134 1233 Abner,

64 1255 162 1330 filius
183 1257 273 1345 Ner,
294 1284 312 1329 a
330 1257 422 1331 Joab
441 1274 477 1330 et
496 1257 637 1347 libini,
661 1257 706 1331 dc
728 1259 838 1333 domo
858 1259 972 1333 David
990 1260 1137 1359 pacifice

64 1374 228 1463 rediens,
251 1375 375 1450 dolose
398 1393 606 1475 peremptus
631 1393 702 1465 est,
729 1378 779 1449 sic
805 1379 982 1451 lllelcoma
1006 1404 1068 1451 rex
1092 1377 1136 1452 de

64 1493 167 1566 curia
179 1492 363 1567 Guillelmi
378 1495 472 1593 regis
483 1520 660 1593 cumpace
674 1519 850 1586 remeans,
868 1496 1136 1570 aMolbraiauis

64 1609 264 1685 trucidatus
280 1629 344 1685 est.

113 1730 328 1829 Margarita,
349 1730 541 1804 Scotorum
559 1732 704 1829 regina,
729 1748 801 1803 tam
821 1732 915 1804 tristi
940 1733 1071 1805 nuntio
1091 1728 1135 1804 de

63 1863 183 1920 morte
198 1848 267 1919 viri
286 1848 339 1919 sui
357 1851 537 1947 perculsa,
557 1850 797 1939 contremuit,
818 1874 1014 1949 omnesque
1032 1849 1134 1949 regui

58 1964 113 2036 sui
125 1989 293 2061 proceres
304 1968 529 2053 convocavit,
540 1966 660 2066 eisque
669 1966 762 2040 lilios
772 1994 854 2040 suos
867 1968 918 2063 (2)
929 1998 937 2038 :
948 1965 1132 2067 Edgarum

60 2096 97 2155 ct
114 2079 361 2155 Alexandrum
377 2101 413 2156 et
425 2084 539 2156 David
556 2083 840 2172 commendavit,
860 2111 900 2156 ac
917 2102 958 2158 ut
971 2111 1031 2158 eos
1044 2085 1136 2158 sicut

60 2196 155 2271 lilios
179 2200 273 2298 regis
299 2200 542 2291 honorarent,
571 2200 784 2275 obsecravit.
811 2203 988 2301 Susceptis
1014 2216 1134 2275 autem

57 2314 228 2413 precibus
244 2315 317 2415 ejus
334 2344 416 2388 cum
436 2318 571 2416 ingenti
589 2319 710 2391 lavore
724 2345 742 2388 a
757 2319 853 2391 curia
865 2373 875 2409 ,
886 2319 989 2418 jussit
1002 2343 1135 2417 aggre-

58 2430 137 2530 gari
156 2457 355 2531 pauperum
369 2434 531 2532 agmina,
553 2435 673 2534 eisque
686 2459 755 2532 pro
771 2459 895 2507 amore
908 2434 974 2506 Dei
986 2459 1134 2507 omnem

59 2545 266 2621 thesaurum
285 2575 389 2622 suum
409 2548 600 2638 distribui,
626 2576 823 2650 omnesque
843 2551 985 2652 rogarit
1006 2566 1046 2623 ut
1064 2576 1134 2651 pro

93 2767 135 2840 (r)
154 2768 204 2823 Les
222 2767 294 2823 deux
313 2770 370 2823 rois
381 2769 509 2840 jurerent
529 2786 630 2824 encore
647 2785 703 2823 une
714 2767 767 2822 sois
781 2767 806 2822 la
826 2769 891 2842 paix
906 2772 922 2822 a
936 2767 1093 2837 Glocester‚
1108 2769 1133 2825 le

54 2856 124 2930 jour
144 2857 180 2913 de
198 2857 223 2914 la
243 2859 523 2926 saint-Barthelemi,
547 2863 581 2925 al
596 2857 663 2912 aorit
681 2858 797 2931 1092.11
817 2859 887 2913 n’est
906 2859 986 2931 point
1003 2860 1060 2913 vrai
1078 2877 1133 2933 que

56 2946 190 3005 Maloolm
204 2950 258 3005 soit
273 2951 343 3021 parti
359 2949 463 3023 charge
477 2949 512 3004 de
527 2952 667 3022 pre'senls;
683 2959 746 3002 tout
758 2967 789 3003 ce
800 2948 869 3022 qu'il
884 2960 935 3021 put
946 2948 1058 3004 obtenir
1070 2949 1131 3004 sut:

57 3049 91 3095 ut
105 3041 137 3094 in
154 3059 243 3114 reguo
255 3040 394 3097 t‘ndemru's
411 3040 526 3107 rediret,
542 3039 585 3095 dit
599 3039 761 3095 Guillaume
775 3039 811 3095 de
828 3039 1025 3114 lllalruesbury.
1040 3042 1080 3097 Cc
1098 3060 1132 3097 ne

56 3129 104 3185 snt
116 3131 197 3203 point
208 3149 265 3185 non
279 3130 341 3203 plus
352 3130 420 3185 dans
435 3149 466 3186 ce
479 3141 576 3186 retour
588 3130 657 3204 qu'il
676 3131 719 3185 lut
737 3132 799 3197 tue,
819 3131 888 3184 mais
907 3128 973 3185 bien
995 3130 1020 3185 le
1036 3128 1068 3186 13
1084 3149 1133 3185 no·

56 3218 272 3295 vembre1093,
288 3221 355 3293 jour
373 3220 409 3276 de
420 3221 606 3288 saint-Reice,
627 3222 692 3294 pres
713 3220 747 3274 do
769 3219 794 3275 la
809 3221 909 3276 rivilre
928 3220 1042 3288 d’Alne,
1062 3239 1132 3293 pen-

56 3308 129 3369 dant
147 3311 278 3387 qn’irrite
299 3312 335 3368 de
356 3313 382 3367 la
403 3313 526 3368 maniere
541 3312 611 3367 dont
625 3313 646 3367 il
659 3313 732 3367 avait
746 3315 791 3367 e'te
812 3331 877 3386 recu
899 3311 1090 3379 aGlocester,
1112 3311 1132 3379 il

57 3403 183 3461 menait
196 3421 269 3478 pour
281 3402 307 3458 la
320 3404 462 3459 troisidme
475 3404 528 3459 lois
540 3396 654 3477 rdvager
668 3402 862 3477 l’Angleterre.
877 3404 933 3459 Son
950 3402 990 3456 lils
1004 3403 1067 3457 alne
1081 3412 1133 3474 put

15 3542 18 3547 .
57 3512 196 3569 regagner
207 3483 340 3561 l’Ecosse,
356 3493 427 3563 ou'jl
442 3505 570 3561 mourut,
587 3495 657 3549 trois
666 3493 746 3565 jours
760 3495 854 3566 apres,
869 3493 917 3547 des
932 3493 1017 3547 suites
1035 3490 1070 3546 de
1089 3509 1132 3545 ses

55 3582 205 3641 bleuures.
219 3583 340 3652 Morcal,
353 3583 415 3639 leur
426 3584 585 3652 meurtrier,
599 3584 667 3639 etait
678 3585 797 3638 vicomte
809 3582 858 3637 des
870 3581 1089 3647 Nortlrumbres,
1104 3592 1132 3636 et

56 3670 173 3728 rdtidait
183 3671 415 3727 hahituellement
428 3691 463 3728 en
478 3679 551 3727 cette
563 3672 668 3746 qualite
680 3675 695 3727 a
707 3670 845 3727 Alnwiclr.
860 3671 934 3726 C'est
947 3688 978 3724 ce
989 3670 1037 3743 qui
1051 3689 1066 3723 a
1081 3669 1131 3724 fait

55 3780 193 3837 supposer
206 3765 221 3817 a
236 3781 274 3817 un
290 3762 427 3818 historien
442 3781 498 3837 que
516 3763 643 3818 lllalcolm
660 3764 733 3816 avait
747 3763 800 3816 mis
814 3761 839 3816 le
854 3761 929 3834 sie'ge
944 3760 1045 3817 devant
1058 3770 1131 3816 cette

55 3851 130 3909 vitta.
150 3852 177 3909 11
196 3853 287 3927 paruit
300 3853 369 3928 qu’il
388 3855 432 3909 lut
450 3855 561 3909 victime
579 3853 647 3908 d‘un
668 3864 847 3926 guest-apem,
867 3863 967 3926 etque
986 3850 1089 3906 Morcal
1105 3849 1131 3905 le

57 3934 165 4018 tnrprit
173 3942 310 4000 desarmd.
321 3944 378 4000 Son
389 3963 470 4019 corps
480 3946 564 4001 serait
572 3947 646 3999 reste
655 3962 717 3999 sans
727 3943 883 4017 sepulture,
898 3944 921 3998 si
933 3943 1005 3999 deux
1017 3959 1130 4016 paysans

57 4050 94 4089 ue
105 4032 235 4090 l'sraient
248 4037 330 4108 porte
344 4038 360 4090 'a
374 4035 563 4104 Tinemouth,
580 4037 618 4090 ou
633 4034 665 4089 ils
680 4034 883 4090 l'euterrerent.

92 4124 133 4195 (a)
154 4111 300 4193 lidouard,
317 4125 398 4181 l'aine
414 4125 449 4182 de
466 4144 507 4182 ses
525 4125 646 4194 calante,
667 4125 739 4179 avait
755 4127 800 4180 e'tc'
814 4126 863 4180 tue
880 4143 914 4179 en
934 4124 1023 4179 mdme
1041 4134 1130 4195 temps

58 4231 114 4287 qus
127 4212 269 4271 Haloolrn.
