2888 4934
309 445 369 507 srs
570 420 766 504 'nrsrorrr
787 442 1093 506 eccunnsrrct.
1263 453 1365 531 [roos]

308 574 374 645 tibi
395 598 593 675 apparere,
616 598 804 673 meumque
828 576 999 648 miserum
1015 603 1092 650 esse
1109 576 1177 651 tibi
1193 583 1299 651 mani
1312 608 1367 655 es-

309 707 397 763 tare.
418 692 622 791 Postquam
640 694 679 762 in
693 688 924 765 Normarrnia
943 711 1061 767 tecum
1085 695 1230 769 locutus
1240 695 1327 796 sui,
1343 726 1367 771 a

307 828 342 881 te
362 810 544 882 salutatus
566 814 605 880 in
628 807 804 907 Angliam
825 811 991 911 perreai,
1014 810 1262 913 ibiquestnem
1284 817 1368 887 uita

301 925 414 1024 jussu
438 924 621 998 Creatoris
639 925 768 1024 accepi
769 980 783 1014 ,
804 941 838 996 et
849 951 919 1026 pro
931 929 1098 1026 peccatis
1115 930 1249 1027 quibus
1264 932 1368 1005 nimis

308 1059 477 1114 oneratus
491 1068 606 1133 eram,
621 1042 800 1114 immania
813 1040 995 1141 supplicia
1002 1045 1147 1145 pertuli.
1159 1047 1283 1119 Arma
1292 1072 1369 1149 qua

293 1153 470 1256 ferimus,
489 1158 598 1255 ignea
610 1174 706 1247 sunt,
722 1172 757 1228 et
774 1153 984 1252 nosfoetore
999 1162 1179 1233 teterrimo
1191 1160 1366 1255 afficiunt,

308 1276 515 1374 ingentique
531 1274 803 1374 ponderositate
818 1275 927 1346 nimis
944 1276 1173 1376 opprimunt,
1187 1292 1225 1349 et
1241 1278 1368 1351 ardore

309 1389 583 1490 inextinguibili
598 1389 826 1464 comburunt.
848 1394 1037 1462 Hactenus
1057 1395 1183 1490 itaque
1199 1392 1368 1494 hujusce-

290 1568 293 1573 ,
307 1508 531 1609 nrodipaenis
540 1505 1120 1580 inenarrabilitercruciatussurn.
1135 1508 1216 1582 Sed
1225 1511 1369 1610 quaudo

309 1625 349 1694 in
372 1622 513 1722 Anglia
538 1623 731 1696 ordinatus
741 1618 877 1720 sitisti,
897 1639 932 1694 et
951 1624 1110 1723 primam
1133 1626 1289 1698 missam
1308 1650 1370 1727 pro

297 1741 477 1842 fidelibus
494 1739 675 1841 defunctis
687 1743 863 1831 cantasti,
883 1736 1280 1842 Buduffuspatertuus
1291 1770 1371 1845 sup-

307 1858 431 1958 pliciis
444 1875 585 1960 ereptus
604 1874 674 1949 est,
696 1874 729 1929 et
744 1874 886 1930 scutum
902 1884 1020 1931 meum
1026 1913 1038 1947 ,
1060 1884 1133 1957 quo
1150 1859 1372 1934 uehementer

310 1973 485 2074 angebar,
505 1974 671 2076 elapsum
688 1989 756 2046 est.
775 1975 913 2046 Ensem
935 1972 1053 2065 lunc,
1081 1991 1120 2046 ut
1138 1974 1262 2068 uides,
1275 1974 1368 2076 seru.

311 2093 389 2166 Sed
413 2097 452 2164 in
475 2118 573 2165 anno
589 2091 857 2165 relaxationem
874 2092 921 2164 ab
946 2091 1016 2167 lroc
1031 2092 1373 2193 onerestdueialiter

312 2226 494 2312 exspecto.

358 2328 453 2401 Dum
469 2327 572 2400 miles
590 2326 666 2400 hsec
684 2343 721 2401 et
744 2328 813 2401 aliu
838 2327 1041 2428 hujusmodi
1058 2327 1214 2416 diceret,
1238 2344 1277 2402 et
1290 2328 1372 2403 dili·

310 2459 438 2544 genter
458 2444 503 2518 ad
525 2469 609 2517 eum
631 2443 818 2543 presbyter
843 2443 1066 2533 intenderet,
1085 2446 1184 2546 quasi
1202 2462 1372 2520 strumam

310 2561 492 2661 sanguinis
513 2561 529 2659 (
536 2562 567 2660 r)
585 2561 697 2635 instar
711 2560 857 2635 humani
876 2563 1000 2662 capitis
1016 2561 1061 2635 ud
1080 2565 1156 2662 ejus
1174 2562 1267 2637 tulos
1285 2562 1371 2639 cira

310 2679 460 2753 calcaria
470 2677 574 2767 vidit,
588 2695 803 2778 stupensque
816 2678 866 2751 sic
881 2679 1138 2776 interrogavit:
1156 2679 1264 2752 Unde
1277 2695 1372 2753 tanta

311 2797 521 2897 coagulatio
551 2803 688 2870 cruoris
715 2797 876 2869 imminet
901 2795 1087 2868 calcaneis
1116 2794 1219 2869 tuis?
1239 2795 1292 2868 Ar
1322 2794 1372 2867 ille

311 2911 496 3012 respondit
522 2943 531 2984 ε
554 2913 641 2987 Νοη
667 2928 721 2986 est
745 2916 916 3012 sanguis,
941 2913 1008 2984 red
1031 2913 1147 3007 ignis‚·
1168 2928 1204 2983 et
1225 2913 1371 3013 majon's

311 3027 403 3100 milri
417 3030 655 3101 videturesse
667 3028 844 3126 ponderis
851 3085 864 3117 ,
879 3053 988 3127 qaam
1005 3024 1183 3122 siferrem
1201 3052 1372 3129 superne

312 3146 472 3217 Mentem
487 3143 620 3217 Sancti
631 3143 840 3217 Miclraelis.
856 3146 908 3216 Et
924 3147 1011 3244 qrria
1018 3145 1192 3245 pretiosis
1209 3160 1244 3216 et
1261 3145 1371 3218 acutis

313 3260 443 3334 utebar
469 3259 696 3349 calcaribus,
729 3277 768 3332 ut
782 3256 1005 3359 festinarem
1032 3258 1086 3331 ad
1117 3259 1372 3357 ffundendum

312 3379 528 3476 sanguinem
535 3431 549 3464 ,
561 3378 649 3477 jure
668 3378 855 3448 sarcinam
876 3380 915 3446 in
932 3376 1018 3448 talis
1035 3375 1164 3474 bajulo
1183 3401 1372 3457 enormem·

312 3521 387 3596 qua
397 3492 670 3567 intolerabiliter
675 3510 860 3588 grrroatus,
877 3492 969 3564 nulli
981 3493 1168 3564 leorrrinum
1179 3495 1373 3594 exprimere

313 3609 416 3682 ualrm
427 3634 553 3712 poenae
570 3606 817 3709 quantitatem.
840 3609 934 3682 Hoec
952 3609 1198 3680 indesinenter
1213 3608 1375 3682 meditari

312 3726 480 3799 mortales
496 3725 686 3814 deberent,
711 3742 745 3796 et
759 3726 899 3814 timere,
919 3727 990 3795 irno
1005 3750 1148 3813 cavere,
1164 3751 1212 3796 rre
1223 3753 1291 3824 prro
1307 3749 1375 3796 ren·

312 3839 407 3912 tibus
425 3843 502 3914 suis
516 3859 592 3915 tarn
605 3842 690 3913 dira
711 3841 861 3913 luerent.
887 3840 1004 3912 Plura
1025 3840 1117 3912 milri
1131 3868 1209 3913 rron
1228 3842 1313 3913 licet
1325 3858 1373 3910 te-

314 3981 397 4028 eunt
404 4013 417 4046 ,
420 3954 559 4054 frater,
566 3956 656 4057 fari
659 4017 672 4048 ,
692 3959 783 4058 quia
799 3957 1002 4031 miserabile
1015 3983 1149 4058 agmen
1155 3954 1377 4056 festinanter

346 4204 358 4275 (
364 4206 388 4275 r)
400 4202 446 4259 Un
460 4223 524 4279 gros
535 4207 644 4278 cuillot,
658 4227 713 4264 une
725 4228 811 4267 musso
825 4210 860 4265 de
874 4227 941 4283 sang
954 4227 989 4265 cn
1004 4209 1092 4264 forme
1105 4206 1141 4264 de
1153 4206 1248 4263 boule.
