2888 4934
183 440 348 517 [sensae]
567 437 685 498 ursan
703 436 860 498 suxrus.
1136 502 1141 511 .
1204 437 1243 496 ra

182 567 369 667 adsumpta
394 568 547 642 humana
564 569 676 669 effigie
693 570 805 667 coepit
817 568 951 667 fugere.
977 565 1080 661 Quod
1099 590 1246 639 cernens

182 683 394 774 virbeatus,
414 684 520 758 ait-ad
536 685 689 758 filiolum
702 713 805 758 suum
821 714 829 756 :
850 684 1022 774 Videsne,
1029 681 1169 783 frater,
1185 684 1248 755 leo-

185 805 326 875 minum
336 803 436 875 illum
450 802 735 876 currentemPAt
744 803 804 875 ille
820 832 829 872 z
843 802 930 876 Non
943 800 1064 890 uideo,
1076 802 1245 874 Domine.

187 961 235 976 -
257 919 371 1010 Ecce,
399 920 534 1020 iuquit,
557 919 725 993 diabolus
747 922 785 991 in
806 918 957 991 bominis
967 916 1100 1015 forma
1126 935 1249 990 trans-

178 1035 365 1138 figumtus
396 1033 558 1137 affugit,
586 1041 711 1109 timens
729 1036 860 1109 ibidem
882 1037 1040 1138 amplius
1062 1038 1247 1108 reinorari.

188 1154 275 1227 flaec
291 1152 431 1240 dicens,
452 1153 704 1255 insequebatur
720 1155 831 1226 Belial
856 1155 1064 1254 fugientem.
1083 1151 1150 1247 Qui
1169 1178 1249 1226 cum

189 1270 226 1343 in
244 1269 345 1342 illum
357 1272 499 1360 locum,
515 1272 575 1372 qui
594 1269 1140 1368 nuncabineolisEscalsou(1)
1156 1271 1252 1343 voci·

190 1403 302 1476 tautr,
312 1390 543 1487 pervenisset,
553 1389 658 1462 Satan
668 1387 980 1488 ulteriusiugiendi
988 1388 1169 1461 licentiam
1178 1413 1251 1461 non

191 1504 340 1596 habens,
356 1506 466 1580 stetit.
486 1493 613 1579 Beatus
626 1531 713 1580 vero
729 1506 900 1580 Ebrult'us
915 1505 1081 1580 audacter
1094 1506 1250 1594 accessit,

192 1625 229 1697 in
244 1624 393 1697 furnum
416 1624 621 1715 ardentem,
642 1625 704 1726 qui
727 1623 921 1726 coquendis
936 1622 1088 1723 panibus
1108 1621 1254 1722 paraba-

192 1757 266 1832 tur,
286 1741 389 1814 illum
397 1744 568 1843 projecit,
587 1759 622 1814 et
634 1770 673 1816 os
688 1741 820 1816 clibani
831 1741 1002 1841 operculo
1014 1743 1146 1831 ferreo,
1157 1740 1254 1841 quod

194 1858 242 1933 ibi
249 1861 345 1933 {orte
353 1861 500 1959 reperit,
514 1862 679 1960 protinus
689 1859 883 1933 obstruxit.
897 1861 1012 1934 Loctn
1025 1859 1117 1933 idem
1128 1858 1255 1932 exinde

195 1974 239 2048 ab
250 1992 384 2049 eventu
400 1975 564 2049 Escalsou
584 1992 726 2050 vocatus
743 1992 808 2050 est.
832 1977 909 2050 Hoc
927 1978 1045 2076 itaque
1064 1976 1253 2061 mulieres,

196 2117 277 2192 quoe
306 2118 414 2191 panes
427 2119 519 2167 »suos
539 2091 584 2165 ad
605 2092 831 2193 eoquendum
855 2092 1075 2179 detulerant,
1099 2108 1139 2165 ut
1154 2090 1256 2163 vide-

197 2226 305 2297 runt,
328 2209 578 2309 obstupefactae
599 2210 678 2284 viro
703 2211 766 2283 Ilei
791 2210 989 2283 dixerunt:
1013 2210 1116 2310 Quid
1121 2205 1256 2306 facie-

198 2353 297 2415 mus,
325 2326 485 2415 domine,
512 2326 556 2400 de
573 2328 735 2430 panibus
756 2325 912 2400 nostris?
933 2325 1069 2421 Quibus
1092 2326 1152 2398 ille
1177 2324 1253 2397 ait:

201 2443 335 2517 Putem
355 2461 407 2516 est
428 2447 528 2517 Deus
546 2443 683 2545 absque
701 2470 871 2544 corporeo
890 2446 975 2544 igne
987 2468 1103 2547 penes
1121 2459 1256 2515 oestrus

200 2586 360 2662 coquere.
382 2562 548 2635 Plateam
568 2580 652 2635 ante
674 2563 859 2635 clibanum
879 2562 1074 2662 diligenter
1087 2575 1255 2663 scopate,

201 2693 230 2749 et
248 2681 411 2751 seriatim
426 2705 545 2780 panes
566 2696 701 2751 uestros
728 2679 861 2751 ibidem
883 2681 1072 2780 exponite,
1098 2693 1151 2764 et,
1176 2702 1258 2748 cum

202 2796 416 2899 adplenum
440 2798 588 2869 excocti
592 2795 757 2895 suerint,
779 2797 834 2870 ad
851 2798 1029 2900 proprias·
1042 2794 1169 2867 domos
1192 2792 1258 2863 de·

192 2909 298 3008 ferte.
326 2911 429 3006 Quod
448 2913 496 2985 ita
517 2912 739 2999 factumest,
764 2913 900 2986 cunctis
915 2912 1031 2985 Deum
1051 2908 1259 2983 collaudan-

174 3045 175 3048 ’
203 3028 315 3120 tibus,
331 3029 460 3131 quibus
477 3030 545 3103 hoc
556 3046 736 3103 ostensum
753 3044 819 3102 est.
838 3029 975 3103 Deinde
988 3029 1112 3103 beatus
1127 3026 1260 3100 Ebrul-

202 3152 253 3224 ἴω
273 3151 319 3225 ad
337 3153 593 3226 monasterium
613 3178 716 3225 suum
732 3151 858 3240 rediit,
874 3150 1034 3252 duosque
1055 3153 1182 3224 iratres
1198 3150 1259 3250 qui

203 3269 376 3365 perempti
393 3269 553 3355 fueraut,
571 3295 691 3343 coram
708 3295 744 3340 sc
757 3267 886 3342 deferri
901 3271 1085 3368 praecepit.
1107 3271 1261 3340 Prostra·

204 3469 518 3480 *n———u—-a-e-Q—
523 3473 545 3480 .-
550 3469 1255 3481 ---.----------,.--.-..---ο-

233 3590 272 3660 (1)
293 3575 461 3643 Eehauiour.
485 3588 560 3643 Nous
574 3607 608 3644 ue
621 3606 803 3662 comprenons
824 3607 872 3661 pas
892 3587 1079 3661 l’etymologie
1103 3605 1158 3661 que
1181 3597 1261 3641 notro

204 3686 301 3734 auteur
313 3677 431 3751 pretend
442 3679 590 3752 assignem
601 3698 632 3734 ce
646 3690 719 3747 mot,
733 3684 748 3735 a
760 3682 850 3734 moins
862 3678 931 3752 qu'il
948 3697 983 3733 ne
996 3678 1021 3732 la
1035 3695 1140 3751 prenue
1153 3677 1261 3751 d’apres

203 3764 229 3822 lc
255 3778 317 3823 mot
338 3766 455 3842 francais
480 3757 647 3824 Echauiour.
675 3770 750 3825 Nous
771 3769 873 3824 devons
899 3767 1053 3842 cependaut
1076 3770 1183 3841 ajouter
1207 3788 1261 3844 que

204 3854 243 3914 Ι.
264 3856 409 3931 stapleton
428 3877 464 3914 ne
483 3869 579 3914 trouve
601 3878 707 3914 aucune
728 3857 859 3913 difficulte
875 3857 1067 3914 tl’admcttre.
1086 3860 1163 3914 Pour
1175 3878 1258 3924 nous,

204 3962 274 4003 nous
294 3965 413 4020 pensons
434 3966 489 4022 que
507 3948 576 4003 len
599 3948 691 4004 finale
710 3951 754 4003 ete
773 3949 865 4019 ajoute
877 3950 957 4021 apres
968 3968 1053 4023 caup,
1068 3968 1175 4004 comme
1194 3948 1261 4003 dans

205 4037 318 4093 ulem
329 4046 359 4092 et
369 4047 434 4092 tous
445 4035 485 4091 les
496 4055 575 4091 nome
588 4037 623 4092 de
636 4037 691 4093 lieu
704 4036 881 4109 aujoutd'hui
892 4039 1024 4093 termines
1039 4038 1165 4108 cusleur.
1185 4038 1262 4091 Nous

204 4124 408 4183 &mandemus
434 4128 572 4184 d'ailleurs
599 4129 682 4205 qu’on
703 4129 832 4203 applique
852 4140 923 4184 cette
947 4131 1158 4204 interpretation
1180 4127 1262 4183 d'une

206 4217 326 4273 mann
340 4218 520 4275 nuntiante
532 4238 566 4274 au
578 4238 642 4274 nom
654 4218 689 4272 de
702 4218 727 4273 la
741 4238 887 4274 commune
899 4219 1029 4291 contigui
1042 4245 1046 4272 z
1059 4207 1261 4274 Echaumcenil.
