2888 4934
195 396 255 457 ⁵5⁴
472 392 660 453 ntsroutt
681 391 991 454 ttcctfflts‘rtct.
1065 397 1165 470 [sosio
1182 396 1277 474 1098]

195 542 261 600 est.
281 523 312 597 A
329 549 436 598 mane
455 549 545 624 crgo
561 550 673 624 usque
686 522 731 596 ad
746 550 931 623 vesperam
943 522 1136 614 foderunt,
1155 540 1197 598 et
1208 551 1277 599 eo·

193 640 277 714 dem
298 642 425 727 Petro,
449 641 504 712 cui
530 640 726 712 revelatum
741 641 876 730 suerat,
891 655 1090 738 praesente,
1110 640 1277 715 lanceam

194 775 422 858 repererunt.
442 757 518 851 Qun
548 774 758 832 reverenter
785 758 922 847 lerata,
942 756 1113 858 publicus
1133 760 1277 834 clamor

193 877 371 964 exoritur,
397 873 548 949 celebris
579 874 623 947 ad
645 901 724 949 eam
752 901 946 950 concursus
964 877 1100 977 agitur,
1128 892 1170 951 et
1201 894 1274 950 tota

191 993 385 1067 devotione
403 992 645 1067 deosculatur.
662 993 750 1066 Orta
772 1010 825 1067 est
846 993 958 1093 igitur
972 996 1070 1067 inter
1090 1019 1154 1069 eos
1176 1010 1274 1066 tanta

193 1113 335 1201 laetitia,
357 1129 416 1199 ut,
436 1128 575 1186 remota
591 1112 691 1186 omni
709 1111 841 1186 accidia
860 1113 934 1210 (t),
953 1110 1123 1210 deinceps
1138 1112 1276 1185 nullius

190 1232 427 1305 meminerint
439 1231 643 1318 moestitiae,
660 1246 697 1302 et
714 1254 757 1302 ex
776 1245 863 1303 tunc
876 1227 950 1302 ausi
964 1229 1101 1302 suerint
1113 1227 1162 1302 dc
1176 1227 1274 1303 bello

191 1363 360 1423 tractare.

239 1467 433 1542 Communi
453 1465 743 1540 Christianorum
766 1466 943 1555 consilio,
975 1463 1147 1538 industrii
1172 1467 1271 1538 riri:

190 1582 316 1656 Petrus
326 1584 504 1675 Eremita,
513 1583 767 1671 ctHerluinus,
781 1585 958 1656 Turcanae
971 1583 1106 1681 linguae
1115 1583 1271 1681 peritus,

189 1699 235 1774 ad
256 1700 535 1775 Curbarannum
560 1702 784 1788 missisunt,
808 1701 912 1801 eique
937 1716 974 1772 et
997 1701 1069 1771 suis
1097 1726 1145 1773 ex
1170 1717 1273 1799 parte

188 1819 254 1892 Dei
282 1836 320 1892 et
348 1820 473 1919 populi
506 1821 581 1918 ejus
614 1818 919 1893 commendarunt
945 1835 986 1890 ut
1013 1816 1157 1917 pacifici
1188 1844 1270 1891 cnm

188 1938 259 2009 suis
280 1937 449 2010 omnibus
463 1936 509 2010 ab
524 1936 635 2027 urbe,
654 1965 763 2038 quem
782 1954 925 2010 sanctus
940 1937 1068 2010 Petrus
1085 1937 1269 2033 apostolus

186 2051 333 2129 Christo
356 2052 579 2154 subjugavit,
605 2054 839 2143 recederent;
860 2054 939 2126 etsi
956 2051 1000 2125 ad
1018 2051 1193 2150 baptismi
1212 2079 1268 2124 sa·

188 2189 415 2246 crementum
432 2174 675 2270 suspirarent,
695 2189 869 2272 tanquam
884 2172 961 2246 veri
978 2172 1109 2244 fratres
1130 2194 1192 2244 eos
1207 2198 1267 2242 su·

187 2290 380 2387 sciperent,
393 2306 428 2363 et
440 2292 612 2388 perennis
624 2291 793 2363 amicitiae
807 2290 925 2364 foedus
939 2289 1086 2363 cumeis
1102 2290 1268 2362 innecte-

98 2410 103 2417 ’
188 2424 284 2480 rent.
318 2408 382 2479 Sin
412 2425 553 2497 autem,
586 2410 738 2483 accincti
769 2407 908 2507 gladio,
937 2409 964 2481 si
996 2404 1195 2492 auderent,
1224 2404 1266 2477 de

186 2526 315 2623 praelio
336 2526 540 2625 cogitarent
566 2528 634 2626 (2)
652 2528 756 2601 Tunc
774 2525 1006 2599 Curbaranus
1030 2540 1140 2597 torvo
1164 2523 1264 2596 vultu

184 2642 320 2742 legatos
333 2643 509 2741 respexit,
527 2642 836 2716 christianitatem
849 2644 1001 2716 omnino
1015 2642 1172 2738 respuit,
1189 2667 1265 2712 crn-

186 2758 333 2831 cifixum
351 2785 476 2859 regem
498 2760 679 2858 despexit,
700 2760 848 2832 Petrum
864 2759 1070 2858 apostolum
1089 2758 1264 2854 supersti-

187 2875 319 2948 tiosum
350 2875 578 2950 seductorem
616 2877 860 2975 nuncupavit,
895 2875 1075 2975 fidemque
1104 2891 1264 2950 nostram

185 2992 461 3091 nugacissimam
474 3009 608 3064 sectam
625 3016 699 3065 esse
714 2993 874 3065 asseruit.
895 2990 952 3063 Ad
966 2991 1107 3065 cultum
1121 2989 1264 3062 Macho-

185 3108 290 3179 metis
321 3106 543 3180 Christianos
573 3107 756 3197 invitavit,
777 3121 1050 3181 contemnentes
1072 3121 1196 3177 autem
1222 3102 1264 3176 de

182 3223 263 3324 suga
274 3225 513 3298 commonuit.
529 3227 667 3326 Legati,
683 3225 937 3325 retrogradum
953 3227 1021 3296 iter
1033 3223 1263 3321 arripientes,

184 3343 302 3416 festini
320 3342 529 3434 redierunt,
550 3361 587 3417 et
603 3344 867 3443 baptizatorum
886 3343 1086 3416 exercitum
1102 3341 1147 3414 de
1167 3339 1264 3414 bello

219 3657 259 3726 (ι)
272 3656 311 3711 Cc
322 3668 380 3711 mot
392 3656 501 3730 signifie
513 3655 734 3712 ordinairement
746 3675 802 3712 une
814 3655 980 3730 disposition
992 3655 1027 3710 de
1036 3654 1118 3710 l'hme
1128 3655 1264 3728 analogue

184 3764 219 3800 au
232 3747 326 3816 spleen
342 3747 540 3821 Britannique;
557 3748 626 3802 mais
641 3748 676 3801 ici
689 3766 760 3802 nous
771 3766 891 3821 pensons
901 3745 969 3821 qu'ii
982 3746 1062 3820 s'agit
1073 3744 1167 3818 piutot
1181 3744 1264 3799 d’one

184 3835 347 3891 melancolie
360 3838 543 3914 nostalgique.

218 3925 258 3994 (α)
274 3927 303 3981 Si
317 3925 372 3980 l'on
385 3947 420 3982 en
435 3931 541 4002 croyait
556 3931 594 3987 les
610 3931 764 3985 historiens
777 3928 946 3994 Orientaux,
965 3936 1038 3981 cette
1052 3927 1170 3982 mirsion
1186 3929 1263 3982 n'an·

182 4018 237 4072 rait
253 4035 288 4071 eu
306 4016 414 4072 d'autre
432 4020 483 4074 but
498 4039 553 4094 quc
568 4021 708 4077 d’obtenir
727 4038 782 4074 une
800 4017 984 4093 capitulation
1003 4015 1175 4084 honorable;
1197 4018 1263 4072 nnis

183 4116 275 4163 tontes
294 4106 333 4162 les
354 4105 486 4162 relations
505 4109 700 4165 Occidentales
719 4120 838 4164 rncttent
856 4108 924 4163 dans
943 4107 967 4161 la
984 4106 1094 4161 bouche
1111 4105 1147 4160 de
1167 4108 1263 4162 Piene

185 4197 308 4250 l'Ernritc
321 4196 369 4250 des
386 4196 492 4268 parolcs
505 4198 652 4270 atraiogucs
666 4200 774 4255 heriles
789 4217 843 4271 quc
858 4215 928 4252 nous
943 4208 1075 4251 trourons
1089 4197 1134 4250 ici.
