2888 4934
547 532 719 619 LIBER
748 528 1035 620 OCTAVUS.

739 778 846 790 nnn·—

310 950 339 1021 l.
359 948 467 1023 Anno
480 947 526 1020 ab
540 947 787 1020 incarnatione
802 947 949 1021 Domini
965 959 1006 1019 u⁰
1018 959 1127 1021 cxxx⁰
1142 958 1199 1041 11⁰,
1221 945 1328 1022 indic-

262 1068 362 1142 tione
379 1072 428 1155 ι’,
448 1065 662 1139 Gnillelmus
683 1063 840 1154 Nothus‚
864 1090 927 1139 rex
951 1064 1178 1165 Anglorum,
1203 1081 1244 1140 νο
1265 1064 1332 1139 idus

262 1184 475 1286 septembris
495 1184 685 1284 Rotomagi
709 1182 895 1257 defunctus
913 1199 984 1274 est,
1005 1199 1042 1258 et
1062 1211 1195 1284 corpus
1212 1185 1286 1286 ejus
1302 1185 1336 1258 in

260 1303 405 1378 ecclesia
425 1304 538 1378 sancti
561 1300 731 1401 Stephani
749 1302 1027 1401 protomartyris
1044 1300 1196 1376 Gadomi
1219 1302 1339 1402 sepul·-

262 1437 340 1495 tum
357 1436 421 1494 est.
437 1419 642 1495 Rodbertus
661 1434 802 1509 autem,
820 1419 913 1492 lilius
929 1421 1022 1520 ejus,
1041 1418 1340 1494 Normannorum

259 1535 333 1612 dux
357 1555 394 1612 et
413 1538 734 1612 cenomannorum
755 1539 924 1638 princeps
949 1537 1222 1611 nominetenus
1240 1538 1340 1610 mul·

261 1656 305 1729 tis
321 1657 426 1729 annis
442 1658 554 1729 sactus
575 1670 646 1746 est;
668 1653 730 1729 sed
753 1655 894 1754 torpori
917 1670 953 1728 et
972 1654 1125 1754 ignaviae
1144 1653 1341 1756 subjectus,
1372 1710 1427 1744 .,

262 1799 466 1874 nunquam,
483 1789 524 1846 ut
539 1772 677 1861 decuit,
698 1773 734 1846 in
753 1774 889 1846 virtute
910 1788 946 1847 et
959 1772 1097 1874 justitia
1114 1772 1429 1872 principatnffi

260 1906 326 1964 est.
348 1889 563 1964 Guillelmus
587 1891 699 1963 Rusus
721 1890 911 1990 epistolam
926 1889 1114 1989 patrissui
1138 1890 1430 1964 tantuna:

260 2007 532 2110 archiepiscopo
552 2007 700 2098 detulit;
719 2035 788 2110 qua
808 2009 967 2108 perlecta
985 2008 1081 2082 idem
1105 2006 1243 2107 praesul
1261 2028 1428 2082 cunm

260 2125 388 2202 eodem
411 2130 545 2226 juvene
571 2125 800 2200 Lundoniam
824 2127 1055 2226 properavit,
1082 2126 1278 2227 ipsumque
1304 2119 1430 2198 εὔ

260 2243 489 2317 festivitatem
511 2243 622 2316 sancti
648 2240 832 2316 Michaelis
855 2243 891 2314 in
921 2242 1034 2315 veteri
1062 2239 1209 2314 basilica
1232 2235 1428 2314 sanctii

261 2357 359 2432 Petri
369 2357 544 2458 apostoli,
561 2383 642 2458 quoe
659 2357 1041 2432 West-Monasterium
1051 2355 1201 2446 dicitur,
1220 2375 1426 2456 regem

262 2477 496 2551 consecravit.
515 2475 582 2549 llic
601 2501 655 2549 xn
670 2475 773 2548 annis
790 2490 827 2548 et
844 2502 868 2548 x
885 2474 1068 2549 mensibus
1081 2475 1253 2573 regnavit
1275 2475 1422 2575 (πμ,

263 2610 476 2695 patremque
506 2594 675 2667 suumin
703 2593 917 2694 quibusdam
949 2592 1145 2668 secundum
1172 2593 1420 2668 seculus-t

265 2712 398 2784 imitari
419 2710 569 2785 studuit.
599 2710 693 2784 Nam
719 2712 867 2784 militari
893 2711 1098 2812 probitate,
1124 2725 1161 2783 et
1186 2706 1420 2785 saecuta-i

265 2948 361 3020 vitiis
383 2948 537 3020 nimium
562 2947 749 3048 subjacuit.
773 2946 842 3021 Sed
869 2973 953 3048 erga
982 2947 1098 3020 Deum
1125 2963 1162 3020 et
1190 2947 1411 3022 ecclesia

264 3065 607 3164 frequentationem,
626 3066 836 3165 cultumque
849 3063 1002 3165 frigidus
1014 3065 1148 3139 extitit.

316 3181 383 3253 Hic
406 3180 483 3252 auri
499 3196 536 3253 et
553 3181 713 3281 argenti,
733 3206 1031 3281 gemmarumque
1047 3181 1190 3282 copiam
1208 3177 1397 3258 Othoni

266 3296 449 3372 aurifabro
467 3298 521 3395 (a)
535 3298 717 3397 erogavit,
735 3313 772 3370 et
787 3323 895 3398 super
907 3301 1020 3398 patris
1043 3300 1098 3372 sni
1121 3301 1390 3375 mausoleum

267 3413 346 3491 fieri
367 3415 563 3489 mirificum
585 3415 796 3489 memoriale
823 3415 1010 3515 praecepit.
1040 3415 1107 3489 llle
1127 3439 1217 3490 vero
1242 3413 1384 3517 regiis

304 3747 344 3815 (ι)
356 3761 392 3820 ²9
403 3746 560 3819 septembre
575 3746 676 3820 1087·2
689 3745 756 3801 aodt
772 3764 850 3800 troo.

304 3833 344 3906 (a)
360 3835 580 3910 Cepersonuage
594 3847 636 3891 est
654 3837 680 3892 le
688 3837 779 3892 meme
787 3855 843 3911 que
852 3835 916 3891 Otto
926 3835 1094 3909 Aurffaben
1109 3836 1160 3910 qui
1170 3835 1263 3910 figure
1279 3835 1349 3890 dans

268 3922 295 3981 le
307 3923 470 3998 Domesday
480 3925 559 3980 Bonlr
568 3929 657 3998 parmi
671 3927 709 3982 les
722 3927 844 3983 orlevres
855 3926 893 3980 du
906 3926 964 3992 roi,
981 3937 1010 3981 et
1019 3944 1072 3999 que
1091 3925 1164 3981 otto
1172 3926 1339 4001 Aurffaber,

269 4033 327 4091 que
337 4014 409 4071 Mu.
427 4013 574 4071 Lechaude
589 4017 697 4073 d'Auisi
707 4029 736 4072 et
750 4017 785 4073 de
799 4017 1000 4074 Salute-Mane
1009 4028 1074 4087 out,
1085 4019 1101 4071 a
1112 4027 1187 4082 tort,
1206 4015 1335 4087 distingue

269 4102 309 4161 du
323 4104 484 4179 precedent.
500 4103 556 4159 Son
568 4106 610 4160 fils
623 4107 787 4163 Guillaume
798 4109 882 4163 vivait
895 4127 930 4163 en
950 4105 1025 4162 1130.
