2888 4934
213 450 275 507 aio
494 443 679 505 nisronn
703 442 1010 506 accaesrasnci.
1178 447 1278 523 [ιιιη

260 578 399 649 Interea
414 572 605 649 Matthaeus
618 578 633 674 f
641 578 688 675 ι),
704 602 849 650 unusex
862 577 993 666 nautis,
1003 578 1162 650 ferreum
1174 578 1281 650 virili·

213 690 937 792 termalleum(2)arripnit,marmoreum
948 695 1283 795 pavimentumpen

211 810 319 885 enuit
348 827 386 882 et
419 810 547 910 fregit,
574 810 641 882 sub
669 837 742 911 quo
777 829 992 885 caementum
1023 813 1164 912 reperit
1172 841 1184 903 3
1213 838 1284 912 quo

210 927 392 1001 diminuto
413 944 449 1001 et
472 930 607 1028 ejecto,
632 955 735 1001 urnae
758 929 907 1002 dorsum
929 955 1145 1003 marmoreae
1166 930 1284 1003 statiua

211 1043 390 1143 apparuit.
410 1043 504 1151 Hinc
525 1068 613 1142 ergo
638 1061 766 1116 exorta
793 1045 932 1133 laetitia,
960 1046 1074 1145 magis
1100 1045 1285 1147 magisque

212 1159 391 1248 infodere,
408 1176 637 1260 veteremque
647 1161 856 1261 juncturam
871 1163 968 1236 calce
981 1163 1189 1262 colligatam
1202 1188 1285 1264 qua·

208 1278 292 1353 dam
309 1305 392 1351 cum
408 1278 537 1352 asciola
553 1304 724 1378 rumpere
740 1307 781 1352 ac
800 1279 992 1378 dissipare,
1011 1282 1285 1381 fragmentaque

210 1424 283 1472 non
298 1395 488 1469 tardabant
502 1397 642 1496 ejicere.
659 1395 796 1490 Quibus
810 1399 931 1496 ejectis
943 1397 1050 1485 foris,
1065 1398 1214 1497 pilaque
1228 1398 1284 1495 (ὅ)

209 1514 370 1602 detecta,
401 1529 438 1584 et
468 1540 486 1584 a
514 1512 742 1611 praecedente
771 1517 903 1613 juvene
931 1514 1063 1588 malleo
1094 1539 1283 1612 mannase,

209 1657 354 1733 unoque
377 1632 414 1704 in
437 1630 552 1703 latere
577 1633 707 1721 fracta,
734 1633 1037 1731 fragrantissimus
1058 1632 1153 1706 odor
1178 1633 1319 1721 exiit„

208 1751 269 1850 qui
285 1749 377 1822 mira
391 1773 451 1821 eos
466 1748 527 1848 qni
545 1746 696 1821 aderant
710 1746 948 1821 delectatione
963 1748 1145 1820 suavitatis
1164 1748 1319 1848 imple-

209 1870 274 1941 vit.
293 1868 410 1942 Porro
425 1865 593 1967 praefatus
603 1865 745 1965 juvenis
757 1892 906 1938 manum
923 1865 1040 1954 misit,
1059 1866 1319 1967 nimiumque

210 1986 389 2086 liquorem
412 1984 531 2059 adesse
551 1986 672 2083 primo
692 1984 820 2073 sensit,
840 2009 914 2084 quo
933 2010 1024 2056 urna
1041 1982 1187 2075 eadem,
1206 2010 1312 2085 que

211 2128 284 2176 nnn
308 2129 436 2201 parva,
464 2101 572 2199 plena
597 2101 696 2199 quasi
716 2126 828 2200 usque
848 2097 892 2170 ad
915 2097 1077 2172 medium
1093 2097 1305 2173 videbatur

208 2245 295 2293 esse.
320 2219 458 2293 Deinde
481 2217 664 2292 dexteram
689 2218 885 2305 immersit,
916 2217 1291 2319 pretiosissimumque

212 2333 437 2423 thesaurum,
458 2359 566 2435 quem
589 2359 731 2406 summo
752 2333 931 2407 desiderio
951 2331 1158 2434 quaerebat,
1186 2334 1288 2407 inre-

209 2453 283 2539 nit,
305 2453 540 2553 celeriterque
559 2451 756 2551 impavidus
773 2451 962 2525 extrahere
979 2452 1106 2550 coepit.
1124 2452 1283 2553 Denique

209 2596 279 2670 pro
300 2573 416 2669 eapite
437 2568 636 2671 quaerendo
660 2586 756 2644 totus
780 2571 815 2643 in
838 2568 1111 2642 multitudinem
1137 2570 1283 2671 liquoris

211 2688 360 2761 intravit
378 2688 454 2786 (d),
474 2685 678 2786 etpedibus
696 2714 737 2759 ac
754 2686 939 2775 manibus,
966 2703 1007 2758 ut
1027 2711 1171 2760 necesse
1191 2704 1279 2774 erut,

211 2821 316 2904 eaput
331 2804 417 2878 hinc
432 2804 514 2878 inde
528 2806 718 2905 requirens
734 2805 890 2893 invenit,
910 2833 951 2878 ae
967 2804 1114 2877 demum
1130 2804 1178 2877 de
1197 2805 1282 2878 salu·

213 2923 317 2996 tifero
331 2923 436 2996 latice
450 2921 607 2995 vestibus
621 2939 657 2995 et
672 2938 750 2996 toto
764 2904 918 3021 corpore
932 2921 1149 2995 madefactus
1162 2921 1280 2995 exirit.

212 3041 290 3112 Hoc
303 3041 423 3138 itaque
435 3036 669 3137 postobitum
680 3039 793 3111 sancti
807 3039 839 3109 N
844 3039 945 3111 icolai
958 3038 1031 3110 fere
1044 3055 1127 3136 post
1138 3064 1282 3112 mucan·

213 3183 279 3231 nos
285 3211 298 3248 ,
318 3170 387 3230 ιιιι0
403 3154 571 3228 kalendas
592 3158 719 3241 maias,
739 3173 858 3229 actum
875 3173 928 3228 est
945 3158 1014 3255 (ὃ)

260 3273 399 3349 Deinde
422 3274 505 3376 quia
531 3275 670 3348 loculus
692 3273 833 3362 deerat,
857 3302 898 3348 ac
924 3300 980 3346 res
1005 3274 1192 3373 inopinata
1215 3288 1278 3345 um

246 3498 287 3569 (a)
298 3496 338 3552 Ce
350 3494 476 3551 Mathieu
489 3495 577 3569 paruit
587 3496 664 3549 avoir
673 3497 718 3550 ete
732 3513 770 3550 un
782 3494 938 3565 tria-jenua
950 3494 1077 3560 homnae,
1089 3492 1136 3567 qui
1150 3490 1219 3545 avait
1227 3488 1272 3544 ure'

210 3588 300 3663 t‘tpta
312 3596 409 3643 contre
417 3586 457 3642 lea
469 3586 576 3641 moines
593 3603 666 3658 pour
676 3584 715 3639 les
729 3596 801 3652 tuor,
817 3584 873 3639 a'ils
890 3602 925 3639 ne
938 3602 968 3638 se
980 3583 1175 3639 soumettaient
1185 3594 1229 3652 pat
1239 3572 1272 3633 de

212 3676 308 3735 lune
318 3677 400 3751 μοι
412 3679 429 3732 l
440 3676 467 3732 lu
479 3676 591 3733 volente
603 3676 640 3731 de
653 3694 695 3731 aea
708 3677 915 3750 compatriotes.

250 3766 294 3841 (a)
305 3767 371 3824 Uue
382 3784 471 3824 masta
484 3767 522 3823 de
534 3767 587 3824 fer.

248 3852 289 3927 (5)
299 3856 337 3913 Le
347 3856 492 3913 couterole
502 3875 538 3913 en
550 3856 661 3912 marbne
673 3855 762 3911 blanc.

248 3946 335 4019 (01.1
346 3944 459 4023 liquent·
472 3946 657 4005 utriculanae
668 3947 708 4002 lui
722 3945 836 4001 armauit
845 3941 1089 4015 jusqu’m-deans
1096 3936 1133 3991 du
1143 3932 1249 4005 nomint,

214 4032 310 4113 quand
319 4034 340 4091 il
348 4036 393 4092 fut
402 4039 483 4093 enti-d
493 4037 563 4095 dana
574 4038 601 4094 le
609 4038 790 4111 sarcophaga..

247 4122 289 4168 'm
300 4122 338 4181 la
349 4140 385 4181 uo
399 4125 468 4180 avril
484 4127 560 4203 1⁰87.
