2888 4934
185 114 272 193 [oss]
564 108 866 172 narassxros.
1190 108 1248 168 ror

188 245 348 327 tradidit.
367 247 410 318 in
425 243 621 344 partitione
636 242 794 317 aliorum
805 242 938 315 ossium
951 240 1050 313 nuile
1064 235 1252 315 difficultas

185 365 266 438 init.
281 360 553 435 Aurelianense·
563 361 745 435 enimossa
757 359 868 433 sancti
881 356 1253 431 Ebrernundiabbstis

184 477 251 551 sibi
270 478 459 577 elegerunt
475 476 491 572 (
499 478 551 574 r);
570 502 646 550 ossa
663 501 753 549 vero
770 477 881 548 saneti
897 475 1067 548 Ansberti
1084 477 1251 549 monaehi

186 595 338 670 Redulso
354 593 543 668 dederunt.
563 596 641 693 lpse
657 619 745 668 vero
760 619 843 667 cum
860 608 961 666 tento
979 593 1148 667 thesauro
1165 597 1254 667 Res-

185 711 315 795 baoom
338 712 392 808 (a)
416 710 612 798 festinavit,
638 726 673 782 et
698 710 811 782 eidem
830 708 1019 798 coenobio,
1043 710 1125 810 quin
1144 712 1255 782 irater

184 844 220 902 et
247 829 384 901 amiens
413 844 511 916 erat,
541 826 669 903 devote
698 825 845 899 obtulit.
875 825 1110 899 flesbaoenses
1136 842 1254 899 autern

183 943 345 1019 eandidis
362 943 643 1044 holosericisque
664 945 820 1017 vestibus
844 943 958 1016 induti
982 961 1252 1041 processemnt,

183 1089 269 1136 eum
294 1061 405 1135 nereis
429 1061 637 1135 ardentibus
658 1077 694 1134 et
717 1059 911 1133 thuribulis
931 1059 1149 1133 fumantibus
1167 1060 1256 1132 reli-

184 1178 287 1277 quias
312 1177 547 1277 tripudiantes
571 1193 822 1277 susceperunt,
841 1193 878 1249 et
895 1202 1007 1276 usqne
1026 1175 1132 1250 hodie
1151 1200 1257 1249 reve-

187 1312 311 1371 renter
327 1294 586 1370 custodierunt.
605 1295 710 1367 Tune
732 1293 920 1380 nadulfus,
947 1310 988 1366 ut
1008 1293 1054 1366 de
1075 1292 1257 1367 benefieiis

184 1412 255 1485 suis
280 1409 512 1483 ecclesiastiea
540 1435 596 1482 res
620 1425 934 1510 augmentaretur,
962 1409 1113 1481 Portum
1140 1408 1257 1481 Aino-

150 1554 154 1564 ·
190 1529 240 1601 nis
256 1528 316 1625 (ὅ)
333 1544 370 1599 et
384 1528 580 1600 Bonoiinm
592 1527 647 1625 (4)
660 1526 828 1612 donavit,
848 1542 884 1598 et
899 1552 946 1599 ne
961 1527 1049 1626 quid
1063 1525 1198 1599 deesset
1213 1526 1257 1598 ad

183 1642 389 1718 oondendss
417 1669 544 1716 eornm
575 1643 711 1731 thecas,
744 1668 913 1743 magnam
938 1644 1016 1715 auri
1046 1643 1258 1743 argentique

183 1759 421 1858 quantitatem
434 1759 600 1847 donavit,
616 1786 686 1858 pro
700 1759 831 1859 quibus
844 1761 979 1832 exeniis
994 1758 1088 1832 idem
1103 1758 1257 1863 heros'in

181 1877 347 1965 eeclesia,
368 1894 409 1949 ut
426 1877 616 1950 defunctus
631 1893 703 1967 est,
721 1878 864 1975 sepeliri
884 1878 1031 1949 meruit.

215 2093 226 2160 ί
231 2093 257 2162 r)
274 2089 439 2164 Cependant
453 2090 496 2144 tes
514 2090 656 2147 habitante
673 2091 708 2147 do
722 2091 798 2147 Creii
810 2093 915 2147 etaient
927 2112 963 2148 en
975 2093 1144 2166 possession,
1160 2091 1258 2167 depuis

186 2179 207 2236 ie
227 2196 256 2235 x·
274 2179 372 2247 siecle,
392 2178 431 2234 du
447 2199 528 2253 corps
543 2180 578 2235 de
594 2182 666 2235 saint
684 2169 854 2249 bremond,
875 2182 956 2256 qu’iis
974 2182 1093 2239 disaient
1106 2183 1167 2238 leur
1183 2183 1259 2238 avoir

184 2272 226 2325 e'te
243 2272 364 2343 apperte
380 2268 563 2326 directement
581 2290 689 2344 parma
710 2272 813 2346 e'virque
830 2273 866 2327 de
884 2273 950 2328 Se'ez
966 2292 1000 2327 en
1014 2277 1084 2348 9άῄ
1101 2275 1169 2329 mais
1186 2284 1258 2329 cette

186 2358 364 2415 mundasse
378 2359 415 2414 de
433 2358 510 2415 dates
525 2370 569 2415 est
584 2378 640 2415 oue
654 2362 747 2416 raison
765 2362 800 2417 de
816 2361 880 2434 plus
893 2378 964 2435 poor
977 2380 1032 2436 qne
1044 2377 1115 2417 noos
1129 2363 1259 2436 pensione

185 2448 252 2524 qu’it
266 2447 412 2506 leuravsit
426 2452 470 2504 ete
482 2449 576 2506 donne'
590 2446 640 2524 pa'r
652 2451 743 2507 Raoul
757 2451 793 2505 de
806 2452 924 2520 Drachi,
943 2452 1180 2508 leurvoisin.1es
1194 2452 1258 2509 Cal·

187 2541 298 2595 tinistes
314 2539 459 2595 brrilerent
474 2559 518 2595 ces
535 2539 682 2615 reliquerit
695 2541 823 2615 l’epoque
837 2541 886 2596 des
899 2559 1012 2613 guerres
1024 2541 1059 2597 de
1073 2541 1206 2614 religion;
1220 2541 1259 2596 les

185 2627 338 2684 einnoines
350 2628 544 2701 pretendirent
555 2631 632 2684 avoir
646 2631 728 2683 saure
737 2630 762 2683 le
773 2629 839 2687 chef
848 2629 886 2683 dn
900 2629 992 2695 Saint;
1006 2630 1075 2683 mais
1087 2629 1121 2683 ils
1133 2629 1259 2686 l’avaient

185 2717 286 2773 abien
298 2715 400 2787 mehe,
414 2717 484 2792 qu'ii
496 2737 532 2773 oe
545 2720 590 2774 fut
598 2719 697 2791 jamnis
711 2718 830 2792 possible
841 2719 878 2774 de
889 2718 915 2773 le
927 2729 1080 2775 retroorer.

217 2805 257 2875 (a)
270 2803 406 2877 L’abbaye
419 2805 454 2860 de
468 2805 571 2860 Rebais
583 2824 618 2860 en
629 2806 707 2874 Brie,
721 2806 823 2861 sondee
835 2825 886 2880 par
898 2808 971 2862 saint
982 2806 1066 2864 Ooen
1078 2825 1113 2863 en
1125 2806 1188 2877 634.
1200 2807 1261 2861 Ede

188 2893 302 2967 t'appeh
319 2892 435 2950 dabord
446 2894 614 2963 Je'rusaienr,
632 2897 697 2969 puis
710 2897 763 2952 elie
775 2898 832 2971 prit
845 2916 894 2952 son
908 2915 974 2952 nom
988 2896 1056 2952 d’un
1070 2907 1178 2952 torrent
1193 2900 1258 2970 pris

188 2980 289 3058 dnquel
301 2983 355 3040 elie
366 2985 435 3041 etait
446 2987 530 3041 bdtie.
544 2987 623 3042 Saint
634 2985 717 3060 Agile
735 3006 771 3043 en
788 2988 832 3042 sut
847 2987 874 3043 ie
892 2988 1012 3060 premier
1029 2987 1112 3053 abbi,
1127 2997 1156 3041 et
1168 3005 1199 3041 ce
1215 2988 1258 3039 fut

186 3071 250 3129 dur
262 3092 315 3130 son
326 3075 387 3130 sein
400 3093 455 3149 que
465 3078 538 3131 saint
552 3076 685 3143 nithart,
699 3077 847 3133 fondateur
859 3077 895 3134 de
907 3080 1064 3154 Jumie'ges‚
1082 3078 1219 3134 embrassa
1231 3078 1259 3132 la

187 3165 226 3220 n's
236 3167 425 3239 moestique.

217 3252 257 3325 (ὅ)
271 3255 423 3313 Petit-&tre
438 3257 464 3312 lo
480 3258 600 3313 hamean
616 3258 769 3327 d'Aunois,
785 3277 834 3313 sor
847 3260 874 3313 le
887 3258 958 3312 boni
971 3257 1043 3311 deis
1056 3257 1164 3322 Meroe,
1179 3267 1261 3310 entre

187 3343 442 3402 tttuerhierri
460 3357 489 3402 et
505 3347 632 3403 Bonneil.
651 3349 724 3402 Dans
735 3366 791 3402 une
804 3347 880 3401 bulie
892 3354 1042 3401 contenent
1053 3344 1078 3398 le
1091 3344 1257 3401 denotabis!-

189 3444 263 3488 neut
274 3432 325 3488 des
335 3434 415 3489 biens
427 3435 463 3490 de
476 3436 599 3510 l’abbrye
610 3437 645 3492 de
656 3437 756 3492 Rebais
767 3455 802 3492 en
820 3435 901 3504 113⁵,
915 3455 952 3491 on
963 3454 999 3490 ne
1009 3437 1068 3490 voit
1080 3435 1142 3507 pius
1155 3435 1259 3508 figuras

191 3520 349 3593 Baalim,
368 3527 436 3579 roais
454 3543 524 3580 noas
541 3544 658 3599 croyoos
671 3546 687 3597 y
701 3526 876 3581 reconnaitre
889 3528 994 3581 Portus
1006 3527 1140 3589 Amoris,
1154 3543 1219 3580 sons
1234 3527 1257 3578 lo

192 3627 251 3667 tom
267 3612 495 3684 (prohabiement
513 3613 599 3671 altere
616 3634 666 3688 par
683 3613 884 3687 i’inrprimeor)
897 3615 932 3670 de
953 3616 1094 3681 Poenino,
1107 3633 1172 3669 aveo
1185 3626 1258 3671 cette

192 3699 260 3759 mie
278 3702 446 3767 indication,
464 3704 531 3786 qu'il
548 3706 617 3763 e'nir
630 3707 701 3762 sitne
713 3724 761 3759 sur·
772 3705 799 3760 le
813 3705 883 3759 bord
897 3706 967 3759 daia
981 3707 1087 3760 Martie.
1103 3705 1125 3759 lt
1139 3705 1257 3760 saurirait

193 3787 240 3845 lire
250 3792 325 3848 aion
338 3816 343 3847 :
361 3793 523 3849 Portelnon.

223 3881 260 3952 ii)
273 3882 490 3951 Pt·oba.biemont
504 3886 633 3943 Ronneii.
648 3897 727 3939 anno
738 3885 995 3943 (.'.h.iirntt-Thier·r·i
1008 3896 1033 3937 rt
1051 3884 1161 3940 liratht
