2888 4934
318 397 378 460 ass
593 397 778 460 ursrouu
801 398 1107 459 sccumusuci.
1174 399 1378 477 [rosi-roas]

318 555 451 629 prunas
474 529 657 602 acerrimis
682 527 870 602 assultibus
896 531 1132 629 impugnavit.
1159 527 1379 602 Gislebertus

318 664 439 720 autem
455 673 537 719 cum
550 649 688 744 paucis,
708 646 768 720 sed
783 649 951 720 animosis
967 645 1231 747 pugnatoribus
1242 649 1380 721 sortiter

321 768 416 838 intus
437 762 596 852 obstitit,
615 767 788 865 jactisque
808 765 999 838 missilibus
1019 781 1056 837 et
1072 763 1253 863 lapidibus
1270 763 1381 838 hostes

320 882 450 968 relisit,
475 882 510 953 in
531 882 665 954 vallum
688 882 944 980 proecipitavit,
967 881 1140 982 quosdam
1161 881 1379 979 vulneravit,

321 997 516 1071 nonnullos
530 999 638 1069 etiam
652 997 881 1071 exanimavit.
896 999 1038 1071 Interea
1051 997 1279 1073 Gislebertus
1296 996 1379 1085 tiro,

323 1112 525 1213 Aquilensis
542 1113 666 1200 herus,
686 1116 717 1186 ei
737 1116 916 1214 suppetias
932 1116 1050 1199 venit,
1071 1141 1154 1186 cum
1172 1140 1272 1188 uxxx
1289 1113 1382 1187 mili-

322 1232 418 1304 tibus
442 1249 553 1306 noctu
576 1249 733 1306 castrum
759 1234 944 1324 introivit,
965 1233 1145 1306 alimentis
1165 1249 1203 1306 et
1220 1232 1332 1306 armis
1349 1257 1382 1304 ac

322 1350 651 1449 propugnatoribus
682 1349 771 1423 illud
798 1351 977 1440 munivit,
1005 1350 1302 1450 adminiculoque
1329 1349 1381 1422 tali

322 1483 493 1568 patruum
503 1493 607 1543 suum
621 1467 884 1541 corroboravit.
898 1467 1015 1542 Porro
1026 1468 1263 1541 Belesmensis
1276 1485 1384 1565 tyran·

324 1611 404 1672 nus,
424 1582 547 1656 videns
561 1584 631 1657 loci
644 1584 904 1674 munitionem,
917 1585 1146 1685 validamque
1161 1583 1383 1661 delemorum

323 1700 623 1788 obstinationem,
651 1703 868 1775 commorari
898 1727 976 1775 non
1005 1725 1110 1776 ansus
1138 1703 1175 1775 in
1204 1699 1384 1776 obsidione

323 1815 479 1902 diutina,
507 1814 723 1888 furibundus
751 1819 896 1890 recessit
922 1844 1006 1890 cum
1033 1819 1170 1917 ingenti
1198 1817 1382 1902 moestitia,

325 1933 417 2008 nihil
434 1935 592 2008 lucratus
604 1949 739 2032 praeter
752 1960 902 2008 suorum
918 1936 1081 2008 vulnera.
1095 1935 1267 2036 Sequenti
1281 1958 1384 2016 anno,
1435 1963 1440 1967 ’

325 2079 409 2125 cum
433 2050 601 2151 praelatus
625 2077 733 2152 eques
760 2052 981 2126 Gislebertus
1003 2052 1048 2125 de
1071 2054 1199 2127 Sancta
1227 2051 1388 2125 Scholas-

327 2172 394 2243 tica
415 2171 470 2268 (ι)
493 2171 653 2258 veniret,
679 2186 716 2242 et
738 2170 886 2243 Molinis
901 2170 968 2266 (a)
993 2170 1152 2271 colloqui
1182 2195 1266 2242 cum
1293 2164 1388 2241 nuda

324 2286 482 2386 ejusdem
493 2286 598 2359 castri
611 2285 757 2359 domina
773 2288 827 2385 (3)
843 2285 1061 2377 divertisset,
1077 2303 1158 2385 post
1171 2287 1389 2386 colloquium

329 2403 490 2477 Antonio
516 2420 757 2502 cognomento
782 2405 900 2476 Haren
929 2404 1063 2477 ibidem
1089 2431 1187 2477 arma
1213 2431 1277 2477 sua
1303 2404 1391 2477 sorte

327 2519 480 2607 dimisit,
501 2536 537 2590 et
555 2520 701 2592 inermis
719 2521 792 2617 ipse
810 2547 894 2592 cum
909 2522 1104 2620 armigeris*
1112 2523 1182 2592 suis
1200 2522 1296 2592 circa
1315 2542 1392 2590 ves-

330 2664 452 2734 peram
475 2637 685 2710 festinanter
709 2636 889 2710 abscessit.
916 2639 1086 2711 Protinus
1109 2664 1190 2709 eum
1216 2633 1393 2709 Gerardns

329 2756 541 2855 Capreolus,
561 2771 598 2827 et
612 2754 789 2853 Rogerius
805 2753 850 2827 de
867 2742 1041 2827 Ferrariis
1058 2755 1133 2850 (4),
1153 2754 1288 2853 aliique
1304 2751 1394 2829 Cor-

329 2870 518 2945 bonienses
537 2871 670 2944 milites
690 2871 765 2944 sere
787 2898 855 2945 xur
878 2873 1054 2971 persecuti
1076 2888 1176 2953 sunt,
1203 2873 1395 2969 vivumque

329 2986 634 3085 comprehendere
665 2989 783 3060 conati
815 3005 913 3060 sunt.
943 2988 1012 3080 Qui
1043 2988 1130 3060 dum
1157 2987 1276 3061 veloci
1306 3008 1396 3084 eqvo

330 3102 534 3190 veheretur,
559 3119 596 3174 et
617 3130 744 3175 manus
770 3104 999 3178 inimicorum
1025 3106 1183 3205 ell'ugere
1205 3106 1394 3188 niteretur,

331 3220 376 3292 ab
400 3246 474 3293 uno
495 3244 620 3292 eorum
646 3221 767 3294 lancea
789 3222 824 3292 in
850 3221 959 3295 latere
978 3240 1132 3320 punctus
1152 3239 1222 3309 est,
1245 3222 1397 3321 ipsisque

367 3559 408 3624 (ι)
424 3554 842 3613 Sainte·Scolassc-sur·Sarthe.

368 3649 407 3718 (a)
420 3646 727 3700 Montius-ta-Marehe.

369 3735 408 3808 (3)
422 3737 515 3809 Voyez
527 3737 681 3802 ci·dcssus,
698 3747 721 3790 t:
736 3737 777 3801 ll,
796 3754 824 3807 p.
839 3739 901 3811 4⁰9·
1363 3798 1365 3801 ¹

369 3826 408 3894 (t)
426 3826 462 3879 La
480 3826 787 3898 Ferritre·su-Doyen,
808 3826 871 3898 pres
886 3825 1017 3881 Moulins.
1036 3826 1124 3879 Notre
1135 3837 1235 3879 auteur
1249 3842 1279 3878 se
1295 3834 1401 3896 trompe

335 3934 371 3970 en
389 3913 500 3988 plaqant
520 3925 593 3971 cette
613 3935 761 3971 commune
780 3916 849 3971 dans
869 3917 894 3972 le
915 3916 1099 3984 Corbounais,
1120 3915 1190 3970 dont
1209 3914 1262 3970 elle
1282 3914 1351 3970 etait
1368 3929 1403 3968 au

336 4004 409 4058 reite
423 4007 477 4059 tres
489 4006 603 4060 voisine.
620 4008 727 4079 l'oyez,
743 4006 812 4061 dans
825 4006 850 4061 le
867 4008 1023 4061 Cartalaire
1034 4007 1069 4061 de
1082 4005 1248 4062 Sciat-Pdre
1262 4004 1298 4059 dc
1315 4003 1430 4061 ctar-

337 4105 407 4162 tres,
423 4112 478 4149 tane
495 4097 573 4168 pidre
588 4096 700 4151 relative
712 4100 727 4151 a
740 4097 851 4152 Gerard
865 4097 963 4171 Caper,
979 4099 1027 4171 qui
1045 4097 1106 4152 doit
1122 4098 1181 4152 tue
1197 4095 1224 4150 le
1238 4096 1330 4152 meme
1341 4111 1419 4167 per-

337 4200 472 4255 sonuage,
487 4181 566 4239 datee
579 4182 614 4237 de
625 4184 774 4246 Planches,
788 4184 863 4239 etde
876 4185 982 4240 l'annr'sc
997 4203 1065 4260 ¹⁰77
1079 4188 1088 4251 s
1095 4205 1122 4259 p.
1140 4186 1209 4258 145).
