2888 4934
302 377 361 434 528
588 373 772 434 HISTORIA
794 370 1099 432 Eccttsusttcn
1114 379 1269 453 [num.
1288 379 1377 460 10⁹0]

303 504 362 575 riti
382 520 482 592 sunt,
505 521 542 578 et
565 522 733 604 repente,
753 505 873 577 cuneis
888 528 1016 577 eorum
1031 503 1260 596 labantibus,
1284 510 1378 612 luge·

302 639 407 713 runt,
427 650 517 723 quos
533 625 648 697 nostri
667 638 815 722 repente
827 623 924 694 ultra
937 622 1091 697 Pontem
1100 623 1280 698 Ferreum
1298 654 1378 728 per·

303 739 413 811 secuti
441 755 537 812 sunt.
567 739 655 813 Caesi
678 755 762 811 sunt
787 736 836 811 ibi
860 738 1064 811 Turcorum
1090 741 1199 813 multi
1222 742 1375 834 milites,

303 859 475 955 quoniam
492 856 660 956 praelium
679 835 768 929 illud
792 881 865 928 non
884 854 1056 928 habuerat
1076 855 1228 956 pedites.
1253 859 1377 934 Chris-

304 974 389 1045 tiani
409 990 545 1062 autem,
568 999 701 1075 magno
716 971 822 1072 potiti
840 971 1027 1070 trophaeo,
1047 973 1122 1046 loeti
1139 977 1281 1049 reversi
1299 995 1377 1053 nnat

304 1090 348 1163 ad
366 1118 447 1166 suos
456 1148 466 1181 ,
486 1118 605 1165 secum
621 1091 835 1165 adducentes
849 1091 984 1165 multos
1000 1115 1110 1191 equos
1119 1147 1131 1180 ,
1150 1092 1289 1194 quibus
1305 1097 1376 1171 sin-

305 1207 479 1306 gulariter
497 1205 724 1307 indigebant,
745 1223 782 1280 et
800 1206 913 1305 spolia
931 1206 1067 1295 multa,
1085 1232 1169 1308 quae
1187 1209 1225 1281 in
1254 1212 1375 1309 praelia

305 1322 559 1423 adquisierant.
576 1324 685 1398 Turci
701 1325 745 1395 ad
762 1322 947 1396 castellum
964 1349 1067 1395 suum
1081 1323 1204 1397 Arecb
1219 1327 1307 1398 satis
1321 1329 1376 1400 in·

213 1492 217 1508 ,
306 1441 413 1540 glorii
425 1442 555 1513 reversi
568 1456 670 1530 sunt;
686 1438 797 1540 quod,
811 1437 1228 1536 omninodespoliantes,
1239 1469 1377 1517 succen-

305 1558 456 1648 derunt,
480 1574 517 1630 et
533 1559 716 1657 sugerunt.
737 1555 901 1632 Armenii
922 1571 1040 1628 autem
1060 1573 1096 1629 et
1114 1558 1265 1631 Suriani
1277 1615 1288 1650 ,
1317 1560 1376 1634 hoc

306 1674 486 1761 videntes,
510 1692 608 1748 arcta
625 1676 703 1748 loca
728 1690 1092 1773 praeoccupaverunt,
1112 1691 1152 1747 et
1175 1677 1315 1750 multos
1337 1703 1376 1751 ex

308 1796 358 1865 eis
386 1809 635 1891 peremerunt;
665 1790 839 1893 quosdam
865 1807 984 1863 autem
1009 1791 1108 1864 vivos
1139 1792 1374 1868 reduxerunt.

309 1910 500 1983 Castellum
534 1935 623 1983 vero
662 1907 876 2008 praedictum
905 1906 1116 1981 Christianis
1151 1908 1376 2010 subjugatum

307 2025 556 2101 reddiderunt.
583 2027 711 2100 Franci
730 2050 875 2128 quoque
896 2027 932 2099 in
958 2043 1070 2099 castra
1090 2043 1243 2100 centum
1270 2031 1375 2129 capita

308 2163 580 2245 peremptorum
600 2147 823 2231 retulerunt,
843 2142 887 2215 ad
907 2145 1193 2218 consolationem
1211 2172 1373 2237 moran,

308 2277 345 2331 et
366 2257 409 2331 ad
432 2259 670 2333 desectionem
695 2258 936 2333 obsessorum.
959 2261 1045 2333 Haec
1067 2261 1191 2333 omnia
1215 2261 1377 2336 viderunt

311 2376 416 2475 legati
435 2375 669 2450 Atlmirabilis
682 2377 909 2475 Babyloniae,
930 2377 989 2478 qui
1009 2393 1095 2451 tunc
1112 2379 1211 2451 sorte
1228 2406 1247 2451 a
1265 2379 1377 2478 Baby-

310 2491 405 2563 lonia
425 2492 469 2564 ad
489 2517 548 2565 eos
566 2494 683 2581 missi,
702 2496 799 2593 juxta
818 2519 878 2566 eos
901 2495 971 2565 suis
986 2493 1230 2568 morabantur
1245 2496 1281 2567 in
1300 2512 1377 2567 ten·

310 2608 412 2678 toriis
430 2609 499 2705 (r).
516 2608 574 2679 llli
593 2625 732 2698 autem,
751 2610 813 2709 qui
832 2611 868 2680 in
883 2611 1006 2682 castris
1023 2627 1294 2696 remanserant,
1310 2628 1375 2684 tota

309 2723 367 2797 die
381 2725 417 2798 in
437 2724 682 2800 Antiochenos
699 2744 968 2825 pugnaverant,
984 2745 1021 2800 et
1037 2744 1108 2801 tres
1120 2747 1246 2827 portas
1261 2728 1374 2815 urbis,

310 2869 356 2915 ne
376 2845 470 2916 foras
486 2862 737 2942 erumperent,
759 2844 1001 2918 indesinenter
1019 2864 1264 2920 servaverant.
1285 2849 1378 2918 Prae·

274 3021 277 3028 f
310 2961 399 3032 lium
413 2961 481 3034 hoc
497 2963 631 3035 sactum
643 2979 696 3033 est
708 2961 785 3033 idus
799 2961 990 3050 februarii,
1008 2963 1094 3035 seria
1109 2976 1168 3036 ιιι·
1182 2992 1265 3065 quae
1280 2981 1380 3064 caput

305 3078 429 3176 jejunii
448 3079 768 3179 Quadragesimalis
781 3079 1031 3178 praecedebat(
1055 3083 1084 3178 )

360 3195 557 3269 Multitudo
572 3198 705 3269 civium
721 3199 825 3295 (licet
843 3200 878 3269 in
897 3199 1031 3296 praeliis
1047 3223 1191 3297 semper
1206 3201 1291 3272 victi
1305 3200 1377 3270 lue-

312 3312 405 3403 rint,
426 3333 461 3386 et
478 3332 596 3386 morte
619 3317 675 3387 vel
696 3316 907 3389 vulneribus
922 3342 981 3388 seu
1001 3315 1231 3415 captionibus
1248 3317 1378 3390 desece-

312 3433 407 3530 rint)
437 3448 533 3504 tanta
563 3449 641 3504 erat
666 3436 702 3506 in
731 3433 841 3526 urbe,
863 3451 903 3506 ut
918 3436 1031 3535 magis
1056 3435 1091 3506 in
1112 3437 1204 3506 iram
1224 3435 1375 3517 efferati,

184 3549 190 3562 '
312 3545 533 3620 Christianos
560 3546 744 3620 ardentius
763 3551 998 3649 impeterent,
1019 3567 1056 3621 et
1072 3550 1295 3624 incessanter
1313 3554 1376 3648 ipsa

296 3663 297 3666 '
312 3681 423 3738 castra
439 3668 717 3764 perturbarent,
733 3667 941 3767 frequenter
958 3669 1158 3757 insilirent,
1175 3686 1286 3769 atque
1301 3670 1378 3769 qui-

347 3891 670 3978 [1)Lcsan1bassadcnrs
687 3891 908 3948 ‹t'nnoutcassem
927 3893 1050 3960 Mostali,
1070 3895 1185 3949 sitiente
1200 3896 1293 3950 sultan
1309 3894 1376 3950 Fati·

314 3979 382 4032 mite
393 3979 528 4051 d'Egyptc
541 3984 668 4055 (ιο94-ιι
684 3981 832 4038 decembre
848 3985 935 4057 ιιοι).

349 4071 387 4139 (a)
400 4069 474 4123 Lisez
490 4094 496 4122 :
511 4082 551 4123 vr·
565 4072 629 4128 idus
631 4073 780 4144 februarii
784 4118 790 4139 ,
806 4074 831 4129 lc
844 4075 932 4129 mardi
945 4094 963 4147 9
976 4076 1084 4142 le'rrier,
1101 4074 1183 4130 vetite
1195 4075 1234 4129 du
1250 4073 1374 4131 mercredi

312 4161 360 4215 des
374 4159 505 4216 Cendres.
