2888 4934
538 342 655 439 uranu
675 379 833 440 sumus.
1199 384 1217 444 s

155 526 309 585 ruerunt
327 512 363 582 in
382 510 485 583 coelis
500 511 568 607 (1).
589 509 753 583 Addebat
769 510 877 583 etiam
892 507 936 582 de
953 526 1075 584 sancto
1089 513 1218 587 athleta

155 627 364 715 Guillelmo,
379 628 440 726 qui
454 643 534 725 post
546 627 692 726 longam
702 628 867 700 militiam
877 625 1143 701 abrenuntiavit
1155 655 1220 703 sae·

156 747 252 834 culo,
261 742 570 817 etsubmonachili
581 745 703 844 regula
713 744 1218 844 gloriosemilitavitbomino.

156 863 279 935 Multis
301 863 412 962 igitur
434 861 570 959 profuit
592 863 665 961 ejus
681 860 902 949 exhortatio,
922 885 1012 961 quos
1040 860 1084 932 ad
1110 878 1222 934 tutam

156 980 330 1079 regularis
346 980 431 1051 vitae
449 978 639 1051 stationem
653 1005 673 1050 e
691 977 865 1051 mundiali
884 978 1065 1076 protraxit
1079 979 1221 1078 pelago.

205 1099 267 1169 lll.
294 1097 420 1184 Nunc,
446 1097 529 1197 quia
554 1094 598 1168 de
619 1113 741 1169 sancto
760 1095 955 1168 Guillelmo
972 1093 1079 1167 nobis
1096 1093 1222 1168 incidit

157 1215 314 1301 mentio,
338 1210 428 1283 libet
448 1215 521 1311 ejus
538 1213 647 1284 vitam
666 1212 827 1284 breviter
844 1210 929 1283 huic
942 1212 1100 1285 inserere
1113 1238 1224 1311 opus-

157 1331 251 1404 culo.
277 1328 369 1402 Novi
385 1327 482 1429 quod
500 1329 571 1426 ipsa
590 1354 674 1402 raro
689 1329 871 1401 invenitur
886 1328 922 1399 in
945 1325 1010 1400 hac
1022 1329 1221 1427 provincia,

157 1465 193 1521 et
221 1447 406 1521 nonnullis
433 1445 590 1545 placebit
617 1446 661 1519 de
691 1446 752 1518 tali
782 1447 862 1519 viro
885 1446 1023 1519 vrelatio
1052 1445 1220 1520 veridica.

158 1566 257 1636 Hanc
274 1563 408 1635 etenim
424 1563 621 1649 Antonius,
643 1561 919 1634 Guentoniensis
935 1561 1131 1634 monachus
1148 1563 1222 1661 (a),

159 1705 273 1779 nuper
286 1678 427 1769 detulit,
446 1694 484 1751 et
499 1677 692 1752 nobiscnm
703 1678 825 1751 videre
840 1676 1041 1750 sitientibus
1054 1678 1222 1752 ostendit.

158 1797 276 1897 Vulgo
292 1799 434 1870 canitur
447 1824 465 1869 a
474 1795 735 1896 joculatoribus
746 1795 791 1869 de
806 1797 870 1870 illo
883 1797 1060 1869 cantilena
1074 1799 1126 1893 (ὅ)
1135 1828 1145 1886 ;
1164 1795 1224 1870 sad

193 2029 231 2101 (r)
253 2028 329 2083 Nous
351 2038 527 2093 trouverons,
552 2027 620 2082 dans
642 2028 667 2082 le
684 2026 752 2082 livre
774 2045 814 2093 tx,
828 2027 973 2081 l’occasiou
993 2026 1028 2081 de
1048 2029 1141 2099 parler
1161 2045 1225 2083 avec

159 2118 278 2191 quelque
291 2117 374 2171 detail
384 2116 433 2171 des
447 2117 515 2171 trois
530 2118 665 2190 premiers
676 2118 761 2171 saints
771 2118 819 2190 qui
835 2117 956 2189 figurent
969 2118 1015 2185 ici,
1025 2127 1053 2172 et
1063 2118 1113 2190 qui
1125 2135 1225 2190 appar·

161 2208 313 2261 tiennentls
327 2196 437 2279 l'Eglise
451 2206 582 2280 Grecque
596 2230 600 2258 :

197 2297 275 2351 Saint
289 2296 429 2363 Maurius,
444 2295 511 2350 chel
520 2295 555 2350 de
567 2295 593 2350 la
604 2295 697 2368 legion
716 2295 876 2363 Thelraine,
897 2295 972 2351 subit
988 2295 1013 2350 le
1027 2306 1148 2369 martyre
1162 2313 1225 2350 avec

161 2405 204 2441 ses
223 2385 341 2453 soldats,
364 2404 398 2440 eu
420 2384 487 2453 286,
502 2403 566 2440 sous
579 2387 745 2453 Maximien,
760 2385 828 2440 dans
840 2385 865 2440 le
880 2385 936 2440 lieu
952 2388 1065 2440 nomme
1082 2384 1225 2459 jusque-ll

162 2479 328 2549 Agerinum,
343 2486 372 2530 et
383 2475 561 2548 aujourd’bui
574 2476 793 2532 saint-Maurice
806 2495 841 2530 eu
852 2476 1005 2546 Valaislaa
1020 2474 1202 2549 septembre).

195 2567 275 2621 Saiut
286 2565 443 2633 Sebastien,
457 2569 587 2639 martyre
599 2566 705 2632 Rome,
718 2584 779 2621 vers
793 2565 846 2622 288
857 2567 909 2635 (ao
919 2565 1027 2637 janvier
1035 2565 1055 2637 ).

196 2656 274 2712 saint
291 2656 441 2722 Eustache,
466 2665 571 2727 martyr
593 2659 608 2710 lt
630 2656 731 2721 Rome,
755 2673 819 2709 sous
834 2654 938 2710 Adrien
953 2654 963 2724 l
973 2667 1007 2708 rt
1028 2652 1180 2708 novembre
1198 2664 1226 2708 et

163 2763 197 2800 no
209 2745 393 2819 septembre).

196 2836 236 2908 (a)
260 2837 354 2891 hlaine
377 2836 413 2891 de
439 2837 628 2894 Winchcster.
659 2837 706 2894 On
725 2838 776 2892 s'ait
800 2838 883 2910 qu’eu
903 2836 1069 2910 engleterre
1089 2835 1226 2908 plusieurs

164 2924 334 2980 cathedrales
351 2927 456 2980 etaient
478 2925 627 2981 desservies
644 2945 694 2999 par
716 2925 764 2979 des
783 2926 888 2981 moines
909 2925 944 2979 de
966 2923 1067 2978 l’ordre
1087 2923 1122 2978 de
1135 2924 1227 2979 Saint-

164 3015 271 3070 Beuolt.
283 3016 337 3070 Ces
349 3015 534 3082 cathedrales,
550 3033 584 3069 an
598 3015 715 3071 nombre
728 3015 852 3082 debuit,
868 3015 1077 3089 appartenaieut
1089 3024 1182 3069 tontes
1192 3031 1227 3067 au

164 3115 265 3159 ressort
282 3105 317 3160 de
330 3105 518 3161 l’arcbeveche
534 3105 569 3161 de
580 3106 767 3177 Canterhury.
782 3106 1010 3171 AWiuchester,
1023 3115 1105 3160 outre
1120 3105 1146 3159 le
1164 3122 1226 3159 mn·

162 3197 271 3250 nastere
291 3196 423 3268 primitis,
445 3197 494 3270 qui
514 3197 585 3250 avait
604 3197 664 3268 pris
684 3195 711 3250 le
732 3214 796 3250 nom
812 3194 848 3249 de
867 3195 1097 3261 saint-swithin,
1119 3211 1228 3248 comme

161 3302 233 3340 nous
252 3303 356 3341 venons
377 3285 413 3340 de
434 3286 459 3339 le
480 3286 556 3353 dire,
578 3297 607 3341 et
619 3287 668 3360 qui
683 3287 786 3358 portait
798 3286 884 3350 aussi,
900 3303 1008 3340 comme
1024 3285 1049 3339 la
1068 3283 1227 3338 cathedrale

161 3375 336 3444 elle-meme,
349 3377 421 3432 celui
435 3375 657 3433 d’Old-Minster
668 3378 776 3446 (Vetus
792 3378 1012 3446 Monasterium)
1029 3375 1047 3429 il
1061 3375 1146 3429 exista
1160 3373 1229 3428 dans

162 3465 188 3518 le
198 3465 341 3520 eimetiere
353 3465 388 3520 de
400 3475 472 3520 cette
485 3464 585 3538 eglise,
600 3465 699 3537 depuis
710 3466 833 3539 l’e'veque
845 3454 999 3520 Ethelwold
1016 3462 1146 3535 jusqu'en
1162 3479 1228 3516 ιιιο

162 3556 171 3622 (
179 3555 288 3627 epoque
303 3556 341 3608 01⁸1
357 3554 377 3608 il
391 3555 434 3609 lut
445 3555 581 3631 transiere
597 3555 737 3627 ailleurs),
753 3574 792 3609 un
808 3567 887 3610 autre
900 3553 1105 3609 etahlissement
1119 3570 1229 3608 mouss-

161 3646 241 3719 tique
249 3643 289 3697 du
301 3644 391 3700 meme
402 3645 501 3712 ordre,
515 3645 612 3719 appele
624 3669 629 3700 :
643 3646 853 3701 Nem-Minster
861 3643 985 3714 (Novum
997 3644 1226 3710 Monumentum),

162 3744 192 3786 et
207 3732 290 3788 dedie
307 3737 323 3788 is
342 3732 368 3788 la
388 3735 477 3789 sainte
494 3736 620 3800 Trinite,
637 3736 826 3791 Notre·Dame
842 3744 871 3789 et
885 3734 956 3789 saint
968 3734 1073 3789 Pierre.
1089 3733 1229 3790 Lemnine

162 3822 232 3877 dont
246 3821 266 3876 il
284 3823 363 3896 s’agit
380 3824 416 3879 ici
437 3825 553 3897 pouvait
565 3827 726 3898 apparteuir
737 3825 892 3899 egalemeut
905 3828 920 3879 a
933 3825 989 3879 l’nn
1002 3842 1039 3878 ou
1052 3827 1068 3878 d
1083 3822 1182 3878 l'autre
1193 3824 1229 3880 de

162 3929 209 3967 ces
219 3911 447 3968 etablissemeuts.

198 3997 237 4072 (3)
243 4000 298 4057 Sur
308 4001 348 4056 les
357 4003 493 4058 chausous
501 4003 538 4058 de
548 4015 624 4076 geste
631 4004 667 4060 de
674 4003 836 4061 Guillaume
848 4023 884 4060 su
895 4003 1053 4061 court-Nea
1061 4003 1230 4074 (saintGuil

163 4090 365 4164 laume),royea
374 4090 400 4146 la
408 4091 578 4165 description
587 4093 635 4149 des
641 4096 807 4151 manuscrits
815 4095 945 4169 Fraupais
956 4093 991 4149 de
999 4092 1024 4147 la
1035 4093 1230 4167 bibliotheque

164 4180 204 4235 du
217 4180 272 4235 Roi
289 4201 340 4255 par
357 4193 439 4239 notre
456 4194 550 4239 sanant
561 4184 701 4252 conitere,
717 4186 755 4239 Μ.
768 4185 867 4241 Paulin
881 4184 959 4239 Petis
971 4186 1010 4252 (t.
1027 4183 1079 4250 IV,
1094 4202 1122 4255 p.
1141 4180 1190 4238 113
1201 4192 1229 4237 et
