<?xml version="1.0" encoding="UTF-8"?>
<!DOCTYPE html PUBLIC "-//W3C//DTD XHTML 1.0 Transitional//EN"
    "http://www.w3.org/TR/xhtml1/DTD/xhtml1-transitional.dtd">
<html xmlns="http://www.w3.org/1999/xhtml" xml:lang="en" lang="en">
 <head>
  <title>
</title>
<meta http-equiv="Content-Type" content="text/html;charset=utf-8" />
  <meta name='ocr-system' content='tesseract 3.04.00' />
  <meta name='ocr-capabilities' content='ocr_page ocr_carea ocr_par ocr_line ocrx_word'/>
</head>
<body>
  <div class='ocr_page' id='page_1' title='image "./ordericivitalis05deligoog/ordericivitalis05deligoog_0368.png"; bbox 0 0 2888 4934; ppageno 0'>
   <div class='ocr_carea' id='block_1_1' title="bbox 55 480 1128 565">
    <p class='ocr_par' dir='ltr' id='par_1_1' title="bbox 55 480 1128 565">
     <span class='ocr_line' id='line_1_1' title="bbox 55 480 1128 565; baseline -0.004 -17"><span class='ocrx_word' id='word_1_1' title='bbox 55 489 164 565; x_wconf 73' lang='lat'><strong>[1090]</strong></span> <span class='ocrx_word' id='word_1_2' title='bbox 427 480 544 541; x_wconf 39' lang='lat' dir='ltr'>trinea</span> <span class='ocrx_word' id='word_1_3' title='bbox 565 481 753 545; x_wconf 78' lang='lat' dir='ltr'>ocravus.</span> <span class='ocrx_word' id='word_1_4' title='bbox 1067 487 1128 544; x_wconf 74' lang='lat' dir='ltr'>aar</span> 
     </span>
    </p>
   </div>
   <div class='ocr_carea' id='block_1_2' title="bbox 31 613 1138 4008">
    <p class='ocr_par' dir='ltr' id='par_1_2' title="bbox 54 613 1132 947">
     <span class='ocr_line' id='line_1_2' title="bbox 56 613 1132 713; baseline -0.002 -25"><span class='ocrx_word' id='word_1_5' title='bbox 56 633 114 690; x_wconf 89' lang='lat' dir='ltr'>ter</span> <span class='ocrx_word' id='word_1_6' title='bbox 127 616 300 702; x_wconf 79' lang='lat' dir='ltr'>saeviunt,</span> <span class='ocrx_word' id='word_1_7' title='bbox 320 616 483 713; x_wconf 81' lang='lat' dir='ltr'>civesque</span> <span class='ocrx_word' id='word_1_8' title='bbox 500 613 711 711; x_wconf 86' lang='lat' dir='ltr'><strong>metropolis</strong></span> <span class='ocrx_word' id='word_1_9' title='bbox 733 613 910 686; x_wconf 85' lang='lat' dir='ltr'>Neustriae</span> <span class='ocrx_word' id='word_1_10' title='bbox 932 615 1132 688; x_wconf 82' lang='lat' dir='ltr'>vinculatos</span> 
     </span>
     <span class='ocr_line' id='line_1_3' title="bbox 54 729 1132 830; baseline 0 -25"><span class='ocrx_word' id='word_1_11' title='bbox 54 732 262 824; x_wconf 84' lang='lat' dir='ltr'>attrahunt,</span> <span class='ocrx_word' id='word_1_12' title='bbox 297 732 505 829; x_wconf 86' lang='lat' dir='ltr'>cunctisque</span> <span class='ocrx_word' id='word_1_13' title='bbox 533 729 640 802; x_wconf 92' lang='lat' dir='ltr'>rebus</span> <span class='ocrx_word' id='word_1_14' title='bbox 665 733 857 830; x_wconf 87' lang='lat' dir='ltr'>spoliatos,</span> <span class='ocrx_word' id='word_1_15' title='bbox 889 749 928 803; x_wconf 92' lang='lat' dir='ltr'>ut</span> <span class='ocrx_word' id='word_1_16' title='bbox 958 732 1132 809; x_wconf 89' lang='lat' dir='ltr'>barbaros</span> 
     </span>
     <span class='ocr_line' id='line_1_4' title="bbox 55 850 505 947; baseline -0.011 -25"><span class='ocrx_word' id='word_1_17' title='bbox 55 850 194 938; x_wconf 88' lang='lat' dir='ltr'>hostes,</span> <span class='ocrx_word' id='word_1_18' title='bbox 214 850 308 921; x_wconf 88' lang='lat' dir='ltr'>male</span> <span class='ocrx_word' id='word_1_19' title='bbox 330 850 505 947; x_wconf 87' lang='lat' dir='ltr'>atlligunt.</span> 
     </span>
    </p>

    <p class='ocr_par' dir='ltr' id='par_1_3' title="bbox 31 965 1138 4008">
     <span class='ocr_line' id='line_1_5' title="bbox 104 965 1133 1067; baseline 0.001 -28"><span class='ocrx_word' id='word_1_20' title='bbox 104 969 200 1041; x_wconf 88' lang='lat' dir='ltr'>Ecce</span> <span class='ocrx_word' id='word_1_21' title='bbox 213 967 343 1066; x_wconf 88' lang='lat' dir='ltr'>quihus</span> <span class='ocrx_word' id='word_1_22' title='bbox 359 968 531 1038; x_wconf 86' lang='lat' dir='ltr'>aerumnis</span> <span class='ocrx_word' id='word_1_23' title='bbox 545 965 698 1065; x_wconf 89' lang='lat' dir='ltr'>superba</span> <span class='ocrx_word' id='word_1_24' title='bbox 713 967 928 1067; x_wconf 82' lang='lat' dir='ltr'>profligatur</span> <span class='ocrx_word' id='word_1_25' title='bbox 947 967 1133 1041; x_wconf 85' lang='lat' dir='ltr'>Norman-</span> 
     </span>
     <span class='ocr_line' id='line_1_6' title="bbox 55 1082 1133 1184; baseline 0 -28"><span class='ocrx_word' id='word_1_26' title='bbox 55 1086 137 1170; x_wconf 90' lang='lat' dir='ltr'>nia,</span> <span class='ocrx_word' id='word_1_27' title='bbox 161 1112 241 1184; x_wconf 88' lang='lat' dir='ltr'>quae</span> <span class='ocrx_word' id='word_1_28' title='bbox 260 1085 366 1156; x_wconf 91' lang='lat' dir='ltr'>nimis</span> <span class='ocrx_word' id='word_1_29' title='bbox 381 1083 470 1156; x_wconf 91' lang='lat' dir='ltr'>olim</span> <span class='ocrx_word' id='word_1_30' title='bbox 488 1085 578 1156; x_wconf 85' lang='lat' dir='ltr'>victa</span> <span class='ocrx_word' id='word_1_31' title='bbox 596 1083 821 1183; x_wconf 76' lang='lat' dir='ltr'>gloriabatur</span> <span class='ocrx_word' id='word_1_32' title='bbox 841 1082 990 1183; x_wconf 84' lang='lat' dir='ltr'>Anglia,</span> <span class='ocrx_word' id='word_1_33' title='bbox 1007 1101 1043 1157; x_wconf 92' lang='lat' dir='ltr'>et</span> <span class='ocrx_word' id='word_1_34' title='bbox 1065 1112 1133 1156; x_wconf 90' lang='lat' dir='ltr'>na-</span> 
     </span>
     <span class='ocr_line' id='line_1_7' title="bbox 55 1199 1135 1300; baseline 0 -27"><span class='ocrx_word' id='word_1_35' title='bbox 55 1199 233 1274; x_wconf 87' lang='lat' dir='ltr'>turalibus</span> <span class='ocrx_word' id='word_1_36' title='bbox 251 1203 353 1299; x_wconf 89' lang='lat' dir='ltr'>regni</span> <span class='ocrx_word' id='word_1_37' title='bbox 373 1200 454 1271; x_wconf 87' lang='lat' dir='ltr'>liliis</span> <span class='ocrx_word' id='word_1_38' title='bbox 476 1199 660 1274; x_wconf 88' lang='lat' dir='ltr'>trucidatis</span> <span class='ocrx_word' id='word_1_39' title='bbox 678 1202 751 1273; x_wconf 81' lang='lat' dir='ltr'>sire</span> <span class='ocrx_word' id='word_1_40' title='bbox 769 1201 919 1300; x_wconf 87' lang='lat' dir='ltr'>sugatis,</span> <span class='ocrx_word' id='word_1_41' title='bbox 939 1201 1135 1299; x_wconf 78' lang='lat' dir='ltr'>usurpabat</span> 
     </span>
     <span class='ocr_line' id='line_1_8' title="bbox 55 1320 1134 1417; baseline 0.001 -26"><span class='ocrx_word' id='word_1_42' title='bbox 55 1343 185 1393; x_wconf 87' lang='lat' dir='ltr'>eorum</span> <span class='ocrx_word' id='word_1_43' title='bbox 212 1321 444 1417; x_wconf 88' lang='lat' dir='ltr'>possessiones</span> <span class='ocrx_word' id='word_1_44' title='bbox 468 1335 504 1391; x_wconf 87' lang='lat' dir='ltr'>et</span> <span class='ocrx_word' id='word_1_45' title='bbox 526 1320 688 1417; x_wconf 88' lang='lat' dir='ltr'>imperia.</span> <span class='ocrx_word' id='word_1_46' title='bbox 712 1321 805 1391; x_wconf 85' lang='lat' dir='ltr'>Ecce</span> <span class='ocrx_word' id='word_1_47' title='bbox 823 1345 973 1391; x_wconf 85' lang='lat' dir='ltr'>massam</span> <span class='ocrx_word' id='word_1_48' title='bbox 990 1320 1134 1392; x_wconf 88' lang='lat' dir='ltr'>divitia-</span> 
     </span>
     <span class='ocr_line' id='line_1_9' title="bbox 56 1436 1133 1537; baseline 0 -29"><span class='ocrx_word' id='word_1_49' title='bbox 56 1464 141 1509; x_wconf 90' lang='lat' dir='ltr'>rum</span> <span class='ocrx_word' id='word_1_50' title='bbox 158 1463 244 1536; x_wconf 91' lang='lat' dir='ltr'>quas</span> <span class='ocrx_word' id='word_1_51' title='bbox 258 1436 335 1508; x_wconf 89' lang='lat' dir='ltr'>aliis</span> <span class='ocrx_word' id='word_1_52' title='bbox 354 1437 494 1535; x_wconf 81' lang='lat' dir='ltr'>rapuit,</span> <span class='ocrx_word' id='word_1_53' title='bbox 514 1438 634 1537; x_wconf 88' lang='lat' dir='ltr'>eisque</span> <span class='ocrx_word' id='word_1_54' title='bbox 651 1438 793 1535; x_wconf 90' lang='lat' dir='ltr'>pollens</span> <span class='ocrx_word' id='word_1_55' title='bbox 812 1438 856 1510; x_wconf 90' lang='lat' dir='ltr'>ad</span> <span class='ocrx_word' id='word_1_56' title='bbox 881 1465 981 1509; x_wconf 89' lang='lat' dir='ltr'>suam</span> <span class='ocrx_word' id='word_1_57' title='bbox 1004 1439 1133 1535; x_wconf 88' lang='lat' dir='ltr'>perni-</span> 
     </span>
     <span class='ocr_line' id='line_1_10' title="bbox 56 1555 1133 1642; baseline 0.002 -16"><span class='ocrx_word' id='word_1_58' title='bbox 56 1555 149 1627; x_wconf 92' lang='lat' dir='ltr'>ciem</span> <span class='ocrx_word' id='word_1_59' title='bbox 178 1555 374 1627; x_wconf 82' lang='lat' dir='ltr'>insolenter</span> <span class='ocrx_word' id='word_1_60' title='bbox 392 1556 542 1642; x_wconf 87' lang='lat' dir='ltr'>tumuit,</span> <span class='ocrx_word' id='word_1_61' title='bbox 563 1582 661 1628; x_wconf 91' lang='lat' dir='ltr'>nunc</span> <span class='ocrx_word' id='word_1_62' title='bbox 679 1582 753 1629; x_wconf 93' lang='lat' dir='ltr'>non</span> <span class='ocrx_word' id='word_1_63' title='bbox 770 1556 813 1627; x_wconf 89' lang='lat' dir='ltr'>ad</span> <span class='ocrx_word' id='word_1_64' title='bbox 832 1556 1133 1629; x_wconf 80' lang='lat' dir='ltr'>delectamentum</span> 
     </span>
     <span class='ocr_line' id='line_1_11' title="bbox 56 1670 1131 1769; baseline 0.003 -27"><span class='ocrx_word' id='word_1_65' title='bbox 56 1672 129 1762; x_wconf 92' lang='lat' dir='ltr'>sui,</span> <span class='ocrx_word' id='word_1_66' title='bbox 151 1670 212 1744; x_wconf 87' lang='lat' dir='ltr'>sed</span> <span class='ocrx_word' id='word_1_67' title='bbox 233 1675 352 1769; x_wconf 89' lang='lat' dir='ltr'>potins</span> <span class='ocrx_word' id='word_1_68' title='bbox 371 1671 413 1744; x_wconf 90' lang='lat' dir='ltr'>ad</span> <span class='ocrx_word' id='word_1_69' title='bbox 432 1689 654 1746; x_wconf 87' lang='lat' dir='ltr'>tormentum</span> <span class='ocrx_word' id='word_1_70' title='bbox 672 1672 928 1747; x_wconf 85' lang='lat' dir='ltr'>miserabiliter</span> <span class='ocrx_word' id='word_1_71' title='bbox 951 1673 1131 1746; x_wconf 84' lang='lat' dir='ltr'>distrahit.</span> 
     </span>
     <span class='ocr_line' id='line_1_12' title="bbox 57 1789 1137 1887; baseline 0.002 -27"><span class='ocrx_word' id='word_1_72' title='bbox 57 1789 178 1877; x_wconf 89' lang='lat' dir='ltr'>Nune,</span> <span class='ocrx_word' id='word_1_73' title='bbox 195 1791 285 1862; x_wconf 90' lang='lat' dir='ltr'>sicut</span> <span class='ocrx_word' id='word_1_74' title='bbox 298 1789 475 1887; x_wconf 72' lang='lat' dir='ltr'>Babylon,</span> <span class='ocrx_word' id='word_1_75' title='bbox 489 1789 533 1863; x_wconf 90' lang='lat' dir='ltr'>de</span> <span class='ocrx_word' id='word_1_76' title='bbox 543 1790 670 1873; x_wconf 89' lang='lat' dir='ltr'>eodem</span> <span class='ocrx_word' id='word_1_77' title='bbox 681 1790 778 1864; x_wconf 88' lang='lat' dir='ltr'>bibit</span> <span class='ocrx_word' id='word_1_78' title='bbox 793 1792 1070 1866; x_wconf 85' lang='lat' dir='ltr'>tribulationum</span> <span class='ocrx_word' id='word_1_79' title='bbox 1082 1818 1137 1864; x_wconf 91' lang='lat' dir='ltr'>ca-</span> 
     </span>
     <span class='ocr_line' id='line_1_13' title="bbox 42 1905 1135 2007; baseline 0.003 -30"><span class='ocrx_word' id='word_1_80' title='bbox 42 1905 143 1999; x_wconf 89' lang='lat' dir='ltr'>lice,</span> <span class='ocrx_word' id='word_1_81' title='bbox 163 1905 258 1977; x_wconf 90' lang='lat' dir='ltr'>unde</span> <span class='ocrx_word' id='word_1_82' title='bbox 274 1907 442 2007; x_wconf 87' lang='lat' dir='ltr'>nequiter</span> <span class='ocrx_word' id='word_1_83' title='bbox 460 1908 548 1981; x_wconf 89' lang='lat' dir='ltr'>alios</span> <span class='ocrx_word' id='word_1_84' title='bbox 567 1908 670 1980; x_wconf 88' lang='lat' dir='ltr'>solita</span> <span class='ocrx_word' id='word_1_85' title='bbox 686 1926 738 1980; x_wconf 91' lang='lat' dir='ltr'>est</span> <span class='ocrx_word' id='word_1_86' title='bbox 756 1908 951 1982; x_wconf 89' lang='lat' dir='ltr'>inebriare.</span> <span class='ocrx_word' id='word_1_87' title='bbox 968 1908 1061 1983; x_wconf 86' lang='lat' dir='ltr'>Visis</span> <span class='ocrx_word' id='word_1_88' title='bbox 1079 1925 1135 1981; x_wconf 86' lang='lat' dir='ltr'>tot</span> 
     </span>
     <span class='ocr_line' id='line_1_14' title="bbox 56 2023 1135 2124; baseline 0.002 -30"><span class='ocrx_word' id='word_1_89' title='bbox 56 2023 178 2112; x_wconf 91' lang='lat' dir='ltr'>malis,</span> <span class='ocrx_word' id='word_1_90' title='bbox 212 2050 348 2123; x_wconf 91' lang='lat' dir='ltr'>pauper</span> <span class='ocrx_word' id='word_1_91' title='bbox 380 2026 493 2124; x_wconf 81' lang='lat' dir='ltr'>gemit</span> <span class='ocrx_word' id='word_1_92' title='bbox 522 2026 659 2115; x_wconf 90' lang='lat' dir='ltr'>clerus,</span> <span class='ocrx_word' id='word_1_93' title='bbox 688 2026 952 2100; x_wconf 88' lang='lat' dir='ltr'>monachorum</span> <span class='ocrx_word' id='word_1_94' title='bbox 986 2026 1135 2124; x_wconf 90' lang='lat' dir='ltr'>plorant</span> 
     </span>
     <span class='ocr_line' id='line_1_15' title="bbox 31 2141 1131 2242; baseline -0.001 -29"><span class='ocrx_word' id='word_1_95' title='bbox 31 2158 195 2232; x_wconf 74' lang='lat' dir='ltr'>ciratus,</span> <span class='ocrx_word' id='word_1_96' title='bbox 220 2158 256 2213; x_wconf 91' lang='lat' dir='ltr'>et</span> <span class='ocrx_word' id='word_1_97' title='bbox 279 2142 456 2215; x_wconf 86' lang='lat' dir='ltr'>desolatus</span> <span class='ocrx_word' id='word_1_98' title='bbox 481 2141 615 2242; x_wconf 86' lang='lat' dir='ltr'>ubique</span> <span class='ocrx_word' id='word_1_99' title='bbox 639 2147 778 2215; x_wconf 86' lang='lat' dir='ltr'>moeret</span> <span class='ocrx_word' id='word_1_100' title='bbox 794 2144 941 2215; x_wconf 87' lang='lat' dir='ltr'>inermis</span> <span class='ocrx_word' id='word_1_101' title='bbox 965 2143 1131 2240; x_wconf 90' lang='lat' dir='ltr'>populns.</span> 
     </span>
     <span class='ocr_line' id='line_1_16' title="bbox 55 2257 1135 2362; baseline 0.002 -32"><span class='ocrx_word' id='word_1_102' title='bbox 55 2257 131 2332; x_wconf 90' lang='lat' dir='ltr'>Soli</span> <span class='ocrx_word' id='word_1_103' title='bbox 146 2258 321 2358; x_wconf 90' lang='lat' dir='ltr'>gaudent,</span> <span class='ocrx_word' id='word_1_104' title='bbox 341 2259 401 2332; x_wconf 88' lang='lat' dir='ltr'>sed</span> <span class='ocrx_word' id='word_1_105' title='bbox 417 2287 492 2333; x_wconf 94' lang='lat' dir='ltr'>non</span> <span class='ocrx_word' id='word_1_106' title='bbox 508 2260 589 2349; x_wconf 91' lang='lat' dir='ltr'>diu,</span> <span class='ocrx_word' id='word_1_107' title='bbox 608 2287 673 2334; x_wconf 90' lang='lat' dir='ltr'>nec</span> <span class='ocrx_word' id='word_1_108' title='bbox 687 2262 856 2353; x_wconf 79' lang='lat' dir='ltr'>feliciter,</span> <span class='ocrx_word' id='word_1_109' title='bbox 874 2262 935 2362; x_wconf 91' lang='lat' dir='ltr'>qui</span> <span class='ocrx_word' id='word_1_110' title='bbox 949 2261 1061 2333; x_wconf 77' lang='lat' dir='ltr'>furari</span> <span class='ocrx_word' id='word_1_111' title='bbox 1074 2287 1135 2334; x_wconf 88' lang='lat' dir='ltr'>seu</span> 
     </span>
     <span class='ocr_line' id='line_1_17' title="bbox 55 2376 1136 2477; baseline 0.003 -30"><span class='ocrx_word' id='word_1_112' title='bbox 55 2376 213 2474; x_wconf 83' lang='lat' dir='ltr'>praedari</span> <span class='ocrx_word' id='word_1_113' title='bbox 230 2397 378 2476; x_wconf 88' lang='lat' dir='ltr'>possunt</span> <span class='ocrx_word' id='word_1_114' title='bbox 392 2380 638 2477; x_wconf 86' lang='lat' dir='ltr'>pertinaciter.</span> <span class='ocrx_word' id='word_1_115' title='bbox 657 2379 754 2452; x_wconf 90' lang='lat' dir='ltr'>Proh</span> <span class='ocrx_word' id='word_1_116' title='bbox 767 2379 890 2454; x_wconf 83' lang='lat' dir='ltr'>dolor!</span> <span class='ocrx_word' id='word_1_117' title='bbox 908 2379 1136 2453; x_wconf 89' lang='lat' dir='ltr'>sacerdotalis</span> 
     </span>
     <span class='ocr_line' id='line_1_18' title="bbox 56 2492 1134 2596; baseline 0.002 -31"><span class='ocrx_word' id='word_1_118' title='bbox 56 2518 150 2591; x_wconf 89' lang='lat' dir='ltr'>pene</span> <span class='ocrx_word' id='word_1_119' title='bbox 169 2492 390 2568; x_wconf 85' lang='lat' dir='ltr'>adnihilatur</span> <span class='ocrx_word' id='word_1_120' title='bbox 415 2498 635 2585; x_wconf 81' lang='lat' dir='ltr'>reverentia,</span> <span class='ocrx_word' id='word_1_121' title='bbox 656 2498 711 2569; x_wconf 90' lang='lat' dir='ltr'>cui</span> <span class='ocrx_word' id='word_1_122' title='bbox 735 2523 826 2596; x_wconf 89' lang='lat' dir='ltr'>pene</span> <span class='ocrx_word' id='word_1_123' title='bbox 839 2498 957 2569; x_wconf 92' lang='lat' dir='ltr'>omnis</span> <span class='ocrx_word' id='word_1_124' title='bbox 974 2495 1134 2595; x_wconf 87' lang='lat' dir='ltr'>denega-</span> 
     </span>
     <span class='ocr_line' id='line_1_19' title="bbox 58 2597 1134 2712; baseline 0.004 -31"><span class='ocrx_word' id='word_1_125' title='bbox 58 2625 119 2681; x_wconf 87' lang='lat' dir='ltr'>tur</span> <span class='ocrx_word' id='word_1_126' title='bbox 137 2609 359 2698; x_wconf 89' lang='lat' dir='ltr'>obedientia,</span> <span class='ocrx_word' id='word_1_127' title='bbox 379 2613 611 2686; x_wconf 90' lang='lat' dir='ltr'>vehementer</span> <span class='ocrx_word' id='word_1_128' title='bbox 626 2617 835 2712; x_wconf 80' lang='lat' dir='ltr'>insurgente</span> <span class='ocrx_word' id='word_1_129' title='bbox 852 2597 1041 2687; x_wconf 39' lang='lat' dir='ltr'>e‘tsurente</span> <span class='ocrx_word' id='word_1_130' title='bbox 1054 2639 1134 2684; x_wconf 89' lang='lat' dir='ltr'>ma-</span> 
     </span>
     <span class='ocr_line' id='line_1_20' title="bbox 54 2728 1132 2831; baseline 0.002 -32"><span class='ocrx_word' id='word_1_131' title='bbox 54 2728 178 2800; x_wconf 90' lang='lat' dir='ltr'>lorum</span> <span class='ocrx_word' id='word_1_132' title='bbox 194 2730 378 2803; x_wconf 82' lang='lat' dir='ltr'>violentia.</span> <span class='ocrx_word' id='word_1_133' title='bbox 398 2731 448 2803; x_wconf 86' lang='lat' dir='ltr'>Ut</span> <span class='ocrx_word' id='word_1_134' title='bbox 464 2732 551 2831; x_wconf 90' lang='lat' dir='ltr'>qnid</span> <span class='ocrx_word' id='word_1_135' title='bbox 570 2734 607 2804; x_wconf 93' lang='lat' dir='ltr'>in</span> <span class='ocrx_word' id='word_1_136' title='bbox 620 2732 784 2804; x_wconf 89' lang='lat' dir='ltr'>Neustria</span> <span class='ocrx_word' id='word_1_137' title='bbox 802 2748 943 2802; x_wconf 88' lang='lat' dir='ltr'>tantum</span> <span class='ocrx_word' id='word_1_138' title='bbox 960 2730 1132 2802; x_wconf 83' lang='lat' dir='ltr'>effrenata</span> 
     </span>
     <span class='ocr_line' id='line_1_21' title="bbox 53 2843 1131 2948; baseline 0.002 -34"><span class='ocrx_word' id='word_1_139' title='bbox 53 2843 144 2915; x_wconf 86' lang='lat' dir='ltr'>surit</span> <span class='ocrx_word' id='word_1_140' title='bbox 168 2846 345 2943; x_wconf 79' lang='lat' dir='ltr'>Erynnis,</span> <span class='ocrx_word' id='word_1_141' title='bbox 375 2847 632 2948; x_wconf 89' lang='lat' dir='ltr'>indigenasque</span> <span class='ocrx_word' id='word_1_142' title='bbox 664 2848 896 2920; x_wconf 83' lang='lat' dir='ltr'>Normannos</span> <span class='ocrx_word' id='word_1_143' title='bbox 924 2846 1131 2945; x_wconf 88' lang='lat' dir='ltr'>proculcat,</span> 
     </span>
     <span class='ocr_line' id='line_1_22' title="bbox 54 2961 1134 3062; baseline 0.003 -29"><span class='ocrx_word' id='word_1_144' title='bbox 54 2961 261 3062; x_wconf 84' lang='lat' dir='ltr'>subigitque</span> <span class='ocrx_word' id='word_1_145' title='bbox 280 2964 416 3036; x_wconf 76' lang='lat' dir='ltr'>ruinis?</span> <span class='ocrx_word' id='word_1_146' title='bbox 440 2967 529 3059; x_wconf 85' lang='lat' dir='ltr'>Quia</span> <span class='ocrx_word' id='word_1_147' title='bbox 552 2967 588 3038; x_wconf 90' lang='lat' dir='ltr'>in</span> <span class='ocrx_word' id='word_1_148' title='bbox 618 2965 744 3038; x_wconf 90' lang='lat' dir='ltr'>diebus</span> <span class='ocrx_word' id='word_1_149' title='bbox 775 2967 845 3038; x_wconf 91' lang='lat' dir='ltr'>illis</span> <span class='ocrx_word' id='word_1_150' title='bbox 871 2993 944 3038; x_wconf 92' lang='lat' dir='ltr'>uon</span> <span class='ocrx_word' id='word_1_151' title='bbox 969 2982 1047 3038; x_wconf 87' lang='lat' dir='ltr'>erat</span> <span class='ocrx_word' id='word_1_152' title='bbox 1071 2989 1134 3037; x_wconf 86' lang='lat' dir='ltr'>rex</span> 
     </span>
     <span class='ocr_line' id='line_1_23' title="bbox 48 3080 1135 3184; baseline 0.003 -33"><span class='ocrx_word' id='word_1_153' title='bbox 48 3105 175 3180; x_wconf 70' lang='lat' dir='ltr'>⁴neque</span> <span class='ocrx_word' id='word_1_154' title='bbox 204 3080 277 3154; x_wconf 88' lang='lat' dir='ltr'>dux</span> <span class='ocrx_word' id='word_1_155' title='bbox 305 3084 529 3169; x_wconf 88' lang='lat' dir='ltr'>Jerusalem,</span> <span class='ocrx_word' id='word_1_156' title='bbox 566 3086 754 3184; x_wconf 83' lang='lat' dir='ltr'>aureisque</span> <span class='ocrx_word' id='word_1_157' title='bbox 787 3085 909 3156; x_wconf 85' lang='lat' dir='ltr'>vitulis</span> <span class='ocrx_word' id='word_1_158' title='bbox 939 3083 1135 3158; x_wconf 86' lang='lat' dir='ltr'>Jerohoam</span> 
     </span>
     <span class='ocr_line' id='line_1_24' title="bbox 55 3197 1136 3297; baseline 0.004 -29"><span class='ocrx_word' id='word_1_159' title='bbox 55 3197 203 3270; x_wconf 90' lang='lat' dir='ltr'>rebellis</span> <span class='ocrx_word' id='word_1_160' title='bbox 221 3198 322 3297; x_wconf 90' lang='lat' dir='ltr'>plebs</span> <span class='ocrx_word' id='word_1_161' title='bbox 351 3201 560 3273; x_wconf 87' lang='lat' dir='ltr'>immolabat</span> <span class='ocrx_word' id='word_1_162' title='bbox 582 3202 616 3273; x_wconf 95' lang='lat' dir='ltr'>in</span> <span class='ocrx_word' id='word_1_163' title='bbox 642 3204 719 3274; x_wconf 87' lang='lat' dir='ltr'>Dan</span> <span class='ocrx_word' id='word_1_164' title='bbox 743 3219 779 3275; x_wconf 90' lang='lat' dir='ltr'>et</span> <span class='ocrx_word' id='word_1_165' title='bbox 794 3201 918 3274; x_wconf 90' lang='lat' dir='ltr'>Bethel</span> <span class='ocrx_word' id='word_1_166' title='bbox 939 3205 1002 3297; x_wconf 84' lang='lat' dir='ltr'>(t).</span> <span class='ocrx_word' id='word_1_167' title='bbox 1030 3198 1136 3272; x_wconf 86' lang='lat' dir='ltr'>Unde</span> 
     </span>
     <span class='ocr_line' id='line_1_25' title="bbox 57 3319 1136 3417; baseline 0.004 -32"><span class='ocrx_word' id='word_1_168' title='bbox 57 3331 339 3415; x_wconf 87' lang='lat' dir='ltr'>transgressores</span> <span class='ocrx_word' id='word_1_169' title='bbox 356 3319 462 3417; x_wconf 82' lang='lat' dir='ltr'>legis,</span> <span class='ocrx_word' id='word_1_170' title='bbox 491 3319 536 3390; x_wconf 88' lang='lat' dir='ltr'>ab</span> <span class='ocrx_word' id='word_1_171' title='bbox 554 3347 659 3394; x_wconf 90' lang='lat' dir='ltr'>eruca</span> <span class='ocrx_word' id='word_1_172' title='bbox 681 3339 717 3393; x_wconf 88' lang='lat' dir='ltr'>et</span> <span class='ocrx_word' id='word_1_173' title='bbox 734 3320 875 3394; x_wconf 86' lang='lat' dir='ltr'>brucho</span> <span class='ocrx_word' id='word_1_174' title='bbox 893 3337 930 3393; x_wconf 86' lang='lat' dir='ltr'>et</span> <span class='ocrx_word' id='word_1_175' title='bbox 947 3323 1081 3394; x_wconf 89' lang='lat' dir='ltr'>locusta</span> <span class='ocrx_word' id='word_1_176' title='bbox 1100 3335 1136 3391; x_wconf 89' lang='lat' dir='ltr'>et</span> 
     </span>
     <span class='ocr_line' id='line_1_26' title="bbox 56 3432 1136 3536; baseline 0.002 -31"><span class='ocrx_word' id='word_1_177' title='bbox 56 3432 228 3533; x_wconf 86' lang='lat' dir='ltr'>rubigine</span> <span class='ocrx_word' id='word_1_178' title='bbox 248 3443 428 3524; x_wconf 87' lang='lat' dir='ltr'>comesos,</span> <span class='ocrx_word' id='word_1_179' title='bbox 448 3438 589 3536; x_wconf 88' lang='lat' dir='ltr'>plangit</span> <span class='ocrx_word' id='word_1_180' title='bbox 606 3455 642 3510; x_wconf 90' lang='lat' dir='ltr'>et</span> <span class='ocrx_word' id='word_1_181' title='bbox 656 3438 827 3511; x_wconf 86' lang='lat' dir='ltr'>hortatur</span> <span class='ocrx_word' id='word_1_182' title='bbox 845 3439 924 3509; x_wconf 90' lang='lat' dir='ltr'>Joel</span> <span class='ocrx_word' id='word_1_183' title='bbox 944 3438 1014 3535; x_wconf 81' lang='lat' dir='ltr'>(a).</span> <span class='ocrx_word' id='word_1_184' title='bbox 1037 3435 1136 3527; x_wconf 86' lang='lat' dir='ltr'>Qua-</span> 
     </span>
     <span class='ocr_line' id='line_1_27' title="bbox 58 3549 1135 3652; baseline 0.002 -33"><span class='ocrx_word' id='word_1_185' title='bbox 58 3566 143 3621; x_wconf 87' lang='lat' dir='ltr'>tuor</span> <span class='ocrx_word' id='word_1_186' title='bbox 163 3549 217 3635; x_wconf 86' lang='lat' dir='ltr'>his¹</span> <span class='ocrx_word' id='word_1_187' title='bbox 234 3550 393 3623; x_wconf 88' lang='lat' dir='ltr'>cladibus</span> <span class='ocrx_word' id='word_1_188' title='bbox 411 3581 429 3623; x_wconf 91' lang='lat' dir='ltr'>a</span> <span class='ocrx_word' id='word_1_189' title='bbox 445 3552 619 3651; x_wconf 89' lang='lat' dir='ltr'>propheta</span> <span class='ocrx_word' id='word_1_190' title='bbox 636 3555 786 3652; x_wconf 88' lang='lat' dir='ltr'>prolatis</span> <span class='ocrx_word' id='word_1_191' title='bbox 804 3553 1027 3624; x_wconf 88' lang='lat' dir='ltr'>denotantur</span> <span class='ocrx_word' id='word_1_192' title='bbox 1042 3577 1135 3650; x_wconf 88' lang='lat' dir='ltr'>qua·</span> 
     </span>
     <span class='ocr_line' id='line_1_28' title="bbox 57 3667 1137 3769; baseline 0.002 -32"><span class='ocrx_word' id='word_1_193' title='bbox 57 3683 144 3740; x_wconf 86' lang='lat' dir='ltr'>tuor</span> <span class='ocrx_word' id='word_1_194' title='bbox 173 3669 282 3740; x_wconf 90' lang='lat' dir='ltr'>animi</span> <span class='ocrx_word' id='word_1_195' title='bbox 316 3670 495 3768; x_wconf 89' lang='lat' dir='ltr'>passiones</span> <span class='ocrx_word' id='word_1_196' title='bbox 515 3688 659 3743; x_wconf 90' lang='lat' dir='ltr'>:metus</span> <span class='ocrx_word' id='word_1_197' title='bbox 685 3688 720 3744; x_wconf 90' lang='lat' dir='ltr'>et</span> <span class='ocrx_word' id='word_1_198' title='bbox 749 3669 942 3769; x_wconf 88' lang='lat' dir='ltr'>cupiditas,</span> <span class='ocrx_word' id='word_1_199' title='bbox 968 3667 1075 3742; x_wconf 89' lang='lat' dir='ltr'>dolor</span> <span class='ocrx_word' id='word_1_200' title='bbox 1101 3684 1137 3741; x_wconf 90' lang='lat' dir='ltr'>et</span> 
     </span>
     <span class='ocr_line' id='line_1_29' title="bbox 57 3783 1138 3886; baseline 0.002 -31"><span class='ocrx_word' id='word_1_201' title='bbox 57 3783 240 3882; x_wconf 85' lang='lat' dir='ltr'>gaudium.</span> <span class='ocrx_word' id='word_1_202' title='bbox 263 3787 378 3858; x_wconf 86' lang='lat' dir='ltr'>Metus</span> <span class='ocrx_word' id='word_1_203' title='bbox 391 3805 428 3860; x_wconf 91' lang='lat' dir='ltr'>et</span> <span class='ocrx_word' id='word_1_204' title='bbox 445 3788 619 3885; x_wconf 88' lang='lat' dir='ltr'>cupiditas</span> <span class='ocrx_word' id='word_1_205' title='bbox 632 3788 786 3861; x_wconf 88' lang='lat' dir='ltr'>humana</span> <span class='ocrx_word' id='word_1_206' title='bbox 801 3786 999 3886; x_wconf 73' lang='lat' dir='ltr'>praecordia</span> <span class='ocrx_word' id='word_1_207' title='bbox 1013 3787 1138 3858; x_wconf 90' lang='lat' dir='ltr'>stimu-</span> 
     </span>
     <span class='ocr_line' id='line_1_30' title="bbox 58 3903 1136 4008; baseline 0.003 -35"><span class='ocrx_word' id='word_1_208' title='bbox 58 3903 136 3974; x_wconf 90' lang='lat' dir='ltr'>lant</span> <span class='ocrx_word' id='word_1_209' title='bbox 151 3919 187 3975; x_wconf 81' lang='lat' dir='ltr'>et.</span> <span class='ocrx_word' id='word_1_210' title='bbox 204 3905 428 3998; x_wconf 87' lang='lat' dir='ltr'>corrodunt,</span> <span class='ocrx_word' id='word_1_211' title='bbox 443 3906 638 4008; x_wconf 88' lang='lat' dir='ltr'>eademque</span> <span class='ocrx_word' id='word_1_212' title='bbox 656 3907 775 3979; x_wconf 88' lang='lat' dir='ltr'>lethali</span> <span class='ocrx_word' id='word_1_213' title='bbox 792 3905 922 4006; x_wconf 87' lang='lat' dir='ltr'>gaudio</span> <span class='ocrx_word' id='word_1_214' title='bbox 938 3933 999 3979; x_wconf 87' lang='lat' dir='ltr'>seu</span> <span class='ocrx_word' id='word_1_215' title='bbox 1016 3905 1136 3978; x_wconf 92' lang='lat' dir='ltr'>dolori</span> 
     </span>
    </p>
   </div>
   <div class='ocr_carea' id='block_1_3' title="bbox 54 4085 1124 4100">
    <p class='ocr_par' dir='ltr' id='par_1_4' title="bbox 54 4085 1124 4100">
     <span class='ocr_line' id='line_1_31' title="bbox 54 4085 1124 4100; baseline 0.003 -6"><span class='ocrx_word' id='word_1_216' title='bbox 54 4085 344 4098; x_wconf 73' lang='lat'>——-———-—-</span> <span class='ocrx_word' id='word_1_217' title='bbox 360 4092 419 4099; x_wconf 54' lang='grc' dir='ltr'>*η</span> <span class='ocrx_word' id='word_1_218' title='bbox 426 4094 430 4098; x_wconf 88' lang='grc'>-</span> <span class='ocrx_word' id='word_1_219' title='bbox 444 4093 506 4100; x_wconf 52' lang='grc' dir='ltr'>.-.η-</span> <span class='ocrx_word' id='word_1_220' title='bbox 825 4086 1124 4100; x_wconf 57' lang='grc' dir='ltr'><em>Μ</em></span> 
     </span>
    </p>
   </div>
   <div class='ocr_carea' id='block_1_4' title="bbox 94 4195 333 4355">
    <p class='ocr_par' dir='ltr' id='par_1_5' title="bbox 94 4195 333 4355">
     <span class='ocr_line' id='line_1_32' title="bbox 94 4195 333 4267; baseline 0.025 -20"><span class='ocrx_word' id='word_1_221' title='bbox 94 4198 136 4259; x_wconf 77' lang='grc' dir='ltr'>(ι)</span> <span class='ocrx_word' id='word_1_222' title='bbox 153 4212 183 4247; x_wconf 83' lang='lat' dir='ltr'>ru</span> <span class='ocrx_word' id='word_1_223' title='bbox 197 4195 269 4267; x_wconf 74' lang='lat' dir='ltr'>Bag.</span> <span class='ocrx_word' id='word_1_224' title='bbox 284 4215 333 4253; x_wconf 76' lang='lat' dir='ltr'>an.</span> 
     </span>
     <span class='ocr_line' id='line_1_33' title="bbox 97 4285 308 4355; baseline 0.019 -19"><span class='ocrx_word' id='word_1_225' title='bbox 97 4286 137 4352; x_wconf 80' lang='lat' dir='ltr'>(a)</span> <span class='ocrx_word' id='word_1_226' title='bbox 152 4285 227 4354; x_wconf 79' lang='lat' dir='ltr'>Joel,</span> <span class='ocrx_word' id='word_1_227' title='bbox 242 4305 266 4355; x_wconf 90' lang='lat'>1,</span> <span class='ocrx_word' id='word_1_228' title='bbox 284 4291 308 4353; x_wconf 69' lang='lat' dir='ltr'>l.</span> 
     </span>
    </p>
   </div>
   <div class='ocr_carea' id='block_1_5' title="bbox 0 0 1453 4934">
    <p class='ocr_par' dir='ltr' id='par_1_6' title="bbox 0 0 1453 4934">
     <span class='ocr_line' id='line_1_34' title="bbox 0 0 1453 4934; baseline 0 0"><span class='ocrx_word' id='word_1_229' title='bbox 0 0 1453 4934; x_wconf 95' lang='lat' dir='ltr'> </span> 
     </span>
    </p>
   </div>
  </div>
 </body>
</html>
