2872 4920
183 410 244 471 sao
461 408 976 471 111s101111ecctss11smc1.
1147 416 1233 494 [aaa]

179 545 284 613 Turre
307 539 410 611 inulti
436 537 722 613 Christianorum
747 540 867 640 gladio
890 540 1110 615 ceciderunt.
1134 542 1232 643 Siqni

181 685 267 732 vero
304 671 523 756 potuerunt,
560 658 642 757 luga
673 659 802 757 elapsi,
837 674 954 732 castro
987 660 1137 758 recepti·
1156 672 1232 732 sant.

180 778 260 870 Quo
282 773 440 874 undique
466 771 628 865 obsesso,
660 777 780 848 statim
806 773 924 850 hostes
949 777 1096 849 inclusis
1127 798 1236 877 aqam

179 892 418 966 abstulerunt.
438 891 534 963 Fons
561 906 597 964 et
622 909 748 990 puteus
770 918 844 1001 quc
867 893 1052 967 castellum
1079 907 1238 966 scatean-

182 1010 301 1096 batur,
318 1023 419 1081 extra
437 1025 514 1081 erat
527 1034 636 1108 quem
650 1026 846 1110 utrumqne
864 1008 1021 1085 viriliter
1034 1012 1240 1110 circumsep-

182 1146 259 1201 tam
286 1126 382 1226 legio
413 1127 617 1200 Tureovum
651 1127 896 1202 indesinenter
919 1127 1148 1202 observabat.
1173 1127 1240 1201 Sitis

181 1248 300 1345 itaque
316 1245 466 1317 nimiam
488 1245 820 1320 incommoditatem
844 1249 974 1321 obsessi
992 1273 1062 1347 per
1080 1245 1158 1323 dies
1172 1261 1241 1321 octa

180 1362 448 1448 sustinuerunt3
464 1360 524 1434 sed
536 1362 585 1435 ob
603 1364 824 1437 nimietatem
841 1365 1017 1437 scelerum
1035 1379 1073 1437 et
1085 1362 1240 1439 duritiam

182 1479 345 1553 cordium
362 1479 495 1551 anxiati
515 1497 617 1569 sunt,
640 1506 741 1554 neca
760 1483 836 1555 Deo
849 1480 1009 1582 adjuvari
1029 1494 1240 1556 meruerant.

181 1593 343 1667 Tandem
362 1595 434 1666 dux
447 1619 573 1667 eorum
592 1622 675 1668 cam
688 1598 816 1670 Turcis
830 1595 1038 1672 consiliatus
1049 1614 1124 1688 est,
1140 1599 1242 1698 eisque

181 1736 344 1801 suornm,
356 1714 384 1784 si
397 1729 526 1811 posset,
541 1713 784 1812 proditionem
797 1717 950 1788 fratrum
961 1730 1090 1812 pactus
1100 1731 1166 1788 est.
1177 1712 1241 1787 llai·

182 1829 308 1903 naldus
332 1831 456 1928 igitur,
482 1829 625 1929 fingens
645 1856 682 1903 se
702 1829 747 1902 ad
769 1828 906 1905 bellum
929 1830 1149 1931 procedere,
1173 1856 1239 1905 eam

181 1948 304 2020 multis
322 1947 451 2032 exivit,
478 1945 587 2020 acad
612 1949 749 2022 'lurcos
775 1951 955 2048 transfuga
980 1952 1084 2049 fugit.
1115 1944 1238 2021 Residui

179 2091 268 2140 vero
280 2065 506 2139 inhonestam
517 2064 737 2139 deditionem
758 2068 870 2140 coacti
885 2067 1071 2154 fecerunt,
1089 2083 1127 2140 et
1140 2066 1240 2165 doept·

182 2198 317 2265 rantes,
338 2179 618 2254 abominabilem
636 2183 846 2281 apostasiam
871 2184 907 2255 in
927 2181 1045 2255 Deum
1063 2180 1237 2256 committ-

181 2316 281 2373 runt.
300 2300 416 2373 Porro
434 2299 507 2388 illi,
527 2299 591 2399 qui
609 2300 691 2373 fidei
709 2326 781 2374 snae
799 2300 1048 2374 testimoninm
1063 2297 1235 2399 perbibat·

181 2432 287 2498 runt,
304 2418 493 2516 capitalem
517 2419 733 2491 senitentiam
750 2417 959 2507 subierunt,
983 2419 1041 2491 vel
1059 2418 1234 2518 insignata

181 2536 308 2633 positi,
327 2535 481 2635 sagittati
495 2551 599 2625 sunt,
619 2535 675 2608 vel
688 2536 734 2608 ab
750 2537 906 2610 invicem
918 2536 1042 2624 divisi,
1059 2535 1123 2606 vili
1141 2532 1233 2633 pretia

181 2652 394 2739 venundati,
413 2653 470 2725 vel
485 2654 521 2724 in
538 2653 744 2752 captivitate
758 2681 840 2727 cum
856 2653 1027 2727 Bertaldo
1043 2654 1174 2728 comite
1188 2647 1233 2723 ab·

181 2771 293 2845 ducti.
308 2772 410 2844 Hanc
423 2781 483 2845 111⁰
497 2771 664 2844 kalendas
679 2771 840 2845 octobris
854 2773 909 2869 (1)
919 2773 1075 2871 primam
1090 2792 1233 2870 perstet-

182 2886 1233 2986 tionemChristianipe1·pessisunt,etsicAleman11i,aliaeqat

183 3020 306 3102 gentes
319 3004 354 3074 in
366 3001 586 3076 Corosanum
599 3013 668 3097 (a),
681 3005 736 3076 vel
749 3001 881 3102 Alepb,
895 3004 1064 3103 captivati
1079 3019 1174 3075 suut.
1184 2992 1232 3072 Sed

184 3120 245 3218 qni
264 3120 299 3191 in
314 3119 384 3193 fide
398 3119 529 3191 Christi
546 3136 835 3218 permanserunt,
855 3120 1017 3219 glorioso
1030 3118 1102 3191 fine
1118 3117 1233 3218 quiae

185 3255 279 3309 runt.
301 3238 430 3310 Franci
452 3239 585 3338 quippe
597 3241 672 3339 jam
686 3238 794 3339 longe
812 3253 1089 3337 precesserant,
1111 3251 1148 3309 et
1163 3229 1232 3306 Che·

185 3373 344 3430 vetotem
360 3356 488 3429 urbem
505 3356 559 3455 (ὅ)
578 3357 820 3442 intraverant,
842 3383 950 3457 quam
972 3353 1121 3428 Alexius
1143 3355 1233 3450 impe·

186 3490 286 3547 rator
300 3499 415 3571 nuper
427 3489 637 3545 construere
651 3489 832 3571 coeperat,
848 3488 885 3545 et
899 3471 1045 3571 Anglis,
1059 3471 1120 3570 qni
1137 3463 1232 3541 alacit

185 3589 368 3664 Guillelmi
387 3590 496 3663 Nothi
514 3593 693 3690 fugerant,
713 3587 855 3663 tradere
863 3589 1041 3679 voluerat;
1061 3586 1121 3661 sed
1136 3579 1231 3686 probb

221 3949 262 4018 (1)
274 3949 310 4001 be
324 3963 358 4021 ²9
371 3947 536 4020 septemb1e.

222 4037 262 4109 (a)
272 4038 309 4091 Le
322 4038 456 4092 Korazan.
466 4036 588 4109 -Alep

223 4126 263 4200 (3)
275 4129 320 4182 Au
339 4130 411 4198 quet
423 4127 457 4181 dc
478 4137 549 4181 cette
568 4125 645 4190 ville,
662 4143 744 4195 voyez
762 4123 908 4189 ci-desaus,
933 4132 952 4175 t.
970 4123 1011 4187 ll,
1034 4140 1062 4194 p.
1087 4111 1227 4194 175et17l·

191 4220 246 4275 Ellc
263 4229 305 4273 est
319 4218 471 4291 renaplace'c
484 4216 662 4288 arvjonvd’lvui
677 4235 725 4288 pav
740 4214 764 4269 lo
779 4215 869 4284 lvourg
882 4224 944 4266 turc
958 4211 994 4265 dr
1008 4208 1148 4266 Gltrnilllt.
