2888 4934
183 384 241 441 ne
458 373 641 435 msronn
664 370 971 432 acetrsnsrrcr.
1041 370 1278 453 [rosatum]

181 511 373 610 ingranni,
396 509 432 579 in
450 506 684 578 matrimonio
700 502 872 591 babebat,
888 519 925 575 et
941 528 1010 601 pro
1023 501 1182 602 quadam
1199 502 1285 577 la·—

183 629 271 702 tenti
286 652 407 714 causa,
421 625 574 723 satisque
591 649 722 722 parva,
743 620 926 695 occultum
942 637 1069 695 contra
1083 620 1278 697 abbatem

179 747 303 821 odium
323 743 494 845 gestabat.
516 739 620 814 Unde
641 740 811 813 instinctu
826 737 960 812 diaboli
983 739 1165 812 ferculum
1181 741 1274 840 ejus

183 888 323 937 veneno
348 859 531 958 corrupit,
560 857 717 929 imitatus
744 856 929 929 Ismaelem
958 872 1100 955 patrem
1126 883 1263 947 suum,

180 981 241 1080 qui
257 976 359 1050 ferali
375 974 461 1048 iudo
472 975 671 1074 simplicem
685 975 779 1045 Isaac
791 997 940 1072 gravare
952 972 1102 1044 studuit.
1116 972 1267 1049 Deinde

182 1097 237 1168 vir
248 1096 333 1181 Dei,
350 1091 535 1166 monachis
551 1092 768 1193 lugentibus,
789 1116 855 1164 xnr
874 1089 999 1162 diebus
1014 1116 1113 1190 aeger
1121 1093 1253 1193 jacuit,

180 1212 331 1311 dataque
355 1209 593 1295 consessione,
614 1223 805 1307 sanctaque
831 1223 971 1305 sumpta
996 1208 1256 1283 communione

182 1344 224 1403 ιιο
238 1328 314 1401 idus
328 1326 526 1401 decembris
540 1325 641 1399 obiit.
655 1327 695 1396 ln
711 1325 855 1397 ecclesia
873 1341 1004 1396 sanctae
1018 1325 1082 1397 Dei
1099 1326 1252 1425 genitri-

181 1448 230 1519 cis
246 1446 371 1519 Mariae
380 1499 390 1532 ,
404 1472 511 1545 quam
524 1444 597 1541 ipse
615 1471 634 1515 a
648 1441 881 1517 tundamento
901 1445 1123 1531 construxit,
1141 1444 1252 1543 sepul·

182 1582 238 1636 tus
250 1579 323 1650 est,
344 1579 380 1635 et
392 1587 457 1659 per
474 1562 633 1660 singulos
652 1586 765 1633 annos
782 1561 1045 1632 anniversarius
1059 1558 1136 1633 dies
1150 1586 1251 1635 reve·

182 1696 305 1754 renter
332 1679 505 1753 celebrari
533 1677 582 1751 ob
607 1679 819 1752 memoriam
844 1680 918 1778 ejus
943 1679 1161 1754 constitutus
1188 1696 1249 1754 est.

182 1798 260 1869 Hoc
288 1794 445 1868 libenter
467 1794 587 1893 agitur
605 1821 624 1866 a
641 1792 842 1883 monachis,
863 1821 954 1894 quos
979 1794 1053 1892 ipse
1080 1795 1119 1867 in
1145 1793 1253 1870 domo

89 1957 93 1966 ·
181 1913 248 1986 Dei
260 1928 302 1985 ut
313 1929 416 2010 pater
427 1910 683 1985 filioseducare
696 1910 844 1982 molitus
857 1926 922 1981 est.
936 1910 1158 2010 Pauperibus
1169 1936 1256 2013 quo·

182 2056 252 2133 que
269 2029 417 2103 uberem
438 2029 696 2126 eleemosynam
720 2028 797 2125 ipso
813 2025 870 2099 die
894 2052 963 2125 pro
981 2025 1154 2102 defuncto
1170 2054 1255 2129 pus-

184 2166 263 2223 tore
276 2146 400 2248 largiri
413 2171 493 2219 mos
510 2162 575 2219 est.

231 2265 311 2338 Vll.
333 2263 661 2364 Appropinquante
679 2262 872 2337 Wiscardo
896 2279 1080 2363 turgentes
1100 2261 1256 2336 Romani

183 2398 451 2468 convenerunt,
466 2396 503 2452 et
516 2379 613 2480 quod
626 2379 672 2452 ab
688 2378 833 2454 advenis
849 2379 1139 2480 persecutoribus
1151 2392 1260 2480 capnt

183 2497 283 2571 orbis
299 2498 572 2596 impugnaretur
590 2495 780 2595 indignum
795 2495 989 2571 duxerunt.
1005 2496 1131 2570 Multis
1147 2496 1260 2596 igitur

184 2613 385 2689 hortatibus
402 2614 569 2703 animati,
590 2640 672 2686 cum
690 2615 799 2686 armis
823 2614 966 2688 obviam
989 2629 1257 2714 processerunt.

183 2730 252 2807 Sed
267 2733 388 2805 statim
409 2760 428 2804 a
449 2731 668 2806 Normannis
692 2733 729 2804 in
752 2758 792 2805 re
808 2732 955 2805 militari
975 2732 1082 2806 nimis
1103 2730 1261 2807 obdura·

185 2849 228 2923 tis
243 2848 339 2923 sacto
351 2848 506 2946 impetu,
523 2848 655 2948 repulsi
670 2865 767 2922 sunt.
780 2847 918 2922 Deinde
929 2848 1103 2938 victores,
1119 2842 1261 2923 civibus

183 2966 288 3037 mixti
297 2964 530 3065 fugientibus,
545 2964 673 3038 urbem
688 2965 928 3054 intraverunt,
940 2969 1113 3067 jussuque
1127 2962 1260 3039 fervidi

183 3080 283 3152 ducis
301 3081 422 3179 ignem
440 3081 540 3152 tectis
564 3081 777 3178 injecerunt.
801 3080 860 3154 Sic
876 3080 1086 3154 Wiscardus
1105 3083 1208 3156 serro
1224 3096 1262 3155 et

184 3193 326 3265 flamma
344 3192 413 3266 sibi
430 3191 567 3266 aditum
585 3194 711 3266 Romae
724 3195 909 3293 patefecit,
929 3222 996 3269 nec
1011 3195 1105 3268 ullus
1122 3196 1260 3271 civium

184 3326 303 3410 postea
321 3327 446 3385 contra
472 3335 556 3384 eum
581 3292 714 3384 mutire
731 3338 834 3384 ausus
859 3314 939 3385 suit.
966 3312 1104 3387 Deinde
1125 3338 1262 3413 perre-

183 3429 296 3501 nienti
314 3427 359 3501 ad
381 3427 517 3500 turrim
534 3426 734 3501 Crescentis
759 3429 853 3527 Papa
875 3455 956 3500 cum
988 3429 1087 3503 clero
1111 3427 1261 3503 obviam

182 3547 286 3636 exiit,
312 3568 383 3645 pro
400 3543 524 3619 labore
550 3562 586 3619 et
609 3545 786 3618 subventu
813 3548 944 3646 gratias
968 3547 1061 3647 egit,
1087 3572 1159 3646 pro
1177 3544 1262 3621 ohe·

181 3659 314 3733 dientia
331 3690 351 3733 a
366 3661 523 3734 reatibus
536 3661 707 3750 absolvit,
729 3679 765 3735 et
776 3678 950 3735 aeternam
968 3665 1031 3777 pia
1049 3665 1127 3736 Deo
1139 3663 1261 3739 bene·

182 3777 376 3852 dictionem
394 3781 597 3880 peroptavit
615 3783 629 3879 (
654 3783 683 3879 ).

217 4064 257 4132 (r)
273 4060 323 4115 les
342 4061 475 4117 Romaim
493 4083 529 4120 ne
548 4069 680 4122 metirent
696 4069 776 4140 point
796 4068 948 4124 au-derant
961 4068 997 4123 de
1009 4067 1118 4124 Robert
1138 4087 1214 4142 pour
1230 4068 1258 4123 le

183 4167 343 4223 repouster3
365 4151 399 4205 ils
412 4170 441 4207 se
451 4155 647 4209 contenterent
660 4154 695 4209 de
713 4156 751 4211 lui
765 4148 868 4213 ser-mer
881 4159 1026 4214 l’enceinte
1037 4157 1074 4212 ‹le
1087 4158 1113 4213 ia
1126 4158 1203 4213 ville.
1216 4160 1257 4213 Cr
