2888 4934
181 441 221 500 to
455 438 638 501 HISTORIA
662 439 965 500 ECCLESIASTICA.

180 570 413 644 Normannioe
440 571 639 644 servitium.
668 571 797 645 Totam
816 595 902 645 vero
928 596 1057 669 aquam
1082 595 1183 644 suam
1201 569 1246 644 ad

181 689 571 786 piscationemannuit,
590 704 701 787 prout
712 687 896 762 monachis
910 684 1070 761 libuerit.
1179 761 1182 764 .

228 805 366 879 Praeter
379 805 477 895 haec,
495 805 620 879 Aricia
637 830 733 879 uxor
748 809 822 907 ejus
831 861 843 897 ,
858 831 983 879 amore
996 806 1060 877 Dei
1080 803 1245 895 feneus,

182 949 226 998 tx
249 923 381 997 solidos
396 922 442 998 de
463 949 570 999 censu
587 949 652 998 suo
672 921 838 997 kalendas
857 922 1018 998 octobris
1039 921 1246 1015 monachis,

182 1056 222 1112 ut
242 1039 325 1114 inde
341 1065 460 1114 ceram
477 1055 514 1113 et
530 1039 653 1113 uictam
669 1039 713 1113 ad
735 1041 924 1114 luminaris
938 1040 1096 1115 ecclesioe
1111 1055 1149 1112 et
1163 1037 1249 1113 thas

182 1185 247 1258 per
265 1174 381 1233 totum
400 1184 537 1232 annum
554 1175 692 1248 emant,
710 1158 860 1258 singulis
879 1158 982 1232 nanis
999 1158 1190 1247 concessit,
1210 1165 1259 1232 et'

180 1275 414 1351 donationem
437 1302 545 1376 super
566 1276 679 1349 altare
700 1276 839 1349 Sanctae
862 1276 987 1349 Mariae
1010 1302 1093 1349 cum
1115 1274 1249 1349 marito

182 1421 245 1468 suo
270 1395 401 1494 posuit.
426 1395 547 1467 Testes
563 1393 692 1467 harum
708 1392 946 1467 donationum
967 1408 1051 1466 sunt
1073 1392 1188 1466 Adam
1211 1406 1250 1466 et

182 1512 394 1586 Guiltetmus
407 1512 470 1584 filii
482 1510 662 1600 Tedinedi,
679 1510 859 1585 Osbernus
871 1509 976 1584 Buflo
989 1527 1025 1584 et
1036 1508 1249 1584 Eustachius

182 1630 227 1704 de
249 1630 422 1719 Torceio,
449 1628 653 1704 Radbertus
675 1627 720 1703 de
742 1629 884 1727 Cropus
905 1629 960 1728 (1)
983 1645 1021 1701 et
1044 1627 1267 1703 Radbertus.
1293 1694 1295 1699 ,

183 1748 275 1820 fitius
293 1746 517 1831 Godmuudi,
534 1745 715 1821 Johannes
738 1746 866 1835 Catus,
889 1763 925 1819 et
944 1746 1050 1819 multi
1068 1747 1143 1819 alii.
1165 1746 1252 1819 Post
1283 1770 1286 1775 ·

183 1866 321 1967 aliquot
337 1874 451 1939 asinos
466 1863 561 1938 idem
576 1863 781 1938 Gualtcrius
797 1881 833 1936 et
850 1864 973 1938 Aricia
991 1888 1084 1937 uxor
1100 1865 1191 1962 ejus,
1211 1862 1249 1934 in

183 2007 307 2057 amore
318 1979 967 2082 Deiproficientcs,aRogerioabbatc
977 1982 1096 2054 Sancti
1106 1977 1251 2052 Ebrutti

184 2129 237 2176 ,ιιι
255 2100 449 2175 monachos
465 2103 710 2201 expetierunt,
729 2101 851 2200 cisque
866 2098 911 2172 ad
932 2101 1067 2173 victum
1085 2096 1251 2171 necesit-

185 2221 280 2293 rium
292 2218 541 2292 molendinum
552 2217 598 2291 dc
609 2219 737 2305 Pareo,
750 2216 848 2318 quod
861 2214 1033 2291 reddebat
1042 2242 1080 2291 xi
1095 2213 1249 2299 modios,

183 2355 220 2410 et
234 2367 258 2413 v
277 2362 375 2411 acras
391 2353 500 2410 tcrroe
519 2335 564 2409 ad
582 2336 842 2436 Hugieviliam,
865 2351 900 2409 et
924 2351 997 2408 tres
1014 2333 1189 2432 hospites,
1212 2333 1251 2409 itt

184 2480 282 2529 aiano
299 2480 348 2529 xv
364 2454 496 2529 solidos
510 2452 716 2541 reddentes,
732 2481 773 2528 ac
787 2453 831 2526 ad
844 2454 968 2526 viliam
981 2479 1063 2553 quae
1075 2452 1253 2524 Centum-

187 2575 297 2648 Acras
321 2572 456 2647 dicitur
481 2574 555 2672 (a),
580 2573 765 2648 ecclesium
788 2573 927 2644 Sanctae
956 2570 1144 2643 Trinitatis
1168 2592 1250 2641 cum

185 2709 260 2766 tota
274 2691 410 2765 decima
426 2689 619 2764 dederunt.

233 2814 320 2885 Haec
340 2812 483 2897 omnia,
501 2835 583 2910 quae
602 2836 619 2881 a
642 2806 821 2881 Guiberto
842 2802 938 2879 etab
954 2801 1161 2878 hominibus
1177 2802 1253 2902 ejus

184 2929 265 3002 data
283 2927 509 3003 Uticensibus
523 2927 648 3013 retuli,
668 2924 882 3000 Guillelmus
898 2923 961 2995 reia
979 2921 1201 3021 duginnam,
1216 2934 1253 2989 et

186 3046 367 3130 iohannes
391 3062 496 3144 atque
523 3042 736 3117 Guillclmus
760 3042 1040 3138 Rotomugcnscs
1073 3035 1254 3135 archicpi-

186 3164 283 3264 scopi
306 3162 533 3238 concessione
554 3186 614 3231 sna
633 3159 956 3233 confirmaverunt.
985 3155 1123 3230 Deinde
1143 3152 1254 3256 quid-

186 3279 273 3382 quid
293 3277 497 3351 Gualterius
513 3274 679 3346 Guiberti
696 3273 789 3346 [iiius
806 3273 1039 3370 eleemosynae
1057 3272 1167 3372 patris
1190 3269 1254 3344 nd·

186 3396 294 3483 didit,
316 3393 520 3470 Radbertus
536 3393 608 3481 11⁰⁸,
631 3389 703 3463 dux
723 3390 1042 3475 Normannorum,
1068 3385 1254 3462 monachis

186 3517 305 3590 Sancti
321 3511 464 3586 Ebrutfi
477 3508 665 3596 concessit,
679 3524 717 3580 et
730 3506 908 3581 nundinas
921 3507 1030 3579 etiam
1044 3503 1087 3577 ud
1100 3504 1254 3577 Paruum

188 3638 223 3710 in
244 3635 429 3709 rrativitate
446 3633 585 3705 Sanctoe
603 3626 729 3701 Mariae
748 3627 830 3725 ipsis
848 3625 987 3725 erigere
998 3621 1163 3724 permisit
1180 3620 1252 3719 (3),

186 3841 324 3851 ..-.-.-——--

220 3978 258 4046 (ι)
270 3975 393 4045 Cropus,
407 3989 441 4024 au
454 3970 488 4024 N.
502 3970 535 4024 Ε.
549 3968 671 4024 d’Autai.
695 3967 813 4023 Vautier
825 3964 860 4020 de
872 3965 982 4036 Cropus
993 3952 1112 4016 s’eubttt
1129 3961 1210 4034 aptis
1223 3959 1247 4013 la

184 4064 320 4139 conqudtc
333 4061 400 4116 dans
415 4060 439 4114 ic
453 4062 545 4113 comte
559 4058 593 4112 de
606 4056 780 4114 Brecknock.
1082 4062 1087 4071 ·

220 4157 259 4225 (a)
272 4154 322 4207 tes
334 4150 519 4206 Cena-acres.

221 4242 259 4317 (ὃ)
273 4244 352 4299 Cette
365 4242 436 4296 soit-e
449 4239 560 4296 u‘cxistc
576 4235 646 4309 plius.
