2888 4934
190 390 250 449 412
466 388 650 448 HISTORIA
673 387 978 448 ECCLRSIASTICA.

237 520 409 592 Consules
434 535 469 591 et
493 522 696 593 consulares
719 522 787 592 riri
814 520 977 593 nefandae
1005 520 1263 620 conjurationis

186 639 289 741 gnari
315 637 516 708 incentores
540 653 656 709 erant.
680 635 748 709 Sed
773 664 880 734 prava
905 637 1181 735 conspiratione
1201 634 1262 709 de-

187 769 297 835 tecta,
324 779 442 825 secum
467 755 569 851 plura
591 770 851 852 pertractantes
871 752 1117 844 erubuerant,
1141 770 1179 826 et
1198 779 1261 852 po-

186 873 735 959 tentissimoeorumconlracto,
755 872 1258 971 nesirniliterquatrerentur‚

185 988 460 1062 contabuerant.
480 990 597 1062 Porro
617 988 693 1062 lraec
712 976 895 1061 subtiliter
911 1015 974 1060 rex
993 990 1211 1088 comperiit,
1229 1003 1262 1059 et

184 1107 351 1177 consultu
369 1108 570 1204 sapientum
588 1105 789 1205 hujusmodi
811 1107 896 1177 viris
915 1107 1093 1205 pepercit.
1116 1105 1192 1178 Nec
1207 1130 1261 1178 eos

183 1222 413 1323 adjudicium
433 1225 552 1324 palam
570 1225 797 1322 provocavit,
818 1249 863 1296 ne
881 1227 984 1297 furor
1002 1225 1040 1296 in
1060 1224 1164 1324 pejus
1179 1248 1262 1322 aug·

182 1358 425 1431 mentaretur,
460 1343 662 1442 iterumque
698 1344 732 1413 in
766 1342 933 1441 generale
965 1342 1107 1415 lacinus
1141 1359 1261 1416 contra

184 1458 443 1556 rempublicam
483 1459 759 1546 lacesserentur,
800 1476 836 1530 et
872 1460 984 1530 multa
1021 1459 1151 1530 multis
1175 1452 1262 1532 'inde

182 1575 332 1665 damna,
353 1579 529 1677 pernicies
547 1595 582 1650 et
600 1579 715 1650 luctus
732 1577 878 1676 publice
894 1580 1151 1677 gignerentur.

234 1694 371 1767 XXIV.
388 1695 537 1793 [1091.]
554 1693 664 1768 Anno
677 1694 722 1766 ab
734 1695 1145 1768 incarnationeDomini
1157 1712 1199 1767 u⁰
1210 1710 1262 1768 xc·

184 1827 236 1884 1v⁰
251 1813 266 1910 (
275 1839 281 1881 ι
291 1813 321 1909 ),
339 1811 530 1883 rebellium
546 1829 695 1884 conatus
709 1815 744 1885 iu
758 1812 889 1911 Anglia
903 1838 1135 1910 compressus
1147 1829 1217 1900 est,
1230 1830 1262 1884 et

183 1929 397 2002 Guillelmus
411 1947 554 2027 potens,
569 1931 671 2002 nullo
686 1932 884 2018 resistente,
903 1931 937 2001 in
957 1932 1007 2001 sui
1023 1955 1144 2028 reguo
1155 1930 1261 2028 patris

183 2047 488 2120 confirmatusest.
501 2048 637 2120 Verum
652 2048 889 2134 Normannia,
904 2047 1030 2119 incolis
1045 2047 1185 2148 ubique
1199 2063 1262 2120 ter·

183 2165 262 2237 ritis
273 2181 310 2237 et
322 2167 528 2255 commotis,
542 2167 670 2236 misere
680 2164 820 2236 turbata
832 2183 896 2252 est,
910 2180 945 2235 et
955 2163 1167 2236 Radbertus
1176 2162 1258 2254 dux,

181 2283 414 2356 seditionibus
439 2282 903 2375 admodumsaevientibus,
928 2307 996 2381 pro
1023 2281 1183 2355 mollitie
1203 2308 1260 2353 sua

182 2399 1261 2499 despicabilisellectusest.'quenimiaguerrainterGuillel·

182 2545 282 2588 mum
308 2518 566 2590 Bretolicnsem
592 2534 627 2589 et
649 2517 857 2589 Ascelinum
880 2516 1048 2588 Goellum
1074 2532 1158 2587 orta
1186 2532 1258 2605 est;

181 2638 280 2734 cujus
296 2636 434 2708 occasio
446 2636 523 2707 talis
533 2653 597 2707 est.
612 2636 840 2722 Guillelmus,
854 2635 966 2706 frater
977 2633 1259 2732 Goelli,juvenis

182 2755 302 2836 miles,
327 2754 467 2827 cuidam
492 2754 586 2853 apud
609 2755 775 2826 Paeeium
798 2754 966 2852 injuriam
989 2752 1137 2824 mulleri
1164 2753 1257 2825 lecit.

182 2871 286 2945 Unde
302 2873 560 2971 conquerenti,
577 2871 791 2944 Guillelmus
805 2870 1036 2942 Bretoliensis
1045 2924 1055 2957 ,
1070 2885 1113 2940 ut
1125 2872 1258 2967 justum

182 2989 384 3085 principem
399 2988 530 3075 decuit,
547 2990 590 3059 de
605 2989 805 3060 contumaci
820 2986 1043 3059 adolescente
1061 2985 1260 3085 legitimam

182 3105 435 3177 rectitudinem
454 3108 582 3178 tenuit.
600 3105 786 3178 Ascelinus
806 3107 915 3204 igitur
935 3106 1044 3175 iratus
1062 3121 1117 3176 est
1135 3120 1259 3178 contra

181 3220 518 3310 dominumtuum,
545 3224 642 3323 quod
666 3222 809 3322 publice
834 3223 1005 3320 placitare
1022 3238 1174 3320 cogeret
1188 3223 1260 3292 lra-

182 3358 275 3413 trem
288 3368 405 3413 suum.
420 3343 502 3415 Nou
519 3344 634 3414 multo
648 3358 741 3440 post,
757 3367 874 3415 arcem
889 3340 1063 3412 delbreio
1075 3339 1260 3439 ingeniosa

179 3459 303 3533 fraude
318 3461 368 3533 illi
383 3462 572 3560 surripuit,
588 3477 623 3534 et
637 3460 837 3547 Rodbert0,
851 3458 933 3531 duci
946 3459 1259 3545 Normannorum,

182 3576 346 3667 tradidit,
365 3605 383 3649 a
402 3605 476 3679 quo
494 3580 554 3650 ille
571 3580 710 3677 ingenti
727 3576 887 3676 pondere
905 3576 1044 3675 argenti
1061 3573 1148 3648 dato
1167 3575 1263 3646 rede·

180 3695 259 3766 mit.
280 3697 514 3770 Postmodum
537 3701 632 3769 iuter
655 3698 738 3769 illos
758 3723 827 3795 pro
849 3693 1051 3795 hujusmodi
1072 3695 1175 3766 furto
1194 3694 1262 3764 im·

395 3897 510 3904 --..——-

217 3999 226 4063 l
233 3998 257 4066 ι)
271 3997 310 4051 Ce
329 3998 540 4067 synchronismc
558 4001 627 4055 u'est
643 4012 721 4055 exact
737 3987 806 4054 dans
826 4018 932 4053 aucune
951 3999 986 4053 cle
1004 4016 1046 4053 ses
1060 3997 1133 4053 deux
1148 3998 1260 4070 parties.

182 4087 259 4141 b'ons
278 4105 381 4141 venons
400 4089 434 4142 ‹le
458 4092 517 4143 ioir
534 4110 587 4164 que
606 4092 629 4144 la
649 4092 784 4147 rebellior
803 4103 831 4145 ct
850 4091 872 4144 la
894 4090 1022 4164 punition
1043 4088 1078 4142 de
1101 4089 1210 4143 llobert
1229 4086 1262 4139 cle

184 4179 311 4234 llonbrai
328 4182 537 4251 appartcnaient
555 4186 568 4235 a
584 4181 689 4238 l'anner
708 4182 782 4255 1095.
