2888 4934
552 413 669 477 ttssttt
689 413 878 474 OCTAVUS.
1194 415 1249 476 451

182 579 293 628 sacrae
318 551 584 626 communionis
606 550 778 620 viaticum
802 547 928 619 devote
954 563 1181 646 perceperat,
1210 548 1253 622 ad

184 671 379 745 matutinos
402 669 447 743 dc
472 685 591 741 sancta
618 668 769 766 Virgine
795 666 907 737 Maria
936 666 1062 739 lectori
1091 671 1251 765 poscenti

185 789 475 862 benedictionem
491 787 607 874 dedit,
627 803 663 859 et
679 814 699 857 a
716 785 854 857 cunctis
869 785 930 884 qui
948 782 1114 872 aderant,
1130 783 1251 860 dicto:

185 912 322 999 Arnen,
350 933 436 980 mox
462 907 628 1006 spiritum
657 902 837 976 exhalavit
864 904 934 1002 (v).
962 903 1042 995 Quo
1063 903 1252 992 defuncto,

182 1025 381 1126 Bujocensis
411 1023 635 1111 Goissredus,
667 1049 708 1094 ac
740 1021 996 1094 Cerasiacensis
1035 1021 1251 1107 monachus,

183 1147 367 1234 successit,
401 1146 463 1245 qui
494 1161 530 1216 et
561 1145 634 1241 ipse
667 1140 910 1214 immoderatis
940 1139 1255 1214 adinventionibus

182 1260 339 1349 studuit,
355 1260 557 1360 durumque
568 1261 695 1359 jugum
710 1283 816 1357 super
830 1259 985 1330 cervices
996 1256 1256 1355 discipulorum

184 1380 392 1479 aggregavit
409 1380 477 1476 (a).

234 1496 381 1570 Notitiae
418 1513 647 1595 posterorum
681 1496 758 1568 hoec
793 1496 961 1569 annotavi
996 1495 1040 1567 de
1071 1494 1257 1569 modernis

184 1613 489 1713 praeceptoribus,
506 1615 567 1714 qui
586 1639 695 1686 novas
712 1611 923 1685 traditiones
940 1612 1142 1709 priscorum
1158 1639 1259 1711 prae-

182 1734 305 1804 serunt
327 1748 471 1830 patrum
494 1731 644 1822 ritibus,
663 1733 822 1830 aliosque
842 1729 1037 1803 monachos
1060 1731 1258 1804 seaculares

185 1851 364 1939 vocitant,
384 1877 425 1921 ac
438 1851 550 1922 veluti
564 1850 698 1949 regulae
715 1850 1010 1948 praevaricatores
1024 1865 1159 1921 temere
1173 1874 1260 1922 con·

184 1964 370 2037 demuaut.
402 1965 566 2037 Studium
597 1983 633 2037 et
661 1966 821 2064 rigorem
850 1990 975 2037 eorum
1003 1962 1255 2055 considerans,

186 2082 269 2154 ilios
286 2109 505 2183 magnopere
524 2108 598 2156 nou
618 2084 806 2181 vitupero,
829 2098 987 2155 attamen
1008 2081 1205 2183 majoribus
1223 2099 1260 2155 et

185 2199 348 2299 probatis
368 2201 530 2300 patribus
547 2227 624 2274 non
644 2217 841 2300 antepono.
860 2201 1035 2275 Arbitror
1057 2233 1065 2273 :
1086 2203 1259 2302 ignorant

183 2318 284 2420 quod
311 2320 435 2392 beatus
461 2335 565 2418 pater
593 2319 837 2394 Columbanus
862 2319 907 2393 de
933 2320 1105 2393 Hibernia
1132 2337 1255 2408 ortus,

184 2454 310 2510 sancto
322 2438 518 2512 Benedicto
530 2455 853 2538 contemporaneus
865 2438 973 2512 suerit
985 2441 1056 2538 (ὅ),
1072 2455 1259 2537 paternam

180 2555 334 2630 domum
347 2559 574 2657 patriamque
587 2559 815 2659 relinquens,
834 2585 916 2630 cum
930 2558 1120 2657 praecipuis
1132 2582 1259 2629 mona-

184 2673 261 2747 chis
276 2676 311 2747 iu
322 2676 454 2748 Gallias
465 2677 701 2775 navigaverit,
716 2692 753 2748 et
764 2704 783 2748 a
795 2675 1039 2763 Childeberto,
1055 2700 1140 2775 rege
1150 2675 1261 2753 Fran·
1359 2722 1362 2729 -

179 2819 326 2882 corum,
338 2793 415 2866 filio
425 2792 627 2895 Sigisberti,
637 2810 830 2892 susceptus,
844 2795 880 2866 in
890 2792 1098 2893 Burgundia
1108 2793 1259 2864 Luxovii

185 2911 398 2983 coenobium
412 2914 657 2985 construxerit
671 2914 746 3010 (d),
763 2940 804 2985 ac
818 2911 1048 3011 postmodum
1065 2911 1110 2984 ab
1125 2911 1261 3008 impiis·

182 3030 274 3100 sima
285 3029 518 3104 Brunichildc
531 3032 652 3130 regina
667 3032 849 3128 expulsus,
865 3032 900 3102 in
912 3031 1049 3102 ltaliam
1063 3029 1258 3119 secesserit,

184 3161 220 3216 ct
236 3145 281 3217 ab
299 3144 522 3246 Aigilulpho,
540 3147 864 3248 Langobardorum
876 3172 974 3247 rege,
989 3164 1168 3246 receptus,
1183 3147 1259 3219 Bo-

183 3258 307 3334 biense
336 3263 595 3335 monasterium
623 3263 826 3336 condiderit
855 3263 923 3362 (5).
948 3264 1015 3336 Hic
1039 3261 1259 3335 admirandae

185 3378 381 3451 sanctitatis
404 3397 505 3478 pater
532 3381 627 3453 inter
653 3381 855 3479 praecipuos
882 3379 1077 3470 laboravit,
1096 3380 1206 3480 signis
1225 3396 1261 3451 et

222 3600 263 3667 (1)
278 3599 316 3654 Le
331 3600 363 3655 16
375 3601 531 3674 septembre
545 3619 622 3656 1122.

223 3689 262 3760 (a)
279 3691 419 3760 Geoffroi‚
442 3691 587 3748 deuxibme
608 3693 679 3747 abbe
697 3692 733 3748 de
753 3693 865 3766 Savigni
886 3689 1057 3763 (rma-1138
1077 3710 1115 3745 ou
1138 3692 1169 3747 15
1188 3692 1257 3764 juil-

187 3777 197 3832 l
329 3822 335 3835 .

198 3779 352 3939 cibidiiint
363 3868 534 3938 Columban,
548 3880 622 3925 mort
631 3889 666 3925 eu
678 3868 745 3937 615,
759 3888 794 3924 ne
806 3871 910 3925 saurait
921 3871 980 3926 titre
992 3870 1137 3925 considere
1150 3890 1259 3926 comme

185 3962 397 4032 contemporain
411 3959 446 4014 de
460 3965 533 4015 saint
545 3960 658 4028 Henoit,
675 3971 748 4015 mort
762 3980 797 4015 eu
809 3959 873 4028 543.

228 4049 268 4117 (4)
281 4049 396 4106 Luxeuil
407 4070 442 4106 en
454 4050 697 4105 &anche-Cornu}
709 4049 796 4125 (590).
808 4051 887 4107 Saiut
898 4050 1053 4107 Columban
1065 4051 1109 4106 fut
1118 4051 1213 4106 citasse
1225 4050 1261 4104 de
1379 4104 1381 4109 ⁴

184 4159 217 4196 ce
230 4143 386 4197 monaattre
398 4160 433 4196 en
447 4140 509 4198 610.

187 4230 265 4372 Τ(ὁὶ)>
276 4231 485 4378 Lefiutpuatttre
498 4235 535 4293 de
549 4233 670 4304 Bobbic,
684 4231 747 4289 vitta
760 4231 916 4307 episcopale
929 4231 964 4288 de
977 4230 1156 4306 lombardie,
1173 4249 1221 4287 stu
1235 4232 1258 4286 la

215 4321 245 4373 re'
266 4318 314 4391 ie(
340 4340 348 4375 t
374 4325 394 4393 J.
