2888 4934
282 387 343 446 598
563 380 748 441 HISTORIA
769 379 1072 441 tectustasrtca
1142 383 1249 458 [suro
1267 383 1369 460 1099}

283 517 446 604 scansis,
464 512 744 613 satellitiumque
758 537 863 585 suum
879 512 933 600 ei,
951 526 1081 611 utpote
1096 511 1264 585 naturali
1280 512 1361 587 llo-

283 633 399 719 mino,
414 628 569 704 fideliter
583 627 737 718 obtulit;
755 645 793 702 et
807 628 854 701 ab
870 654 915 702 eo
930 628 1141 727 benigniter
1156 645 1360 730 susceptus,

283 748 488 824 obsidentes
503 748 644 820 Heliam
660 748 715 846 (1)
730 772 843 819 manu
856 746 1078 846 consilioque
1093 761 1249 820 manue
1263 746 1360 847 adju·

285 866 351 940 vit.
368 866 435 939 llic
452 864 551 938 enim
566 863 631 936 diu
645 880 730 939 ante
747 864 783 936 in
800 863 1024 938 Notmannia
1039 861 1231 937 Mabiliam
1248 866 1359 938 comi·

286 981 407 1053 tissam
422 978 600 1052 frustatim
617 978 916 1068 obtruncaverat,
931 979 1016 1078 quia
1027 977 1154 1051 eadem
1167 995 1357 1078 paternam

287 1092 521 1168 hereditatem
543 1095 722 1168 violenter
740 1095 807 1194 ipsi
827 1092 1036 1167 abstulerat.
1058 1092 1167 1167 Unde
1187 1097 1362 1193 praelatus

286 1213 407 1301 miles,
426 1239 508 1285 cnm
526 1211 697 1285 iratribus
712 1214 783 1285 suis
802 1243 811 1282 ε
830 1211 1004 1297 Radullo,
1022 1210 1180 1285 Ricardo
1201 1228 1241 1286 et
1255 1212 1360 1287 Goio-

287 1332 385 1420 leno,
398 1356 467 1430 pro
480 1330 617 1430 ingenti
628 1330 787 1404 facinore
800 1344 960 1428 peracto,
978 1329 1015 1401 in
1028 1327 1217 1427 Apuliam,
1233 1327 1363 1404 deinde

290 1450 326 1521 in
344 1449 501 1521 Siciliam
522 1447 702 1547 confugit,
725 1475 766 1521 ac
789 1445 1018 1546 postmodum
1034 1446 1080 1519 ad
1096 1445 1272 1519 Aletium
1292 1449 1361 1521 im-

288 1583 493 1664 peratorem
507 1567 660 1638 secessit.
680 1565 748 1638 Sed
762 1591 939 1665 nusquam
956 1579 1052 1636 tutus
1065 1563 1129 1636 diu
1147 1590 1363 1662 permanere

289 1683 421 1779 potuit.
440 1681 1262 1782 GuillelmnsettimNoth11s‚rexAnglornm,
1281 1711 1361 1757 cum

290 1814 365 1870 tota
389 1801 562 1897 progenie
586 1798 770 1898 praedictae
793 1798 974 1885 mulieris,
998 1824 1064 1897 per
1087 1815 1211 1872 totum
1234 1800 1360 1874 orbem

289 1915 403 1986 missis
421 1913 709 2012 exploratoribus
729 1940 812 1987 eum
831 1913 1086 2014 investigabat,
1106 1932 1144 1988 et
1159 1918 1360 2015 spiculato-

291 2032 391 2106 ribus
407 2033 562 2106 honores
578 2049 614 2105 et
631 2056 781 2105 munera
799 2031 1050 2130 promittebat,
1070 2034 1144 2141 qui·
1152 2035 1360 2108 exulantem

292 2149 506 2225 homicidam
525 2150 796 2239 interimerent,
820 2148 1038 2250 ubicumque
1056 2166 1243 2224 terrarum
1259 2154 1360 2225 inve-

292 2269 427 2340 nirent.
444 2265 582 2339 Probus
599 2269 709 2364 igitur
725 2267 844 2365 Hugo,
866 2267 957 2337 tanti
974 2266 1068 2365 regis
1082 2265 1223 2338 validas
1238 2294 1364 2340 manus

293 2397 329 2454 et
343 2382 451 2480 longa
463 2380 610 2453 brachia
626 2399 804 2471 metuens,
821 2399 935 2456 totam
946 2366 1180 2456 Latinitatem
1194 2384 1360 2485 reliquit,

293 2512 329 2568 et
358 2495 618 2593 baptizatorum
636 2521 782 2595 gregem
807 2497 1021 2585 formidans,
1043 2499 1139 2570 inter
1158 2499 1364 2598 Allophilos

293 2611 426 2685 diutins
438 2611 611 2700 exulavit,
627 2629 663 2684 et
675 2638 741 2710 per
752 2640 801 2686 xx
814 2641 928 2688 annos
940 2616 995 2713 (a)
1009 2616 1102 2687 ritus
1113 2641 1248 2689 eorum
1261 2633 1365 2719 atque

293 2730 514 2803 locutionem
542 2727 700 2801 edidicit.
728 2731 917 2830 Susceptus
948 2756 1080 2830 ergon
1113 2733 1363 2807 Normannico

292 2845 400 2934 duce,
416 2846 572 2918 multum
591 2846 660 2918 suis
677 2847 833 2943 profuit,
854 2864 891 2920 et
907 2874 1025 2921 mores
1040 2847 1208 2923 ethnicos
1228 2878 1272 2924 ac
1296 2867 1362 2923 ter·

294 2962 546 3060 giversationes
564 2960 743 3051 subdolas,
762 2979 798 3034 et
810 2964 968 3053 fraudes,
988 2964 1119 3064 quibus
1134 2983 1267 3040 contra
1285 2967 1361 3040 lide

294 3197 329 3253 de
342 3199 378 3252 La
394 3197 624 3265 {tocha-Matre,
642 3199 710 3252 dans
724 3199 752 3254 le
763 3199 912 3268 Saonnais,
931 3202 1001 3256 ainsi
1019 3220 1074 3275 que
1088 3220 1162 3258 nous
1179 3203 1361 3277 l’eaposerons

294 3286 404 3342 ailleurs
416 3306 479 3342 avec
493 3287 555 3359 plus
567 3286 602 3342 de
614 3287 707 3342 detail.

330 3379 366 3433 Le
378 3395 443 3432 nom
455 3377 490 3432 de
502 3377 590 3432 Buuel
601 3388 643 3433 est
654 3397 754 3433 encore
765 3378 823 3433 fort
836 3396 967 3434 commun
979 3398 1014 3435 en
1029 3379 1213 3437 Normandie.

328 3470 358 3524 si
370 3467 499 3541 Philippa
508 3467 544 3522 de
554 3469 786 3541 Montgomrneri,
799 3468 841 3524 dit
851 3470 878 3523 le
888 3470 1109 3538 Grammairien,
1125 3472 1226 3527 n’etait
1234 3490 1285 3545 pas
1292 3484 1360 3527 mort

293 3577 328 3613 au
339 3561 413 3632 siege
424 3558 604 3625 d’Antioche‚
618 3559 692 3613 l’une
705 3560 755 3631 des
767 3561 919 3633 premieres
934 3578 1156 3635 personamque
1171 3562 1197 3617 le
1214 3564 1360 3619 meurtrier

294 3649 383 3702 aurait
394 3651 522 3703 trouvees
533 3649 596 3720 pres
611 3647 649 3702 du
662 3648 791 3716 duc,ei1t
803 3652 847 3705 ete
859 3649 885 3704 lc
899 3650 939 3704 fils
951 3650 986 3704 de
999 3669 1027 3705 sa
1041 3652 1163 3706 victime.

330 3740 341 3803 (
347 3740 371 3806 ι)
382 3739 549 3792 Jerusalem.

328 3825 367 3893 (a)
384 3827 421 3879 lc
439 3839 561 3882 meurtre
578 3839 660 3900 ayant
676 3830 720 3882 ete
733 3828 850 3882 commis
861 3845 898 3882 en
914 3829 1062 3884 decembre
1080 3829 1163 3898 1082,
1182 3830 1204 3884 il
1223 3850 1259 3886 ne
1277 3830 1360 3886 s’etait

294 3910 402 3976 ecoult,
415 3933 450 3966 au
460 3919 529 3969 mois
541 3917 575 3971 de
581 3917 646 3988 juin
662 3935 742 3990 1099,
754 3936 808 3991 que
818 3918 888 3972 seize
897 3936 947 3974 ans
958 3931 987 3975 et
999 3920 1072 3976 demi
1085 3921 1185 3994 depuis
1196 3941 1255 3996 quc
1263 3924 1362 3993 Hugne

295 3999 398 4053 menait
410 4011 480 4055 cette
493 4005 536 4056 vie
552 4006 586 4058 dc
599 4007 719 4078 proserit
725 4029 732 4074 ;
746 4008 814 4060 mais
829 4016 915 4066 notre,
924 4019 1032 4078 auteur,
1049 4009 1117 4064 dans
1132 4029 1160 4064 sa
1177 4011 1359 4083 pre'dilection

295 4108 366 4162 pour
378 4090 417 4143 les
429 4089 539 4145 chiffres
551 4095 649 4161 ronds,
664 4098 709 4169 n’y
720 4097 837 4169 regarde
848 4115 896 4167 pas
909 4097 944 4153 de
956 4101 978 4152 si
992 4101 1063 4172 pres.
1077 4101 1120 4154 Au
1135 4111 1226 4166 reste,
1239 4121 1276 4156 on
1287 4112 1361 4155 tmu-

294 4199 356 4235 rcra
376 4198 476 4236 encore
494 4199 541 4236 sou
562 4183 649 4239 calcal
664 4186 790 4251 strodere,
809 4206 844 4242 en
862 4199 979 4261 pensant
996 4190 1064 4263 qu'il
1081 4190 1163 4268 s'agit
1180 4191 1218 4247 ici
1237 4191 1272 4248 ὰτ
1284 4191 1363 4261 jours

295 4271 389 4338 d‘uxd,
406 4271 453 4344 qni
467 4269 608 4327 devraient
618 4273 677 4329 etre
689 4279 812 4349 comptas
823 4277 949 4335 doubles.
