2888 4934
183 441 288 516 [1090]
552 436 668 497 aiace
689 438 877 497 ocmvus
1192 438 1253 498 aas

182 568 261 640 lllic
284 591 413 664 nempe
430 567 510 665 plus
527 594 635 666 quam
654 569 757 641 civile
778 567 915 639 bellum
946 567 1040 638 inter
1063 568 1254 664 opulentos

181 686 308 757 fratres
326 698 495 755 exortum
519 699 589 770 est,
612 700 648 756 et
670 684 826 782 maligna
850 681 1088 780 superbarum
1106 684 1256 754 aemula-

183 803 282 876 tione
301 802 493 873 mulierum
509 801 644 872 malitia
663 801 769 873 nimis
786 817 1012 900 augmentata
1027 816 1091 871 est.
1112 800 1255 871 Helvisa

184 944 340 1019 namque
363 919 539 992 comitissa
560 923 572 1004 l
598 921 613 1015 )
635 935 760 991 contra
778 918 949 990 lsabelem
967 917 1011 989 de
1029 917 1183 991 Conchis
1200 919 1255 1015 (2)

183 1063 253 1138 pro
264 1035 477 1137 quibusdam
487 1038 754 1109 contumeliosis
764 1036 884 1109 verbis
896 1039 983 1107 irata
997 1052 1063 1123 est,
1074 1034 1258 1108 comitem-

184 1180 254 1255 que
272 1153 507 1227 Guillelmum
529 1154 584 1251 (3)
611 1180 694 1225 cum
713 1152 910 1225 baronibus
928 1153 998 1224 suis
1015 1154 1052 1223 in
1069 1178 1167 1223 arma
1193 1177 1258 1248 per

185 1269 277 1340 iram
305 1292 535 1341 commovere
566 1269 650 1342 totis
678 1267 814 1340 viribus
847 1283 970 1340 conata
1003 1283 1066 1338 est.
1101 1265 1158 1338 Sic
1193 1291 1259 1362 per

184 1387 401 1484 suspiciones
424 1402 460 1457 et
489 1386 600 1484 litigia
627 1385 843 1458 feminarum
876 1387 912 1457 in
940 1386 1062 1457 lurore
1091 1401 1281 1457 succensa*

183 1519 269 1575 sunt
290 1503 440 1575 sortium
463 1502 570 1576 corda
595 1504 778 1589 virorum,
795 1529 952 1603 quorum
970 1502 1135 1574 manibus
1151 1503 1260 1600 paulo

184 1634 267 1716 post
283 1619 418 1690 multus
431 1635 557 1691 mutuo
572 1645 682 1692 cruor
695 1620 825 1692 ell'usus
837 1635 890 1690 est
900 1618 1129 1705 mortalium,
1146 1634 1182 1689 et
1195 1644 1260 1715 per

184 1738 288 1810 villas
305 1754 342 1809 et
355 1739 452 1810 vicos
470 1731 666 1809 multarum
685 1740 826 1811 incensa
845 1746 929 1808 Sunt
943 1753 1035 1809 tecta
1050 1735 1257 1809 domorum.

186 1853 316 1927 Amhae
333 1856 519 1943 mulieres,
538 1883 619 1956 quae
638 1856 719 1927 talia
745 1855 837 1927 bella
856 1854 1018 1942 ciebant,
1042 1855 1207 1955 loquaces
1225 1869 1261 1924 et

186 1973 356 2045 animosae
381 1999 422 2044 ac
446 1973 561 2045 forma
595 1974 775 2071 elegantes
803 1991 924 2061 erant,
956 1975 1097 2072 suisque
1123 1972 1261 2043 maritis

187 2088 433 2186 imperabant,
452 2088 613 2162 subditos
636 2089 799 2162 homines
825 2089 1058 2188 premebant,
1082 2088 1261 2187 variisque

186 2205 303 2278 modis
319 2205 518 2277 terrebant.
541 2207 670 2305 Magna
687 2223 808 2280 tamen
832 2209 868 2279 in
892 2206 1022 2279 eisdem
1040 2232 1186 2279 morum
1202 2206 1258 2276 di-

190 2325 335 2395 versitas
360 2341 448 2396 erat.
468 2325 609 2396 llelvisa
633 2323 777 2424 quidem
802 2325 912 2397 solers
940 2343 1016 2397 erat
1033 2341 1069 2397 ct
1090 2322 1259 2409 facunda,

187 2437 248 2509 sed
267 2455 372 2514 atrox
391 2457 426 2512 et
443 2468 561 2512 avara.
582 2440 695 2512 lsabel
711 2466 798 2512 vero
815 2440 959 2537 dapsilis
975 2458 1010 2512 et
1025 2438 1138 2512 audax
1156 2456 1263 2538 atque

183 2555 324 2652 jocosa,
348 2555 497 2655 ideoque
512 2556 752 2629 coessentibus
773 2556 936 2628 amabilis
953 2573 988 2627 et
1005 2571 1118 2654 grata.
1140 2557 1180 2625 ln
1197 2580 1262 2626 ex-

188 2671 371 2770 peditione
392 2676 485 2746 inter
505 2675 653 2761 milites,
675 2692 715 2745 ut
733 2675 836 2745 miles
855 2672 1039 2771 equitabat
1054 2689 1207 2758 armata,
1227 2688 1264 2743 et

189 2787 347 2862 loricatis
361 2790 541 2890 equitibus
555 2819 595 2863 ac
613 2792 794 2889 spiculatis
811 2790 1023 2863 satellitibus
1036 2816 1112 2861 non
1126 2789 1262 2860 minori

187 2907 382 3006 praestabat
398 2909 563 2994 audacia,
583 2936 693 3009 quam
709 2908 816 2981 decus
834 2908 946 2980 ltaliae
963 2909 1079 2980 Turni
1094 2909 1264 3004 manipu-

189 3022 326 3094 laribus
347 3025 453 3123 virgo
476 3025 638 3096 Camilla.
668 3024 922 3096 AEmulabatur
943 3022 1208 3122 Lampedonem
1229 3038 1265 3094 et

190 3137 455 3237 Marseppiam,
493 3140 712 3238 Hippolyten
746 3157 783 3212 et
814 3137 1071 3229 Pentesileam,
1108 3138 1264 3237 aliasque

190 3255 332 3352 reginas
368 3256 591 3329 Amazonum
622 3256 843 3347 bellatrices,
880 3284 1034 3356 quarum
1069 3257 1264 3328 certamina

189 3370 380 3470 Pompeius
406 3375 548 3472 Trogus
580 3392 614 3446 et
640 3377 742 3447 Maro
767 3375 939 3472 Virgilius
971 3376 1149 3458 referunt,
1181 3371 1264 3443 alii-

191 3515 260 3588 que
283 3488 516 3563 historiarum
537 3494 730 3590 scriptores
738 3523 749 3582 3
770 3492 901 3591 quibus
922 3492 1149 3561 attinuerunt
1170 3488 1264 3560 Asiae

227 3776 267 3841 (t)
279 3742 407 3842 llelvise,
425 3776 479 3828 fille
495 3775 531 3829 tle
543 3774 719 3841 Gnillaumc,
735 3786 827 3829 comte
839 3775 874 3829 de
890 3775 1009 3840 Nevers,
1024 3775 1124 3828 lemme
1137 3773 1172 3828 dc
1183 3773 1266 3829 Guil-

192 3859 297 3929 laume,
312 3873 404 3926 comte
417 3856 565 3949 d’llrreux,
582 3875 696 3918 mourut
707 3884 742 3917 cn
759 3868 835 3929 llll.

229 3951 269 4022 (a)
284 3951 398 4005 lsabelle
411 3970 447 4004 ou
464 3953 605 4006 Elisabeth
622 3953 657 4006 de
675 3954 975 4015 tlontt01·t-1'Amauri,
993 3953 1047 4007 fille
1064 3954 1099 4007 dc
1112 3954 1208 4008 Simon
1221 3953 1264 4018 l‘¹,

194 4039 325 4112 seigneur
337 4040 372 4095 dc
385 4041 536 4108 Montlort‚
552 4043 654 4097 semme
667 4041 702 4096 de
716 4043 819 4111 Raoul,
835 4043 981 4099 ‹leuxieme
993 4042 1031 4097 du
1043 4062 1122 4110 nom,
1137 4044 1267 4115 seigneur

194 4126 230 4182 de
243 4129 372 4183 Concbes
386 4140 415 4182 et
428 4129 463 4182 ‹lc
476 4131 576 4185 Toeni.

230 4217 271 4290 (3)
285 4219 461 4288 Guillaume,
476 4233 567 4284 comte
580 4209 725 4275 d'Evrcux.
