2888 4934
334 408 372 466 78
606 401 790 464 HISTORIA
812 401 1118 465 tcctsstttsttcn.
1232 407 1397 483 [582-6OE]

332 535 483 615 charitas
496 535 649 634 amplius
663 532 805 615 laborat
819 560 886 632 pro
897 535 1015 606 anima
1027 560 1136 634 quem
1148 561 1215 633 pro
1228 560 1395 636 corpere.

331 651 399 744 Qui
424 651 508 735 licnt
529 652 656 727 canitie
678 650 877 733 veneranda
904 650 1091 739 canderet,
1116 653 1254 729 nescius
1279 670 1396 731 nmen

331 770 455 855 cedere
471 771 733 858 senectuti,nut
745 768 902 857 orando,
923 785 986 849 aut
1000 768 1172 868 legendo,
1190 769 1290 851 diem
1306 797 1397 851 non-

331 887 493 971 tinnabnt
517 889 636 977 nocti,
658 891 758 984 juxta
785 884 875 968 illud
896 885 993 987 qued
1018 889 1112 973 inter
1135 889 1203 961 alia
1225 887 1273 963 de
1293 888 1398 965 beato

329 1005 409 1078 viro
430 1005 612 1078 Psalmista
630 1003 721 1089 dicit
738 1033 748 1074 s
765 1004 816 1077 Et
830 1008 870 1086 in
893 1004 972 1100 Iege
995 1004 1143 1084 Domini
1160 1005 1400 1084 meditabitur

329 1121 453 1193 dieue
470 1139 575 1194 nocte
596 1121 664 1218 (1).
684 1119 876 1192 eharitatis
892 1119 1038 1220 quidem
1056 1121 1138 1221 igne
1156 1122 1339 1221 repletus,
1361 1123 1396 1197 iu

328 1238 428 1309 omni
445 1237 616 1321 exercitio
627 1236 803 1320 virtutum
818 1234 1230 1335 persistebatndtentius.
1241 1237 1397 1311 Peccan-

330 1352 424 1433 tibus
433 1354 650 1444 misericors,
661 1355 715 1426 sni
727 1356 800 1439 oris
811 1353 1020 1452 invigilabat
1028 1352 1252 1427 firmissimus
1264 1371 1394 1432 custos.

328 1468 393 1547 Cui
411 1470 572 1568 neglecta
589 1495 660 1551 snae
682 1469 771 1544 eutis
787 1495 871 1543 cura
880 1524 892 1558 ,
913 1466 1029 1540 tribus
1045 1468 1182 1545 vicibus
1198 1485 1345 1553 tantum
1361 1471 1395 1543 in

326 1613 423 1672 anno
440 1587 656 1671 tondebatur
672 1612 787 1667 coma.
807 1586 906 1670 Nulli
928 1613 1088 1687 unquam
1111 1587 1148 1659 in
1172 1586 1315 1667 ultione
1336 1610 1396 1663 re-

328 1703 457 1787 tribuit
471 1705 578 1784 mala.
596 1705 633 1790 Si
650 1705 729 1804 quis
742 1702 889 1805 aliquod
904 1704 1077 1785 damnum
1091 1703 1136 1788 de
1153 1702 1262 1787 rebus
1281 1721 1397 1786 trans·

328 1822 441 1903 itoriis
463 1824 495 1897 ei
518 1823 735 1912 nuntiasset,
763 1822 938 1895 continuo
964 1820 1202 1921 respondebat
1228 1852 1239 1894 s
1262 1823 1397 1901 Donn-

326 1968 395 2017 nus
419 1941 590 2027 abstulit,·
608 1943 656 2024 sit
679 1966 809 2024 nomen
832 1940 987 2020 Domini
1009 1940 1257 2020 benedictum!
1280 1941 1396 2015 Tanta

326 2059 357 2143 ei
383 2059 497 2131 virtus
526 2057 800 2145 reconciliandae
825 2058 921 2156 pacis
946 2057 1080 2145 inerat,
1107 2074 1148 2130 ut
1175 2058 1397 2157 quicumque

324 2174 504 2257 discordes
516 2174 560 2247 ad
573 2201 654 2249 eum
668 2175 853 2265 venirent,
872 2177 945 2275 ejus
959 2175 1141 2255 mellifluis
1155 2175 1313 2273 mitigati
1326 2201 1396 2249 ser·

325 2291 509 2380 monibus,
533 2290 669 2390 pacifici
688 2308 903 2377 remearent.
923 2290 1054 2371 Omnes
1070 2307 1191 2365 autem
1207 2289 1253 2372 sd
1272 2314 1311 2369 ee
1331 2317 1397 2367 ve-

323 2409 481 2494 nientes,
501 2423 575 2480 tam
591 2405 734 2483 nobiles
751 2433 859 2507 qnam
881 2406 1075 2506 ignobiles,
1095 2431 1271 2506 pauperes
1287 2423 1396 2506 aenne

323 2525 533 2624 peregrinos
550 2523 654 2609 hilari
669 2524 772 2600 vnitn
786 2523 993 2621 recipiebat.
1009 2525 1158 2623 Semper
1171 2522 1268 2622 apud
1284 2550 1395 2605 eune·

323 2657 378 2723 tos
401 2641 599 2723 laetissimus
619 2665 691 2727 csse
714 2640 880 2730 volebat,
907 2666 1063 2740 raroque
1086 2657 1148 2724 ant
1173 2642 1256 2729 vix,
1286 2667 1396 2741 qnam

322 2760 516 2857 reciperet,
544 2757 677 2858 absque
699 2759 861 2858 quolibet
886 2758 1100 2842 munusculo
1122 2785 1141 2829 n
1162 2782 1200 2833 se
1225 2757 1396 2835 recedens

322 2875 567 2973 permittebat.
600 2877 738 2951 infirmi
769 2878 877 2962 etiam
906 2901 972 2975 per
999 2873 1290 2955 benedictionem
1321 2878 1396 2976 ejus

321 2993 471 3064 sanitate
500 3009 641 3089 recepta
653 3046 664 3079 ,
696 2990 945 3075 benedicentes
969 2993 1085 3064 Deum
1112 2989 1283 3073 redibant
1307 3018 1395 3073 num

323 3108 459 3207 ingenti
478 3108 614 3179 laetitia.
635 3108 780 3191 ¹Cunctis
796 3107 950 3207 deniqne
970 3108 1113 3187 beatum
1129 3110 1250 3183 virum
1267 3126 1395 3213 peten-

322 3224 416 3309 tibus
442 3240 562 3323 0ptata
586 3224 822 3324 proveniebat
846 3225 951 3309 sales,
976 3226 1083 3314 Mnlti
1106 3251 1274 3325 quinque,
1301 3252 1396 3328 quos
1427 3301 1429 3303 .

318 3341 408 3423 adeo
421 3341 834 3419 vexabat'immanissima
850 3343 901 3417 vis
913 3342 1083 3429 febrium,
1101 3369 1183 3417 cum
1194 3344 1397 3443 nequth

318 3460 418 3545 adire
433 3459 625 3535 beatissimi
645 3461 712 3531 viri
731 3475 983 3559 conspectum,
1005 3460 1120 3537 missis
1137 3460 1264 3559 legatis
1280 3486 1395 3562 rogas

318 3578 407 3663 hant
427 3581 500 3679 ejus
519 3578 820 3666 munificentiam,
841 3580 1008 3678 quatinus
1025 3577 1268 3665 cinctorium,
1292 3577 1395 3679 qnod

318 3696 386 3771 sibi
406 3697 450 3770 de
472 3697 631 3781 funiculo
658 3712 866 3795 paraverat,
889 3711 951 3767 aut
975 3693 1110 3793 aliquid
1130 3692 1181 3766 de
1206 3711 1306 3770 veste
1332 3720 1395 3771 sua

317 3812 500 3885 charitatis
514 3815 629 3911 gratia
645 3828 875 3896 mererentur
891 3811 1065 3908 accipere.
1084 3808 1152 3901 Qui
1167 3833 1215 3882 ox
1232 3807 1305 3884 fide
1325 3808 1397 3885 boc

319 3930 435 4027 ipsum
448 3929 725 4028 contingebant,
741 3946 776 4001 et
789 3929 938 4027 pristina
950 3925 1179 4005 donabantur
1190 3926 1361 4006 sanitate.
1375 3957 1394 3997 s

651 4101 706 4109 ...-
937 4100 970 4107 μ..-

353 4179 391 4251 (¹)
406 4177 506 4233 rann.
524 4196 547 4244 ι,
564 4195 591 4231 2.
