2872 4920
182 396 242 455 586
430 392 615 452 HISTORIA
639 391 945 454 Ecctsssttsttct.
966 399 1143 472 [un-sun.
1159 398 1250 474 tutu]

180 524 349 613 omnihus
379 523 485 598 honis
512 525 740 622 opulentam,
771 525 806 596 in
834 525 927 598 valle
952 523 1121 625 quadam.
1152 526 1249 600 Cives

180 658 300 714 autem
322 641 396 739 ejus
410 667 488 739 prae
508 643 638 714 timore
656 641 881 715 Francorum
905 641 1035 714 urbem
1052 642 1249 740 pavitantes

179 759 364 845 exierunt,
384 773 419 830 et
446 757 571 830 hortos
594 757 754 831 oleribus
769 758 941 847 refertos,
959 758 1161 860 domosque
1184 761 1249 832 ali·

179 893 387 949 mentorum
403 892 439 948 et
461 901 573 974 opum
590 876 713 974 plenas
737 876 987 976 reliquerunt,
1002 893 1040 949 et
1057 878 1247 951 inconsulti

179 994 406 1092 aufugerunt.
422 993 617 1065 Christiani
628 1019 716 1067 vero
729 987 953 1092 gratulanter
965 993 1139 1067 omnihus
1149 995 1249 1069 bonis

179 1136 307 1183 eorum
335 1111 440 1209 potiti
457 1126 560 1200 sunt,
589 1127 626 1183 et
641 1111 737 1199 Deo,
765 1110 949 1185 bonorum
963 1110 1103 1202 datori,
1123 1116 1251 1212 gratias

182 1227 310 1301 hilares
333 1225 583 1301 reddiderunt.
608 1229 674 1300 Die
697 1229 802 1300 tertia
828 1226 911 1302 inde
927 1247 1200 1327 processerunt,
1217 1248 1249 1305 et

181 1359 411 1417 montaneam
423 1344 530 1418 nimis
542 1345 650 1416 altam
661 1343 922 1443 praecipitando
935 1345 1248 1434 transcenderunt,

181 1475 217 1530 et
245 1460 376 1532 iterum
403 1460 596 1533 invallem
619 1458 770 1532 uberem
799 1460 854 1557 (1)
884 1456 1168 1550 descenderunt,
1193 1461 1248 1533 uhi

183 1602 233 1650 x11
249 1577 324 1651 dies
341 1579 569 1677 quieverunt.
590 1576 727 1650 Deinde
741 1577 950 1676 proximum
964 1577 1052 1650 valli
1072 1579 1250 1652 castellum

182 1693 464 1769 sarracenorum
481 1695 638 1769 viriliter
661 1696 814 1795 aggressi
838 1711 943 1782 sunt,
967 1711 1005 1767 et
1021 1720 1151 1768 revera
1170 1695 1249 1769 illud

182 1811 411 1900 devicissent,
439 1814 506 1886 nisi
537 1814 689 1912 gentiles
712 1813 924 1886 animalium
947 1829 984 1885 et
1003 1814 1250 1912 jumentorum

59 2014 62 2019 ,
182 1947 219 2002 et
242 1956 417 2030 pecorum
449 1956 574 2031 greges
601 1932 696 2003 foras
722 1932 906 2031 ejecissent
913 1960 925 2020 ;
949 1956 1032 2030 quae
1060 1930 1248 2003 Christiani

180 2047 427 2147 diripuerunt,
440 2065 477 2122 et
490 2050 540 2125 sie
552 2048 597 2123 ad
610 2050 765 2123 tentoria
778 2076 839 2123 sua
849 2049 968 2123 onusti
984 2049 1110 2146 praeda
1124 2050 1249 2122 reversi

182 2184 282 2239 sunt.
309 2169 441 2267 Pagani
459 2184 579 2241 autern
595 2168 750 2240 nimium
768 2165 954 2265 perterriti
973 2182 1089 2239 noctu
1105 2191 1251 2239 secesse-

182 2299 287 2368 runt,
308 2301 344 2356 et
361 2285 489 2357 Franci
507 2285 718 2383 crepusculo
742 2284 813 2358 diei
838 2283 1023 2357 castellum
1049 2281 1252 2357 hominihus

183 2425 335 2471 vacuum
362 2402 510 2500 ingressi
536 2418 633 2475 snut.
660 2402 715 2474 lbi
733 2400 996 2475 abundantiam
1014 2402 1195 2474 frumenti
1222 2416 1252 2474 et

183 2516 259 2588 vini
302 2534 338 2590 et
363 2518 488 2592 sariuae
528 2536 564 2593 et
589 2517 737 2610 hordei,
770 2519 913 2620 oleique
949 2534 1191 2616 repererunt,
1222 2532 1252 2590 et

183 2633 474 2709 Purificationem
497 2653 629 2711 sanctae
651 2637 777 2711 Mariae
799 2635 1027 2710 devotissime
1046 2626 1252 2709 celebrave-

185 2766 286 2822 runt.

231 2864 287 2938 lhi
306 2894 371 2941 rex
387 2867 432 2942 de
448 2870 590 2941 Camela
609 2870 752 2942 civitate
779 2869 835 2967 (a)
853 2867 1060 2942 consulibus
1078 2893 1145 2966 per
1160 2893 1253 2941 nun·

186 2985 253 3056 tios
270 3010 351 3058 suos
370 2987 469 3086 larga
494 2985 643 3060 donaria
662 2985 779 3075 misit,
800 3010 996 3087 pacemque
1013 3012 1116 3058 suam
1142 2985 1251 3059 Chris

186 3103 291 3174 tianis
323 3103 477 3193 obtulit,
497 3104 679 3204 spondens
706 3103 806 3204 quod
826 3131 1015 3204 nunquam
1034 3103 1253 3176 Christianos

185 3218 410 3309 offenderet,
450 3223 561 3296 immo
590 3222 760 3322 diligeret
787 3249 828 3295 ac
863 3222 1083 3311 honoraret3
1118 3237 1252 3292 tantum

184 3339 399 3412 christianus
411 3341 567 3440 populus
580 3341 616 3414 in
631 3340 773 3414 honum
787 3342 818 3412 ei
835 3339 1009 3412 talionem
1021 3338 1251 3411 retribueret.

234 3458 312 3531 Rex
339 3483 485 3559 quoque
503 3458 662 3556 Tripolis
690 3459 745 3555 (ὅ)
763 3455 889 3530 decem
913 3480 1025 3555 equos
1048 3471 1086 3527 et
1103 3469 1254 3555 quatuor

221 3668 260 3736 (ι)
273 3668 309 3722 La
319 3667 404 3723 valles
417 3668 452 3722 de
462 3670 527 3723 Lem
539 3687 577 3723 ou
588 3668 623 3724 de
634 3669 712 3735 Seru,
727 3668 837 3722 suivant
847 3664 981 3741 quelques
991 3675 1117 3719 auteurs.
1134 3665 1171 3718 Le
1182 3662 1255 3717 notre

188 3756 212 3808 la
226 3755 302 3827 place
315 3776 369 3812 aux
382 3761 512 3813 euvirous
525 3757 560 3814 de
575 3757 699 3831 Tripoli,
715 3776 824 3812 comme
837 3774 908 3811 nous
921 3755 946 3810 le
957 3773 1072 3809 verrons
1086 3754 1150 3827 plus
1165 3753 1228 3807 loin.

223 3844 262 3913 (a)
274 3832 398 3915 Emesse,
414 3847 594 3919 aujourd’hui
607 3849 711 3915 Ilums‚
728 3865 775 3901 sur
789 3845 815 3899 la
829 3845 886 3899 rive
900 3845 991 3898 droite
1005 3842 1040 3897 dc
1051 3842 1197 3908 l'Oronte‚
1212 3859 1256 3893 au·

189 3932 250 3987 dela
264 3933 302 3987 du
320 3936 421 4003 Liban,
437 3949 465 3992 ct
484 3942 498 3992 Ξι
517 3957 570 4011 peu
584 3939 647 4011 pres
662 3955 725 3991 scus
740 3936 764 3991 lu
783 3937 874 3992 meme
892 3934 1080 4008 latitudoque
1099 3933 1208 4005 Tripoli
1226 3931 1256 3984 de

189 4024 268 4095 Syrie
281 4034 309 4078 et
323 4025 459 4098 Palmyre.

223 4112 262 4183 (3)
289 4114 396 4187 'l'ripoli
425 4116 459 4169 de
484 4119 577 4188 Syrie,
607 4118 784 4189 nujotnd'hni
813 4114 977 4179 'l'aralsolos,
1004 4124 1085 4166 cntrc
1114 4113 1212 4184 Botrys
1231 4120 1253 4163 et

193 4205 299 4259 dt'cltls.
