2888 4934
175 379 281 454 [rom]
532 367 649 429 traua
670 367 873 431 strennus.
1178 372 1238 430 207

176 523 217 579 ut
226 531 306 578 mos
319 520 388 591 est,
408 517 534 574 mutuo
546 501 772 598 percunctari
788 517 992 598 coeperunt.
1012 501 1128 572 Erant
1142 501 1240 574 enim

173 624 220 698 de
244 619 458 696 Barensibus
485 618 628 720 quidam
655 617 834 691 Veneticis
861 619 937 692 noti
967 636 1004 691 et
1028 619 1151 706 amici,
1177 620 1238 719 qui

172 756 367 840 coeperunt
391 738 436 812 de
459 760 613 834 corpore
635 750 757 807 sancto
778 736 982 806 alternatim
1004 733 1238 809 confabulari.

172 857 336 931 Venetici
354 870 473 926 autem
489 851 587 953 quod
600 850 734 922 dudum
750 869 989 950 conceperant
1002 854 1149 941 animis,
1165 877 1240 927 non

171 972 433 1047 dubitaverunt
457 968 564 1042 edere
583 966 715 1040 verbis.
741 968 844 1040 Palos
866 994 1011 1069 quoque
1032 969 1184 1058 ferreos,
1206 985 1243 1043 et

172 1091 324 1167 malleos
345 1113 381 1161 se
400 1086 532 1160 habere
554 1100 774 1184 praeparatos
799 1086 946 1159 confessi
972 1103 1074 1177 suut,
1101 1102 1137 1160 et
1158 1088 1240 1189 quia

175 1224 317 1284 tentare
339 1204 513 1279 deberent
540 1204 729 1276 consilium
755 1201 939 1288 habitum,
966 1204 1042 1275 illic
1065 1203 1243 1301 prandere

174 1352 250 1402 uon
271 1324 501 1398 distulerunt.
525 1319 628 1413 Quod
648 1346 730 1393 cum
748 1318 925 1393 audissent
944 1321 1086 1409 Barini,
1110 1318 1155 1392 ad
1175 1320 1244 1395 hoc

176 1442 423 1544 incipiendum
448 1455 485 1513 et
511 1437 770 1538 perficiendum
797 1440 924 1539 majori
955 1437 1131 1513 desiderio
1160 1456 1245 1514 sunt

176 1557 332 1646 accensi,
357 1582 430 1630 non
455 1572 527 1626 tam
544 1554 597 1627 sui
615 1579 684 1652 pro
700 1554 815 1652 gloria
833 1553 1041 1641 ethonore,
1065 1556 1245 1656 totiusque

175 1676 305 1774 patriae
330 1671 595 1772 magnitudine,
626 1697 735 1771 quam
763 1687 929 1768 protam
957 1672 1244 1746 excellentissimi

176 1790 388 1865 confessoris
408 1813 545 1861 amore.
572 1786 764 1886 Negotium
789 1788 911 1887 igitur,
930 1788 979 1861 oh
995 1787 1092 1888 quod
1108 1789 1245 1864 Antio-

178 1906 293 1981 chiam
309 1907 442 1993 ierant,
459 1904 712 2002 expleverunt,
727 1919 764 1975 et
776 1902 858 1976 inde
871 1906 1082 2004 quantocius
1093 1904 1246 1979 ducente

178 2024 253 2098 lleo
288 2037 553 2096 remeaverunt.
582 2021 672 2093 Cum
699 2044 788 2093 vero
814 2046 987 2120 prospere
1012 2022 1178 2120 Myrense
1201 2022 1246 2095 ad

179 2141 278 2215 timus
304 2140 659 2239 appropinquarent,
686 2138 830 2237 jamque
854 2166 872 2211 a
899 2141 1022 2238 priore
1044 2138 1247 2214 deficientes

180 2259 322 2346 ardore,
342 2259 435 2330 ultra
455 2257 607 2329 transire
623 2256 758 2329 vellent
772 2257 842 2354 (r),
859 2258 1058 2356 imperante
1073 2259 1151 2333 Deo
1163 2283 1249 2334 con·

181 2376 313 2450 uarius
341 2389 468 2446 ventus
497 2398 515 2443 a
550 2373 683 2445 boreali
713 2389 815 2471 parte
844 2375 1022 2464 surrexit,
1053 2392 1248 2477 nautasque

180 2491 331 2564 llorinos
345 2504 467 2563 austro
483 2489 687 2588 quiescente
704 2487 754 2560 ibi
772 2491 947 2562 remorari
966 2490 1095 2591 coegit.
1110 2491 1248 2566 Volun-

182 2620 291 2679 tatem
315 2605 435 2704 itaque
455 2604 519 2676 Dei
543 2605 801 2704 intelligentes,
826 2632 924 2677 arma
945 2609 1120 2682 continuo
1143 2633 1248 2681 com-

181 2723 470 2824 prehenderunt,
497 2749 699 2823 paucosque
721 2726 783 2824 qui
804 2742 898 2797 rates
919 2727 1065 2799 interim
1088 2726 1249 2800 custodi-

183 2856 264 2915 mut
300 2841 376 2914 acie
407 2842 496 2912 lacta
535 2840 773 2940 relinquunt,
808 2858 844 2912 et
881 2842 1011 2941 reliqui
1045 2842 1176 2914 muniti
1213 2857 1249 2916 et

185 2956 325 3055 providi
352 2958 431 3055 (a),
457 2957 557 3030 velut
585 2956 746 3031 hostibus
769 2958 980 3048 obviarent,
1008 2960 1178 3032 festinant
1204 2959 1249 3033 ad
1282 2988 1286 2993 ·

183 3074 368 3149 ecclesiam
389 3075 458 3161 ire,
482 3099 564 3174 quae
592 3073 699 3173 longe
721 3075 821 3175 quasi
842 3076 958 3173 spatio
980 3076 1091 3148 trium
1112 3076 1249 3150 millia-

185 3190 324 3264 riorum
339 3207 417 3267 erat
433 3218 451 3262 a
469 3191 604 3264 littore.
624 3192 787 3292 Denique
803 3193 998 3264 claustrum
1014 3193 1170 3267 ecclesiae
1188 3194 1249 3267 in-

184 3323 349 3397 troeunt,
365 3334 465 3380 arma
476 3307 681 3407 deponunt,
697 3308 882 3410 aedemque
895 3327 1054 3384 sanctam
1066 3311 1251 3386 humiliter

182 3423 361 3514 subeunt,
397 3441 630 3527 sanctumque
660 3428 851 3525 proesulem
879 3429 1039 3527 llagitare
1071 3444 1247 3529 satagunt.

218 3711 263 3781 (ι)
272 3708 311 3763 La
319 3707 506 3763 cimonstance
516 3708 564 3781 qui
578 3706 618 3761 les
630 3709 777 3780 engageait
789 3710 804 3762 a
817 3709 978 3761 renoncera
992 3706 1053 3761 leur
1065 3707 1168 3780 projet,
1184 3725 1251 3764 con·

182 3799 277 3857 sinit
289 3798 358 3854 dans
377 3798 426 3853 des
444 3808 522 3852 rents
536 3798 687 3853 contraires
699 3816 772 3871 pour
785 3815 814 3852 se
828 3797 930 3852 rendre
941 3800 957 3852 h
970 3798 1048 3870 lllyre
1059 3808 1087 3853 et
1103 3798 1251 3856 tres-lavo-

182 3890 277 3946 rables
289 3909 361 3964 pour
373 3889 523 3962 reprendre
536 3888 562 3942 le
575 3889 686 3942 chemin
701 3888 736 3943 de
749 3889 820 3943 Bari.
837 3889 872 3942 la
887 3888 1007 3962 tempete
1020 3889 1070 3962 qui
1087 3888 1197 3960 s’dleva,
1213 3889 1252 3947 les

180 3981 311 4056 pennalt
323 3999 358 4035 au
367 3981 505 4035 contraire
515 3997 576 4035 vers
585 3979 673 4052 Myro,

218 4071 264 4142 (a)
273 4071 319 4125 Aa
335 4071 453 4125 nombre
471 4069 507 4123 de
518 4074 560 4144 47.
579 4068 627 4125 On
644 4086 762 4142 suppose
777 4087 832 4142 qne
846 4069 973 4125 c’etaient
984 4080 1048 4127 tous
1060 4088 1129 4127 ceux
1141 4073 1191 4145 qni
1203 4090 1252 4145 ap-

180 4161 389 4236 partenaieuth
402 4161 427 4215 la
440 4160 503 4214 ville
515 4160 550 4214 de
564 4159 636 4214 Bari.
