2872 4920
278 367 334 426 148
547 361 727 424 HISTORIA
752 359 1053 422 Ecctssstisrtcr.
1163 365 1329 443 [uto-965]

274 496 560 568 intercessionem
579 493 671 565 beati
693 492 835 579 Hilarii,
856 494 917 591 qui
936 516 1075 591 semper
1094 508 1193 564 tutor
1208 509 1245 565 et
1265 493 1330 566 de-

272 613 391 684 seusor
410 610 503 681 itlius
520 625 572 681 est
588 606 687 679 urbis
705 608 719 703 (
745 609 773 703 ).

322 727 362 798 ln
376 728 451 824 ipso
461 751 571 816 auno,
585 722 769 796 defunctus
783 737 834 794 est
844 720 1075 812 Gislebertus,
1087 720 1158 795 dux
1169 724 1330 823 Burgun-

273 841 355 929 diae,
374 842 579 943 relinquens
588 839 758 911 ducatum
775 838 912 926 Ottoni,
929 837 1003 911 filio
1017 841 1177 939 Hugonis
1192 841 1325 938 Magni.

273 956 434 1029 Habebat
455 981 607 1055 namque
629 955 713 1028 Otto
734 955 843 1026 filiam
864 954 958 1026 iltius
975 954 1162 1028 Gisleberti
1184 957 1220 1028 in
1238 981 1329 1028 con-

268 1077 369 1175 jugio
379 1079 446 1174 (2).
462 1075 625 1148 Secundo
637 1101 731 1145 anno
742 1073 833 1146 obiit
845 1075 949 1170 Hugo
964 1075 1126 1174 Magnus,
1138 1075 1210 1160 dux
1221 1073 1330 1146 Fran·

271 1219 409 1282 corum,
429 1193 522 1291 apud
536 1192 756 1290 Drodingam
770 1190 902 1262 Villam
919 1204 995 1264 xv1⁰
1009 1191 1079 1262 kat.
1096 1193 1195 1290 julii,
1214 1191 1331 1289 sepul-

275 1326 399 1409 tusque
415 1326 467 1382 est
482 1311 517 1380 in
532 1308 673 1380 basilica
689 1309 732 1378 Β.
749 1306 905 1402 Dionysii
922 1309 1084 1404 martyris
1099 1309 1252 1379 Parisius
1264 1311 1328 1404 (5).

273 1427 337 1496 Cui
364 1440 606 1498 successerunt
628 1423 691 1495 filii
718 1426 809 1521 ejus,
837 1425 940 1521 Hugo
969 1422 1153 1509 videlicet,
1186 1422 1271 1496 Otto
1295 1439 1330 1494 et

274 1543 477 1628 HainricuS,
498 1544 570 1613 nati
586 1567 629 1612 ex
642 1539 712 1611 fitia
728 1540 886 1627 Ottonis,
904 1542 996 1639 regis
1011 1541 1250 1613 saxionorum
1265 1545 1328 1636 (4).

275 1659 378 1758 Hugo
394 1657 466 1729 dux
487 1657 706 1729 Francorum
726 1655 871 1727 eil'ectus
891 1673 961 1743 est,
987 1673 1024 1727 et
1043 1655 1127 1729 Otto
1146 1654 1218 1727 dux
1238 1657 1332 1727 Bur-

274 1774 509 1873 gundionum.
541 1774 715 1845 Defuncto
743 1771 874 1844 Ottone
900 1772 988 1844 duce
1013 1770 1328 1871 Burgundionum,

272 1892 436 1969 successit
451 1891 638 1964 Hainricus
653 1892 767 1962 frater
783 1894 856 1989 ejus
873 1891 937 1987 (5).

323 2008 397 2081 Sub
415 2010 490 2107 ipso
508 2011 669 2106 tempore
682 2008 799 2080 oritur
812 2008 996 2080 contentio
1011 2009 1105 2078 inter
1122 2006 1331 2106 Ansegisum

273 2127 478 2225 episcopum
495 2127 708 2217 Trecarum,
729 2142 766 2196 et
782 2123 1005 2196 Rodbertum
1024 2126 1205 2197 comitem.
1225 2124 1332 2225 Ejec-

275 2258 330 2313 tus
344 2266 430 2314 vero
444 2268 487 2312 ex
497 2242 638 2313 civitate
655 2239 847 2338 Ansegisus
856 2240 1039 2338 episcopus
1050 2266 1068 2310 a
1081 2238 1265 2312 Rodberto
1279 2265 1333 2311 co·

275 2359 378 2446 mite,
395 2357 555 2456 perrexit
568 2358 604 2428 in
619 2357 809 2429 saxoniam
822 2356 865 2428 ad
878 2355 1047 2429 Ottonem
1060 2357 1331 2455 imperatorem,

273 2472 519 2573 adducensque
534 2474 701 2558 Saxones,
717 2499 837 2546 mense
851 2472 991 2547 octobri
1006 2472 1144 2546 obsedit
1154 2475 1334 2547 civitatem

274 2590 402 2662 Trecas
425 2589 535 2687 longo
559 2605 733 2686 tempore.
761 2587 952 2661 Venientes
975 2605 1093 2661 autem
1116 2590 1152 2660 in
1176 2587 1334 2686 praedam

274 2705 441 2792 Senonis,
461 2718 700 2777 occurrerunt
718 2704 786 2775 illis
803 2702 1084 2776 Archembaldus
1102 2703 1336 2803 archiepisco·

274 2846 339 2916 pus
357 2836 393 2892 et
406 2819 602 2894 Rainardus
621 2845 739 2893 comes
753 2820 910 2907 vetulus,
929 2846 1010 2892 cum
1027 2845 1158 2917 magno
1176 2820 1334 2892 exercitu

311 3139 616 3210 (1)Voyezci-dessus,
632 3153 651 3194 t.
665 3142 693 3206 Ι,
708 3160 736 3212 p.
755 3142 803 3196 166
815 3153 843 3195 et
859 3141 917 3214 167.

311 3227 350 3298 (a)
363 3225 504 3283 Giselbert
516 3239 629 3281 mourut
643 3228 669 3282 ic
689 3229 785 3283 Sacri!
798 3230 867 3303 956,
890 3241 918 3283 et
938 3248 986 3284 son
1002 3231 1105 3303 gendre
1118 3230 1221 3301 Otton,
1245 3232 1286 3287 sds
1302 3232 1336 3286 de

278 3315 543 3389 lingue-leGrand,
558 3316 583 3371 le
597 3316 632 3371 23
644 3317 753 3386 ferrier,
764 3337 799 3373 en
811 3319 879 3393 965,
896 3321 1001 3376 suivant
1017 3321 1169 3376 Frodoard.

313 3404 352 3478 (3)
368 3405 445 3460 Nous
463 3424 497 3459 ne
516 3423 635 3478 pensons
656 3424 702 3479 pas
721 3426 776 3481 que
797 3408 918 3462 secundo
931 3428 1006 3462 anno
1019 3411 1110 3482 puisse
1122 3427 1151 3463 se
1163 3413 1336 3482 rapportert

278 3506 357 3551 autre
364 3495 447 3550 chose
457 3513 512 3569 que
525 3495 550 3549 le
563 3508 780 3551 couronuement
793 3497 827 3550 de
843 3496 981 3551 Lothaire.

314 3586 352 3656 (4)
364 3586 517 3640 Saxonum.
533 3587 585 3641 Mt.
599 3587 627 3641 S.
642 3590 676 3641 A.

313 3672 353 3744 (5)
375 3675 451 3729 Nous
472 3694 554 3730 avons
574 3677 628 3730 cite'
650 3675 689 3730 les
710 3675 786 3730 dates
802 3677 837 3730 de
853 3677 1007 3732 succession
1025 3678 1059 3732 de
1079 3679 1181 3750 Hugue
1200 3679 1289 3750 Capet
1309 3691 1339 3734 et

279 3760 408 3817 d’Otton.
428 3763 566 3818 Hudwidc
583 3782 619 3819 ou
636 3763 786 3837 Hadwige,
803 3766 864 3819 leur
878 3767 969 3831 mere,
984 3765 1100 3821 seconde
1113 3768 1213 3823 semme
1225 3766 1261 3821 de
1277 3770 1339 3823 Hu-

281 3843 503 3916 guede-Graud,
518 3847 585 3901 etait
600 3865 674 3902 soeur
690 3859 720 3904 et
736 3867 790 3903 non
813 3867 861 3921 pas
881 3849 935 3903 sdic
951 3850 986 3904 de
1005 3849 1168 3923 i’empcreur
1186 3850 1277 3905 Otton
1293 3853 1337 3916 12¹,

208 3968 213 3977 ·
280 3944 309 3989 et
327 3951 377 4007 par
398 3937 566 4008 consequent
583 3936 637 3990 sdic
654 3937 689 3992 de
709 3939 797 3993 chri
810 3939 844 3992 l‘'
857 3939 892 3993 de
905 3940 988 4017 Sane,
1006 3939 1048 3994 dit
1062 3938 1218 4004 l’Oiseieur,
1240 3943 1282 3995 roi
1304 3941 1340 3996 dc

280 4023 439 4086 Gemanie.
460 4024 563 4091 Heuri,
578 4025 632 4080 duc
644 4026 678 4080 de
692 4028 873 4100 Bourgogne‚
889 4029 931 4082 dit
950 4028 975 4082 lc
996 4029 1108 4095 Grand,
1130 4028 1244 4082 sudceda
1257 4032 1274 4081 d
1289 4047 1339 4083 son

280 4113 352 4167 frere
364 4110 452 4167 Otton
466 4130 498 4165 en
512 4113 579 4184 965,
595 4127 622 4170 et
635 4128 746 4171 mourut
763 4136 821 4170 vers
840 4137 913 4172 roua.
