2888 4934
183 399 289 474 [1091]
555 399 672 459 tinen
693 400 878 461 ocrsvt's.
1187 404 1246 463 arr

183 552 295 626 cogor
304 529 496 630 prosequi.
520 526 677 603 Obsecro
691 558 700 600 :
714 548 890 604 memento
904 532 993 618 mei,
1011 530 1251 633 precibusque

179 649 254 745 piis
265 661 301 718 et
309 646 546 744 eleemosynis
555 673 724 720 succurre
733 647 835 719 milti.
850 648 951 722 Nom
963 676 987 721 α
1001 648 1153 722 Pascha
1163 647 1251 721 Flo-

183 789 264 835 rum
283 763 338 863 (t)
357 765 542 864 usquead
556 792 667 838 unum
685 791 822 838 annum
837 793 943 869 spero
957 766 1110 856 salvari,
1128 781 1163 838 et
1179 766 1250 838 cie·

181 881 321 951 mentia
343 881 527 953 Creatoris
544 881 592 955 ab
611 880 773 954 ornnibus
800 885 984 956 tormentis
1008 882 1167 956 liberari.
1194 883 1252 954 Tu

182 1022 271 1070 vern
286 997 462 1072 sollicitus
485 1015 561 1072 esto
577 998 624 1072 de
641 1016 691 1090 te,
717 1002 905 1101 uitamque
930 1018 1027 1074 tuam
1049 998 1255 1102 prudenter
1303 1044 1305 1048 -

184 1117 344 1213 corrige,
359 1142 441 1217 quoe
458 1116 628 1218 pluribus
649 1119 748 1190 vitiis
773 1118 962 1205 sordescit,
982 1120 1144 1219 scitoque
1156 1117 1254 1219 quod
1297 1170 1304 1181 .

182 1231 358 1306 diuturna
375 1260 447 1306 non
469 1237 546 1307 erit.
569 1235 636 1307 Ad
646 1261 808 1336 praesens
834 1237 913 1308 sile.
932 1237 1024 1325 Res,
1044 1262 1137 1337 quas
1153 1262 1254 1307 nunc

184 1377 238 1423 ex
260 1353 441 1451 insperato
462 1352 593 1425 vidisti
607 1368 641 1424 et
658 1354 817 1440 audisti,
833 1354 974 1426 silentio
989 1362 1204 1455 comprime,
1220 1369 1254 1424 et

187 1494 301 1568 usque
317 1469 371 1541 ad
383 1486 454 1543 tres
467 1470 546 1543 dies
558 1472 698 1543 nemini
709 1496 911 1570 praesumas
926 1496 1111 1543 enarrare.

234 1586 298 1658 His
312 1585 433 1677 dictis,
452 1588 554 1661 miles
571 1588 718 1662 festinus
735 1586 913 1661 abscessit.
928 1585 1119 1684 Presbyter
1133 1602 1254 1659 autem

185 1717 259 1777 tota
278 1704 474 1803 septimana
502 1706 661 1806 graviter
685 1707 887 1807 aegrotavit.
906 1703 1044 1778 Deinde
1063 1719 1253 1805 postquam

185 1816 401 1892 invalescere
425 1821 558 1919 coepit,
586 1821 787 1894 Luxovium
816 1820 923 1908 adiit,
947 1818 1153 1894 Gisleberto
1180 1820 1255 1917 epi·

186 1960 296 2035 scopo
314 1940 366 2034 (α)
382 1953 509 2031 cuncta
526 1962 571 2010 ex
594 1937 723 2011 ordine
747 1937 931 2027 recitavit,
951 1953 988 2009 et
1005 1934 1052 2009 ab
1070 1961 1113 2009 eo
1136 1934 1256 2009 medi-

187 2067 348 2127 camenta
375 2052 520 2127 sibimet
547 2055 742 2128 necessaria
771 2055 992 2154 impetravit.
1022 2051 1255 2127 Postmodum

187 2166 265 2243 sere
282 2195 331 2244 xv
355 2170 459 2243 annis
483 2187 625 2271 vegetus
642 2171 751 2261 vixit,
769 2189 806 2245 et
823 2172 901 2246 hoec
926 2198 1008 2271 quae
1030 2171 1166 2270 scripto
1183 2187 1254 2242 tra·

187 2278 281 2371 didi,
296 2282 436 2383 aliaque
448 2283 602 2382 plurima
611 2339 624 2377 ,
640 2310 722 2386 quae
741 2285 927 2359 oblivi0ne
943 2283 1076 2359 abolita
1091 2300 1193 2371 sunt,
1212 2282 1258 2356 ab

188 2422 253 2473 ore
268 2399 376 2500 ipsius
389 2394 529 2491 audiri,
544 2418 582 2476 et
599 2403 724 2477 faciem
738 2405 812 2505 ejus
829 2401 1001 2478 horrendi
1023 2402 1148 2476 militis
1162 2417 1259 2475 tactu

188 2513 311 2589 Ioesam
338 2518 520 2617 prospexi.
552 2519 638 2592 IIaec
674 2517 719 2592 ad
754 2518 1031 2593 aedificationem
1061 2517 1259 2618 logentium

188 2634 334 2734 scripsi,
356 2651 398 2707 ut
422 2635 460 2708 in
487 2635 593 2709 bonis
617 2637 888 2712 consolidentur
909 2636 1014 2736 justi,
1045 2651 1083 2708 et
1109 2662 1128 2707 a
1156 2635 1258 2708 malis

189 2749 401 2847 resipiscant
419 2751 593 2848 perversi.
615 2751 754 2827 Amodo
772 2753 968 2849 incoeptam
991 2765 1117 2849 repeto
1141 2766 1257 2822 mate-

190 2866 297 2939 riam.

240 2979 376 3056 XVIII.
394 2983 504 3057 Anno
516 2983 562 3056 ab
579 2984 830 3057 incarnatione
845 2983 990 3057 Domini
1010 2996 1052 3056 u⁰
1067 2996 1125 3055 xc·
1142 2996 1183 3070 1-0,
1201 2983 1259 3054 in-

191 3094 351 3172 dictione
362 3111 400 3172 x·
412 3111 500 3190 nn·,
513 3126 635 3174 mense
641 3103 822 3201 januario,
835 3100 1048 3174 Guillelmus
1056 3099 1180 3188 Rufus,
1196 3123 1258 3171 rex

192 3210 413 3312 Anglorum,
426 3239 508 3286 cum
518 3241 647 3316 magna
655 3216 763 3290 classe
774 3218 810 3289 in
821 3216 1084 3290 Normanniam
1097 3210 1262 3286 transire-

188 3328 298 3418 tavit,
319 3344 356 3401 et
379 3328 584 3404 Rodbertus
605 3330 678 3404 dux
700 3330 823 3405 audito
848 3333 943 3431 regis
963 3328 1118 3403 adventu
1141 3328 1261 3400 statim

188 3443 417 3520 obsidionem
432 3446 573 3520 Curceii
587 3448 754 3549 reliquit,
773 3465 809 3520 et
823 3447 1026 3522 Rodbertus
1040 3445 1084 3519 de
1100 3445 1262 3518 Belesmo

189 3589 273 3637 cum
291 3565 363 3636 suis
382 3565 617 3664 complicibus
633 3569 782 3667 aufugit.
803 3566 880 3638 Rex
898 3581 1017 3636 autem
1040 3566 1076 3635 in
1095 3561 1259 3634 Ncustria
1330 3587 1340 3595 ·

191 3678 365 3779 usquead
392 3696 581 3779 augustum
604 3683 820 3780 permansit,
845 3696 882 3754 et
898 3676 1106 3752 dissidentes
1122 3676 1183 3777 qui
1204 3675 1260 3748 ei-

188 3792 273 3869 dem
289 3794 517 3895 adquiescere
528 3797 741 3886 vquerunt,
758 3797 868 3896 regali
883 3794 1094 3869 auctoritate
1105 3793 1258 3892 pacavit.

225 4090 236 4158 i
240 4091 265 4159 r)
277 4089 314 4144 1ae
326 4088 475 4146 dimauche
485 4091 534 4146 des
547 4091 696 4147 Rameaux.

224 4180 266 4252 (α)
276 4179 419 4237 GisIebcrt
434 4183 583 4250 Marninot,
598 4183 701 4257 diique
714 4183 748 4237 de
762 4183 881 4239 Lisicux.
