2888 4934
310 397 371 456 330
587 395 770 456 HISTORIA
792 396 1101 457 Etcttts'tlsttcl.
1267 400 1371 478 [1090]

309 528 373 601 dns
404 529 497 601 inter
526 529 705 600 animosos
736 528 867 601 milites
900 528 1024 601 consul
1054 529 1269 601 constitutus
1295 529 1371 602 vilis

308 644 520 735 habebatur,
543 646 805 745 multiplicique
824 663 964 719 terrore
980 647 1188 745 frequenter
1204 647 1371 744 exanguis

307 761 519 862 angebatur,
538 779 575 835 et
589 764 727 862 sugam,
746 761 843 864 qnod
855 762 1077 861 praecipuum
1092 760 1160 834 sibi
1175 762 1369 835 remedium

306 878 478 979 putabat,
499 877 752 952 meditabatur.
782 881 860 953 Hoc
878 880 1121 966 advertentes,
1148 878 1370 952 cenomanni

305 995 409 1069 valde
436 997 545 1070 laetati
571 1014 673 1084 sunt,
701 1015 737 1069 et
761 1000 934 1097 majorem
961 999 993 1068 ei
1019 1013 1157 1070 metum
1179 1013 1371 1096 sempectas

306 1116 563 1211 incusserunt(
589 1118 616 1210 ).

355 1230 653 1317 TandemHelias‚
664 1232 902 1307 consobrinus
912 1230 1110 1331 ejus(2)‚ad
1122 1232 1369 1320 eumaccessit,

306 1366 438 1423 etcum
449 1373 492 1424 eo
506 1348 551 1422 de
569 1351 842 1424 imminentibus
856 1352 967 1424 causis
982 1364 1151 1438 tractans,
1167 1348 1262 1421 dixit
1277 1378 1287 1420 ε
1303 1353 1372 1421 Au·

306 1465 368 1537 dio
382 1466 634 1538 mussitantem
645 1467 845 1568 populum,
862 1466 1039 1555 Domine,
1054 1463 1154 1563 quod
1164 1466 1204 1535 in
1216 1466 1374 1562 patriam

306 1600 405 1654 taam
429 1585 497 1655 vis
510 1583 645 1672 redire,
669 1582 852 1683 durosque
873 1610 1007 1674 mores,
1032 1599 1066 1655 et
1083 1584 1302 1655 comitatum
1317 1581 1373 1651 in-

305 1700 454 1773 domitce
467 1706 586 1799 gentis
607 1702 818 1800 relinquere.
846 1702 931 1774 Hoc
947 1697 1112 1802 profecto
1130 1698 1256 1770 nullus
1278 1701 1373 1770 nnti-

307 1844 426 1890 corum
442 1835 585 1890 tuorum
598 1817 665 1890 tibi
677 1817 781 1891 debet
792 1818 1021 1891 dissuadere.
1037 1818 1082 1890 N
1080 1843 1141 1888 am
1154 1818 1252 1888 sicat
1262 1840 1372 1887 mores

307 1939 358 2005 tui
368 1933 519 2035 placidi
531 1929 632 2026 sunt,
648 1953 847 2034 amantque
862 1920 1165 2033 tranquillitatem
1176 1936 1304 2032 pacis,
1321 1933 1374 2004 sie

305 2050 415 2153 bajus
431 2052 563 2126 incoloe
580 2055 739 2152 regionis
759 2054 937 2125 continuis
953 2067 1091 2123 vacant
1109 2049 1233 2139 bellis,
1252 2064 1288 2121 et
1302 2053 1373 2118 im-

300 2176 482 2268 patientes
505 2185 590 2242 sunt
613 2171 756 2268 quietis.
787 2171 975 2241 Prceterea
1000 2165 1252 2269 implacabiles
1274 2164 1373 2239 Nor·

243 2354 247 2361 .
306 2287 437 2357 manni
459 2286 746 2358 Cenomanniam
767 2286 1052 2375 calumniantur,
1076 2301 1110 2355 et
1131 2309 1215 2355 cum
1236 2282 1375 2381 ingenti

292 2398 449 2500 feritate
472 2401 751 2476 Cenomannicis
772 2403 857 2474 dira
875 2407 1153 2474 comminantur.
1179 2399 1286 2474 Nam
1297 2396 1374 2498 filii

307 2520 402 2616 regis
423 2516 630 2608 Gutttetmt,
650 2524 712 2618 qui
730 2519 817 2590 olim
836 2521 929 2591 inter
948 2545 986 2590 se
1008 2515 1255 2602 dissidebant,
1278 2541 1373 2587 nutu·

306 2637 529 2709 reconciliati
556 2654 662 2726 sunt,
694 2655 728 2708 et
758 2639 796 2709 in
826 2637 1096 2710 Normanniam
1124 2660 1205 2706 cum
1236 2630 1375 2734 grandi

304 2757 466 2828 exercitu
493 2758 728 2842 conveniunt,
762 2771 801 2827 ut
828 2759 866 2826 in
891 2771 1021 2826 terram
1049 2768 1207 2825 nostram
1234 2765 1376 2850 repente

305 2890 519 2959 accurrant,
541 2891 576 2943 et
592 2899 656 2945 nos
678 2875 744 2971 qui
760 2888 885 2944 contra
903 2869 986 2943 illos
1005 2867 1259 2941 rebellavimus
1278 2881 1373 2938 atro·

339 3105 432 3174 (ille
446 3116 504 3160 mot
519 3119 657 3178 sempecta
671 3118 714 3163 est
731 3110 880 3181 emprnnte
899 3111 915 3162 a
933 3107 960 3161 la
976 3105 1051 3179 tegle
1068 3105 1103 3159 de
1115 3102 1220 3158 l'ordre
1233 3101 1270 3157 de
1282 3101 1371 3160 Saint-

306 3193 417 3262 Benoit,
438 3193 506 3251 dans
512 3196 640 3277 Olaquelle
659 3197 678 3252 il
694 3197 809 3270 designe
827 3197 866 3252 les
882 3197 987 3253 moines
999 3198 1123 3251 ve'terans
1140 3194 1206 3267 qui,
1222 3194 1305 3264 apres
1316 3192 1370 3247 cin·

304 3294 408 3356 quante
424 3301 473 3339 ane
489 3283 525 3339 de
539 3286 707 3358 profession,
721 3287 853 3342 n’etaient
867 3288 929 3360 plus
945 3287 1049 3341 soumis
1061 3289 1077 3340 a
1088 3301 1196 3338 aucune
1209 3282 1314 3356 charge
1326 3283 1369 3356 pi·

304 3371 390 3428 nible.
405 3372 483 3428 Nous
496 3390 615 3446 pensons
631 3375 699 3449 qu’il
712 3375 772 3430 saut
785 3375 837 3430 lire
848 3395 900 3447 per
915 3383 1081 3448 sempectas,
1097 3382 1125 3427 et
1137 3389 1194 3426 non
1212 3379 1368 3444 sempecta,

303 3479 411 3518 comme
431 3461 458 3517 le
475 3482 593 3538 propose
615 3466 665 3539 Du¹
679 3467 784 3540 Cange.
805 3467 845 3521 Ce
865 3483 977 3539 passage
995 3462 1160 3538 siguifierait
1177 3462 1249 3517 ainsi
1266 3479 1323 3536 qne
1337 3460 1368 3516 let

303 3554 471 3620 Manceaux,
491 3558 614 3629 ennuyes
631 3567 660 3611 et
675 3556 806 3611 humilies
820 3555 907 3610 d'etre
922 3557 1075 3628 gouverne's
1088 3572 1138 3626 par
1151 3572 1190 3607 un
1204 3553 1337 3626 seigneur
1351 3549 1367 3604 ti

304 3640 460 3713 incapable‚
478 3641 518 3697 lui
536 3642 619 3698 litent
635 3632 810 3717 representer
826 3661 876 3716 par
889 3643 928 3698 les
940 3644 1052 3697 anciens
1068 3640 1109 3695 du
1120 3657 1186 3713 pays
1203 3640 1243 3695 les
1257 3638 1367 3714 dangen

303 3726 339 3782 de
351 3746 379 3781 sa
389 3730 526 3801 position,
542 3731 577 3786 de
590 3734 712 3787 muniere
725 3731 1014 3804 al’effraye1‘‚etllni
1029 3731 1098 3785 laire
1108 3728 1287 3802 accepterles
1297 3727 1368 3783 offra

305 3815 425 3873 d’Helie.

338 3907 377 3976 (a)
395 3907 472 3961 Nous
485 3927 602 3981 croyons
616 3913 692 3966 avoir
704 3911 789 3966 etabli
803 3911 887 3965 d'une
899 3912 1022 3965 muniere
1036 3909 1238 3964 incontestable
1248 3906 1367 3983 qu’llelie

251 3997 259 4014 ’
306 3994 402 4049 n'etait
415 4014 462 4068 pas
473 3997 626 4054 seulement
638 4000 663 4055 le
672 4018 760 4055 neveu
771 4005 786 4054 a
798 4000 824 4054 la
838 4000 919 4055 mode
930 3999 966 4055 de
977 4000 1114 4073 Bretagne
1126 3996 1161 4050 de
1175 3997 1293 4070 Hugue,
1310 3993 1365 4049 malt

307 4102 406 4139 encore
419 4105 468 4142 son
485 4088 619 4160 petit-fils.
637 4090 757 4146 Orderic
770 4091 860 4163 paruit
874 4091 949 4144 avoir
963 4088 1178 4162 completement
1192 4087 1294 4161 ignore
1304 4092 1364 4140 cette

306 4177 423 4232 seconde
434 4181 562 4249 parasite,
577 4179 720 4252 beattconp
734 4180 795 4253 plus
810 4181 981 4254 rapprocltee
993 4198 1047 4252 que
1059 4180 1082 4234 la
1097 4178 1246 4251 premiere.
