2888 4934
184 477 393 556 [root-tosa]
551 472 666 533 LIBER
687 473 889 535 SEPTIMUS.
1194 478 1252 536 195

184 605 357 697 offendit,
371 605 431 678 sed
444 604 674 704 postmodum
688 607 724 677 in
739 608 852 706 majus
865 604 1122 693 crescentibus,
1141 623 1252 681 castra

182 751 246 799 aua
256 721 923 818 :BellummonternctFicdcnaicum(1
935 726 945 814 )
956 722 1117 822 reliquit,
1130 739 1255 797 etcum

183 867 300 917 more
318 867 398 924 aua,
417 838 656 939 omnibusque
672 843 742 912 suis
758 839 803 912 ad
819 856 994 926 castrum,
1014 839 1112 938 qnod
1129 842 1256 915 Sancta

183 960 515 1042 Susannavocatur,
525 957 738 1056 utpublicus
746 957 1122 1031 hostissecessit.lstud
1130 983 1258 1057 nempe

184 1075 444 1172 municipium,
471 1072 515 1145 ad
539 1072 637 1172 quod
660 1075 839 1173 confugit,
864 1098 972 1171 super
992 1072 1086 1147 Arva
1110 1072 1259 1147 fluvium

184 1194 295 1266 aitum
310 1209 380 1279 est,
394 1192 430 1263 in
441 1191 549 1264 ardua
565 1216 668 1289 rupe,
684 1193 721 1264 in
735 1190 894 1265 confinio
908 1190 1259 1264 Cenomaunensium

185 1326 224 1383 et
248 1308 558 1408 Andcgavensium
584 1310 652 1406 (a).
683 1309 773 1381 Illuc
798 1309 991 1380 militarem
1017 1334 1164 1380 manum
1191 1307 1257 1381 sibi

184 1426 367 1514 accersiit,
385 1442 421 1498 et
435 1425 671 1514 Normannis,
696 1427 756 1526 qui
777 1425 1109 1498 Cenomannensem
1127 1451 1258 1526 pagum

187 1545 300 1617 tutari
321 1542 559 1631 conabantur,
577 1542 705 1616 damna
721 1541 1010 1641 damnorumque
1027 1541 1260 1617 formidinem

188 1688 264 1736 uon
276 1661 436 1761 segniter
449 1662 585 1734 intulit.
600 1661 690 1732 Erat
700 1660 797 1734 errim
811 1659 999 1733 nobilitate
1012 1661 1141 1750 clarus,
1157 1686 1261 1735 aenou

187 1795 225 1852 ct
233 1777 416 1879 probitate
427 1779 643 1878 praecipuus,
662 1779 798 1878 ingenti
811 1779 944 1851 virtute
952 1795 988 1850 et
998 1777 1142 1852 audacia
1152 1779 1261 1852 servi·

187 1896 271 1985 dua,
292 1910 329 1969 ct
343 1895 478 1995 probis
494 1896 655 1995 insigniis
669 1896 777 1994 longe
794 1895 935 1995 lateque
949 1897 1116 1968 famosus.
1133 1895 1259 1968 Guato·

186 2011 249 2084 des
278 2029 399 2086 autem
425 2012 701 2084 Cenomannicae
729 2010 845 2098 urbis,
869 2027 906 2083 et
926 2012 1257 2109 circumjacentium

188 2129 407 2229 oppidorum
423 2127 708 2202 infestationibus
725 2127 876 2201 Hubcrti
889 2128 1097 2227 frequenter
1110 2128 1261 2203 lacessiti

513 2331 714 2338 -—----—.——
718 2331 809 2337 ..-—.—-
816 2330 944 2337 m-.
949 2331 959 2337 η

189 2455 311 2523 Hansel,
329 2457 378 2529 qui
398 2455 486 2528 figure
504 2454 640 2510 ci-‹lessus
661 2456 699 2527 (t.
720 2456 761 2521 ΙΙ,
782 2474 810 2527 p.
829 2456 907 2525 104),
930 2455 998 2509 e'tait
1017 2454 1090 2508 [rere
1107 2453 1142 2507 de
1160 2472 1191 2506 ce
1209 2454 1263 2507 aei·

191 2561 289 2615 gnenr,
308 2541 400 2616 plutot
413 2560 468 2616 que
481 2542 621 2598 d’Hubert
633 2541 668 2598 de
684 2541 752 2609 Ric,
772 2560 880 2596 comme
895 2559 965 2596 nous
980 2541 1082 2595 l'avons
1096 2542 1224 2613 suppose.
1239 2540 1262 2594 ΙΙ

190 2635 265 2688 emet
273 2634 346 2687 aussi
357 2632 490 2706 l'opinion
500 2650 555 2707 qne
564 2633 686 2689 Mairm'l
694 2634 837 2689 Rosrelz'ui
846 2631 908 2686 doit
919 2633 980 2686 dtre
992 2631 1017 2686 le
1027 2629 1263 2685 Mucii-Roumt

192 2720 282 2795 plntdt
296 2740 352 2797 quc
366 2722 392 2777 la
406 2722 516 2777 Trinitd
535 2720 575 2776 du
589 2722 686 2777 Mesnil
698 2721 838 2788 Joocelin,
852 2731 881 2775 et
892 2720 967 2775 enfin
980 2719 1050 2794 qu’il
1062 2719 1131 2774 u’est
1144 2737 1193 2791 pas
1206 2719 1260 2772 im·

192 2812 311 2885 potaiblr
323 2831 378 2887 que
395 2812 584 2867 Truuclretum
598 2814 652 2866 soit
664 2811 688 2865 le
701 2830 767 2865 nom
781 2809 816 2865 de
834 2812 994 2884 Touquette
1009 2809 1181 2882 (Tolcleetn)
1192 2807 1261 2862 de'fi-

194 2906 271 2975 gnrc.
285 2903 392 2975 Malgre
404 2912 482 2957 tonte
493 2912 574 2957 notre
586 2901 733 2955 de'sc'rence
746 2919 818 2973 pour
829 2899 869 2955 les
882 2901 938 2955 avis
951 2899 986 2954 de
1000 2909 1080 2954 notre
1091 2910 1185 2954 savant
1198 2916 1260 2953 eor-

192 2992 376 3065 reapondant,
406 3004 478 3047 cette
507 2990 636 3047 derniere
659 2990 820 3063 conjecture
848 3010 919 3046 nous
951 2989 1040 3063 parait
1063 2993 1181 3063 pouroir
1202 2991 1261 3045 &tre

191 3084 398 3149 controverade3
412 3083 480 3138 mais
496 3101 564 3138 nous
575 3094 721 3157 acceptura
731 3083 877 3156 beaucoup
892 3082 953 3156 plus
967 3081 1117 3137 volontiers
1130 3081 1198 3137 celle
1212 3083 1261 3156 qui

193 3188 326 3226 concerno
345 3172 371 3226 le
392 3173 645 3238 nesnit-nousset,
669 3176 741 3228 reste
759 3174 870 3247 jusqu'a
892 3173 916 3226 la
931 3171 1088 3228 revolution
1102 3173 1205 3227 soumis
1225 3190 1260 3225 au

192 3270 343 3333 ptr-onage
363 3261 399 3317 dc
411 3261 533 3333 i’abbaye
553 3262 589 3317 de
602 3251 819 3318 Saint-Evroult.
839 3263 919 3319 Cette
933 3264 1122 3318 circonatance
1135 3262 1262 3336 pourrait

192 3350 281 3406 dne
300 3350 446 3425 expliquer
464 3352 602 3426 ponrqnoi
623 3352 647 3407 la
670 3353 805 3424 paroisse,
828 3354 951 3427 quoique
972 3353 1061 3407 situee
1086 3369 1135 3405 aur
1154 3349 1180 3405 la
1203 3351 1261 3404 rive

188 3438 280 3496 ducite
292 3439 365 3494 dela
379 3442 591 3510 Charentonne,
606 3443 782 3514 appartenait
801 3461 837 3498 au
857 3441 967 3497 diocese
979 3441 1015 3496 de
1027 3441 1138 3496 Lirienx
1151 3458 1260 3494 comme

189 3528 312 3604 l'abbnyc
333 3531 504 3586 eilomdme.
523 3532 689 3605 Cependant
705 3552 742 3588 on
761 3533 876 3588 ocrivait
892 3549 927 3586 au
949 3540 1008 3585 rur
1029 3529 1110 3585 siecle
1131 3531 1259 3585 :Merui-

194 3618 257 3674 lt'wn
271 3619 372 3675 Rosset
383 3621 485 3695 (1290)
498 3631 526 3675 et
537 3622 701 3676 Mesnillum
715 3623 836 3678 Rousset
849 3620 966 3691 (1284),
981 3631 1010 3675 et
1023 3618 1071 3674 des
1083 3618 1210 3693 l'e'poqoe
1223 3618 1258 3674 de

193 3704 297 3765 Ruben
307 3708 343 3764 de
357 3710 512 3765 Leioeater:
529 3712 636 3766 Mesnil
647 3712 742 3766 Boset.

226 3797 632 3871 (1JBeaumont·le·Vicomte,
645 3811 674 3856 et
683 3801 959 3856 Freanaiour-Sarte.

228 3888 264 3959 (a)
275 3888 528 3958 Saintc-Suzanne,
540 3908 588 3945 sor
600 3891 626 3944 la
637 3892 736 3945 riridre
748 3890 862 3957 d’Erre,
873 3887 1110 3944 arrondiaoenrcnt
1121 3886 1156 3941 de
1167 3885 1256 3941 laval.

192 3973 271 4032 Cere
283 3978 361 4051 pbcc
373 3998 401 4033 se
415 3982 569 4054 componait
588 3981 656 4036 d’on
676 3981 806 4049 charran,
821 3980 889 4035 d'un
906 3979 1010 4051 donjon
1024 3981 1120 4052 separe
1131 3988 1161 4033 et
1173 3976 1257 4031 d’nne

191 4063 254 4121 ville
266 4066 339 4123 close
352 4068 388 4122 de
399 4070 553 4141 munides,
569 4082 652 4144 ayant
664 4071 716 4127 800
731 4070 881 4127 metuende
893 4069 1108 4126 circonserence.
1124 4068 1218 4140 Voyez
1231 4065 1257 4120 la

196 4158 284 4214 noooe
304 4177 353 4215 aur
371 4160 479 4228 Erron,
496 4179 545 4215 aon
565 4162 669 4233 abbaye
689 4171 717 4217 et
735 4181 777 4217 aea
798 4173 989 4230 monuments,
1005 4178 1055 4234 par
1067 4159 1106 4214 M.
1121 4154 1254 4220 Geranlt,

197 4251 257 4302 ‘ure‘
268 4249 305 4304 dn
319 4250 385 4304 lieu.
