2888 4934
186 321 247 384 304
462 320 648 382 HISTORIA
669 320 976 383 tccttsustlcs.
1149 328 1253 407 [tots]

185 455 287 531 color
300 456 395 529 visus
409 469 476 528 est·
500 453 592 527 Nom
619 455 657 527 in
678 456 821 529 sinistra
844 473 948 555 parte
970 457 1092 532 vultus
1107 460 1203 558 ejus,
1221 479 1254 535 ct

183 572 293 645 totius
308 571 489 670 corporis,
503 595 615 671 usque
636 569 679 643 ad
704 570 828 671 pedes,
845 574 969 649 niveus
990 573 1130 651 candor
1145 575 1253 675 adpa-

54 739 58 747 -
183 690 258 763 ruit
265 720 275 778 ;
300 704 486 789 totamque
506 687 692 763 dexteram
707 706 847 788 partem
866 691 1058 790 plumbeus
1074 693 1174 766 livor
1185 693 1252 769 ob-

185 807 293 895 texit,
324 821 360 879 ct
386 806 540 880 omnino
567 803 753 880 dexteram
778 804 1027 897 medietatem,
1058 823 1103 881 ut
1125 808 1251 887 albedo

182 924 385 1013 sinistram,
408 951 428 995 a
454 924 588 997 vertice
605 923 731 1022 cepitis
749 949 860 1023 usquc
888 923 932 998 ad
950 924 1057 1024 pedes
1080 927 1249 1003 obtinuit.

182 1041 373 1115 insolitum
386 1041 505 1141 itaque
522 1039 716 1116 discrimen
733 1043 915 1140 conspecti
930 1043 1064 1117 coloris
1078 1058 1250 1119 terrorem

183 1157 408 1232 intuentibus
427 1159 593 1248 incussit,
610 1175 646 1231 ct
663 1160 842 1233 inusitate
859 1160 911 1233 rei
934 1186 1077 1234 causam
1093 1161 1251 1238 studiosis

184 1273 458 1376 inquisitoribus
474 1273 519 1349 ad
537 1274 810 1374 exprimendam
826 1276 1063 1352 subtilitatem
1076 1280 1251 1380 perspica-

184 1392 299 1465 citatis
321 1419 395 1464 sum
418 1391 578 1492 ingessit.
605 1390 693 1465 lnde
718 1390 850 1466 diversi
867 1392 1006 1467 diversa
1030 1394 1173 1471 dixere.
1191 1395 1251 1470 Sed

185 1535 260 1584 non
286 1525 339 1582 est
366 1525 533 1583 nostrum
560 1507 643 1583 huic
668 1508 899 1611 breviloquio
919 1513 1060 1611 singula
1078 1513 1248 1602 inserere,

183 1651 266 1726 quse
283 1625 535 1724 multipliciter
549 1625 758 1726 eloquentes
771 1651 815 1698 ex
829 1626 1049 1701 abundantis
1067 1653 1193 1703 sensus
1205 1630 1250 1702 sui

184 1743 384 1844 protulere.
404 1742 559 1836 Quidum
573 1743 720 1845 quidem
731 1744 862 1818 leevsm
878 1761 916 1819 et
930 1743 1118 1820 dexteram
1133 1745 1180 1820 ud
1197 1773 1251 1821 sc·

185 1861 319 1934 tualem
336 1877 374 1934 et
388 1861 723 1960 contemplativam,
742 1863 800 1936 vel
820 1880 1035 1962 presentem
1050 1881 1088 1938 et
1100 1867 1250 1939 futuram

183 1980 298 2053 vitam
313 1980 542 2078 interpretati
555 1995 651 2052 sunt.
673 1979 746 2052 Alii
762 2006 851 2055 vero
865 1980 1072 2082 prodigium
1086 1981 1159 2057 boc
1171 2008 1251 2082 pre

182 2099 324 2197 sagium
338 2098 416 2171 sore
432 2098 639 2171 futurorum
657 2099 795 2196 opinati
809 2115 906 2171 sunt.

235 2214 470 2290 venerabiles
496 2214 660 2315 discipuli
688 2214 831 2316 glebam
860 2217 1020 2316 religiosi
1042 2216 1206 2293 doctoris
1219 2218 1249 2290 in

187 2332 346 2431 capitulo
374 2358 439 2408 suo
468 2348 679 2406 reverenter
703 2334 942 2432 sepelierunt,
976 2334 1077 2407 etin
1108 2331 1251 2408 candido

187 2449 327 2550 lapide,
355 2450 417 2551 qui
443 2449 647 2549 subpositus
673 2468 746 2542 cst,
775 2451 999 2551 epitaphium
1022 2452 1093 2525 boc
1111 2449 1252 2526 addide-

187 2582 289 2641 runt.

293 2723 352 2778 Hac
364 2723 470 2797 tegitur
481 2721 579 2777 tumba
590 2721 681 2777 bonus
692 2732 720 2776 et
733 2720 898 2776 venerabilis
909 2721 979 2776 abba
989 2765 994 2775 .

328 2812 492 2882 Bumodus,
509 2813 597 2867 nostrl
614 2830 713 2867 norma
728 2813 899 2867 monasterii.

290 2901 336 2958 Ad
348 2902 462 2958 Domini
475 2902 602 2970 laudem,
616 2912 778 2976 presentent
789 2901 917 2957 condidit
927 2900 1026 2969 sedem,

329 2993 392 3063 Qua
404 2992 457 3048 sibi
470 2993 624 3066 propitium
638 2992 777 3048 credimus
788 3011 846 3048 esse
860 2993 960 3046 Deum.

293 3081 367 3136 Luce
380 3082 432 3136 sub
445 3082 555 3137 undena
567 3082 672 3150 februi,
688 3081 826 3137 resolutus
837 3082 947 3136 habens

328 3174 443 3240 Carnis,
457 3172 493 3228 sd
503 3172 667 3245 Angelicsm
680 3172 814 3247 dirigitur
825 3173 954 3246 patriam.

186 3315 335 3415 Sepulto
346 3331 502 3413 pastore,
513 3303 750 3386 Troarnensis
760 3338 848 3413 grex
862 3310 1070 3400 Arnulsum,
1084 3310 1250 3410 Sagicnsis

187 3434 395 3508 monasterii
413 3432 588 3531 priorem,
608 3432 728 3531 eligit,
747 3458 788 3503 ac
802 3447 841 3501 ut
853 3430 919 3501 sibi
933 3444 1249 3529 praeponeremus

189 3551 389 3626 rectoribus
411 3549 673 3639 ecclesiasticis,
694 3576 734 3622 ac
752 3545 976 3647 principibus
1000 3546 1071 3616 suis
1095 3543 1247 3644 expetiit.

188 3667 263 3739 lllis
279 3683 399 3739 autem
417 3663 772 3765 congratulantibus,
792 3680 828 3737 et
844 3661 1002 3737 libenter
1015 3661 1116 3761 quod
1130 3676 1250 3760 postn-
1294 3726 1297 3736 ,

189 3783 314 3857 labant
330 3783 590 3870 annuentibus,
612 3781 783 3854 Arnulsus
797 3781 1080 3854 Troarnensium
1100 3780 1249 3880 regimen

190 3900 362 3997 suscepit,
387 3898 485 3999 quod
507 3901 582 3972 lere
598 3924 676 3971 xxn
697 3899 800 3970 annis
823 3897 975 3969 solerter
992 3894 1111 3968 tenuit
1128 3896 1248 3992 (r),et

228 4125 266 4193 lt)
283 4126 442 4181 1088-1112.
