2888 4934
191 422 299 497 [1090]
563 414 679 475 nunu
701 413 887 474 ocrnvos.
1201 418 1256 476 ssi

189 554 346 653 aliasque
374 550 592 622 munitiones
621 548 840 647 possidebat3
865 564 901 620 et
928 548 1119 646 Hugonem
1147 549 1263 621 comi-

189 691 265 748 tem
280 672 352 769 (1),
374 687 410 744 et
426 666 621 742 Ricardum
636 666 680 740 de
698 666 883 739 Radveriis
901 669 976 764 (α),
996 666 1154 765 aliosque
1170 666 1263 740 Con·
1340 742 1344 747 ,

187 789 454 876 stantinienses,
470 802 605 884 praeter
619 783 845 856 Rodbertum
862 782 906 857 de
919 784 1101 858 Molbraio
1117 786 1186 884 (ὅ),
1203 811 1262 858 se-

188 933 273 979 cum
307 903 477 993 habehat,
511 920 547 976 et
589 904 748 976 collectis
779 900 937 1004 undique
977 901 1114 975 viribus
1156 930 1263 1003 prece

166 1024 398 1125 pretioque,
415 1020 576 1123 quotidie
594 1020 787 1094 crescebat.
815 1023 886 1094 Tot
911 1020 1069 1120 pestibus
1087 1022 1262 1121 inquieta·

188 1140 298 1213 batur
326 1139 513 1229 Neustria,
535 1155 571 1210 et
600 1136 757 1210 caedibus
787 1165 828 1209 ac
855 1137 1008 1209 llammis
1034 1137 1261 1211 hominesne

186 1258 285 1330 vicos
299 1273 335 1328 et
352 1281 447 1330 casas
464 1254 626 1328 tradebat
645 1254 854 1354 gehennalis
868 1254 974 1325 suria.

238 1373 301 1448 Vis
318 1372 461 1472 Anglici
479 1375 574 1472 regis
591 1398 683 1471 pene
704 1398 769 1470 per
786 1388 898 1444 totam
913 1371 1174 1444 Nonnanniam
1195 1371 1263 1444 dis·

186 1491 378 1581 currebat,
399 1507 434 1564 et
459 1490 716 1563 Normannicis
743 1489 978 1588 optimatibus
1003 1490 1034 1562 ei
1061 1489 1263 1563 laveritibus

187 1625 341 1707 propter
356 1611 430 1706 ejus
446 1608 655 1705 pecuniam,
675 1624 817 1680 rectore
834 1605 1028 1680 desolatam
1044 1606 1110 1679 sibi
1129 1609 1264 1680 manci-
1343 1676 1347 1683 e

186 1725 297 1824 pabat
312 1727 555 1799 Provinciam.
576 1725 677 1798 Cives
694 1725 802 1797 etiam
821 1726 1034 1825 Rotomagi,
1054 1726 1161 1825 regiis
1177 1753 1262 1798 mu-

188 1842 335 1917 neribus
367 1860 403 1916 et
437 1845 620 1943 promissis
653 1845 785 1931 illecti,
817 1842 862 1915 de
891 1843 1066 1917 mutando
1097 1845 1262 1943 principe

187 1978 457 2052 tractaverunt,
493 1990 533 2035 ac
566 1979 607 2034 ut
639 1962 874 2035 Normanniae
909 1962 1143 2060 metropolim
1179 1989 1261 2036 cum

185 2082 417 2155 somnolento
425 2079 514 2153 duce
530 2081 607 2179 regi
617 2078 829 2178 proderent,
845 2080 1023 2152 consiliati
1037 2097 1135 2151 sunt.
1148 2080 1262 2178 Hujus

185 2199 361 2270 nimirum
377 2198 543 2270 factionis
557 2196 725 2270 incentor
739 2196 925 2286 Conanus,
945 2195 1137 2269 Gisleberti
1155 2197 1259 2269 Pilati

184 2312 297 2399 lilius,
321 2329 416 2402 erat,
436 2316 499 2412 qui
514 2315 610 2385 inter
627 2314 738 2397 circs,
760 2329 885 2409 utpote
902 2312 1096 2385 ditissimus
1112 2339 1237 2387 eorum
1247 2368 1257 2403 ,

218 2599 258 2668 (1)
271 2598 387 2670 lingue,
403 2610 494 2653 comte
507 2597 543 2652 de
555 2598 684 2665 Chester,
698 2599 819 2651 vicomte
833 2597 1032 2652 d’nvranches.

216 2686 257 2757 (α)
277 2686 403 2741 Richard
415 2687 450 2742 dc
466 2687 580 2742 Reviers
592 2688 672 2760 (pres
687 2686 825 2759 Creulli),
841 2686 883 2740 lils
896 2686 931 2740 de
944 2685 1105 2754 Bandouin,
1120 2688 1259 2759 souscrip·

182 2786 250 2831 teur
258 2775 293 2832 de
304 2776 330 2831 la
340 2777 436 2832 charte
446 2777 481 2833 de
491 2776 811 2849 l'Abbaye·aux·Dames
822 2796 857 2831 en
871 2776 952 2845 1082,
963 2776 1138 2845 descendait,
1151 2777 1259 2844 dit-on,

181 2863 342 2921 ‹l’Osmond
361 2866 396 2921 de
415 2866 578 2932 Centvilles,
600 2868 719 2921 vicomte
737 2865 773 2920 de
787 2867 919 2934 Vernon,
938 2877 968 2920 et
985 2865 1070 2919 d’une
1088 2867 1166 2920 nisce
1183 2865 1218 2921 de
1235 2867 1259 2921 la

182 2956 320 3011 duchesse
333 2949 468 3023 Goun0r3
485 2959 554 3011 mais
570 2967 643 3012 cette
661 2957 771 3031 origine
784 2967 825 3011 est
839 2958 896 3010 tres
910 2956 1132 3029 problematiquc
1147 2975 1219 3030 pour
1235 2956 1260 3011 la

181 3046 260 3121 ligne
283 3047 445 3103 masculine.
473 3049 523 3103 les
545 3048 696 3103 chitelaius
720 3047 755 3102 de
780 3048 898 3104 Vernon
923 3066 959 3102 ne
981 3047 1159 3120 s’appelaient
1180 3048 1261 3121 point

182 3136 328 3206 Osmond,
342 3139 412 3192 mais
424 3139 527 3211 Hugue
540 3149 569 3192 et
582 3138 760 3207 Guillaume,
775 3150 804 3193 et
816 3157 848 3194 ce
861 3137 974 3193 dernier
987 3141 1117 3193 surrecut
1128 3140 1143 3191 a
1156 3139 1180 3192 la
1192 3156 1260 3193 con·
1363 3174 1364 3179 =
1391 3127 1395 3133 ⁵

181 3226 267 3299 quote
284 3225 487 3300 d’Angleterrc.
507 3229 632 3298 Quanta
649 3226 674 3282 la
693 3227 768 3302 ligne
784 3228 933 3295 feminine,
955 3227 974 3281 il
991 3246 1009 3298 y
1025 3248 1040 3281 a
1055 3227 1117 3300 plus
1134 3226 1169 3282 de
1187 3228 1260 3281 vrai-

182 3315 353 3384 semblance‚
368 3329 396 3372 ct
407 3336 438 3372 ce
451 3318 502 3372 fait
514 3330 556 3372 est
568 3317 701 3372 consume
713 3338 764 3392 par
777 3337 832 3372 une
844 3317 980 3372 tradition
990 3318 1142 3394 consignes
1154 3316 1224 3370 dans
1235 3317 1260 3370 lc

182 3406 332 3462 cartulaire
344 3407 392 3462 des
406 3411 513 3464 moines
526 3408 562 3463 de
575 3409 754 3465 Carisbrook.
772 3410 887 3481 D’apres
904 3427 935 3463 ce
952 3408 1117 3474 document,
1135 3406 1259 3461 Richard

183 3494 219 3551 de
231 3494 347 3551 Reviers
364 3499 454 3553 aurait
468 3502 512 3553 ete
528 3519 613 3554 neven
631 3499 666 3554 de
681 3499 844 3555 Guillaume
858 3497 1081 3565 Fitz-Osberne,
1100 3515 1187 3551 neveu
1204 3497 1259 3550 lui-

184 3587 275 3642 meme
295 3587 330 3642 de
351 3587 376 3641 la
400 3587 537 3646 duchesne
561 3592 691 3646 Gonnor.
718 3590 846 3646 Osberne
869 3589 905 3643 de
928 3589 1040 3661 Crepon
1061 3607 1079 3660 y
1098 3597 1140 3642 est
1162 3587 1260 3660 appele

183 3674 312 3732 Otberne
324 3677 360 3732 de
376 3679 581 3746 Centumuillis,
599 3698 697 3754 oeque
710 3681 749 3734 M.
763 3679 907 3752 Stapleton
920 3679 992 3733 croit
1006 3677 1124 3750 pouvoir
1139 3676 1260 3750 prendre

181 3781 255 3836 pont·
275 3784 314 3820 un
335 3769 492 3840 equivalent
513 3768 549 3823 de
569 3768 760 3841 Longneville,
782 3786 848 3822 nom
868 3767 993 3841 primitis
1006 3765 1045 3820 du
1064 3766 1206 3821 territoirc
1225 3765 1260 3820 dc

183 3852 311 3908 Vernou.
332 3856 478 3912 Prot-etro
498 3876 599 3913 encore
619 3859 734 3913 etan-ce
755 3857 882 3921 Adelise,
902 3856 1005 3911 semme
1023 3854 1058 3910 de
1078 3854 1204 3910 Richard
1225 3855 1260 3908 de

183 3940 313 4011 Retices,
329 3947 377 4018 qni
392 3965 457 4000 aura
471 3950 514 4002 e'te
528 3947 583 4003 lille
594 3959 624 4002 et
636 3948 770 4003 heritiere
781 3948 829 4002 des
841 3948 985 4021 seigneurs
997 3946 1032 4001 de
1044 3947 1171 4005 Vcruon.
1186 3947 1260 4003 C’est

185 4051 293 4087 comune
307 4035 444 4090 clrdtclain
462 4036 496 4092 de
509 4038 624 4107 ‚Nehom
644 4038 814 4112 qu'Orderic
828 4037 906 4095 Vitat
924 4056 1010 4111 range
1028 4037 1152 4093 Richard
1170 4038 1258 4110 parmi

185 4122 225 4178 les
240 4124 380 4180 habitante
394 4127 433 4181 dn
447 4130 589 4184 Cotentin.

220 4210 259 4283 (5)
275 4212 382 4270 liobert
395 4215 430 4271 dc
445 4219 587 4286 Monbrai‚
605 4238 691 4275 neren
704 4219 738 4273 de
752 4218 891 4287 Geoflioi,
906 4219 1009 4292 oreque
1023 4218 1057 4273 de
1070 4221 1233 4273 Contauccs.
