2888 4934
188 403 294 482 [ioco]
561 401 884 464 araaaocravus.
1191 406 1253 465 aaa

191 558 334 634 semper
348 533 461 608 fidelis
473 535 611 624 extitit,
629 550 666 607 et
686 536 912 634 inquantum
930 537 1049 634 potuit
1070 536 1259 610 truculen-

191 666 266 726 tam
283 652 608 727 recalcitrationem
624 651 804 743 dissuasit3
825 654 1023 751 pertinaces
1041 679 1128 727 vero
1147 655 1260 728 inter-

189 767 301 862 dixit,
325 768 520 868 pontificali
535 772 617 869 jure
633 769 961 857 anathematizavit,
982 787 1018 844 et
1034 798 1052 842 a
1072 770 1258 843 liminibus

188 900 324 959 sanctae
344 886 468 959 matris
484 886 653 959 Ecclesiae
675 887 920 987 sequestravit.
946 886 1174 985 Quapropter
1197 911 1260 959 re-

184 999 360 1076 bellionis
384 1004 585 1076 incentores
606 1019 732 1076 contra
754 1029 837 1076 eum
858 1006 965 1077 nimis
989 1004 1070 1077 irati
1094 1020 1197 1092 sunt,
1226 1019 1261 1075 et

183 1116 334 1218 injuriis
356 1144 437 1191 eum
457 1121 595 1194 afficere
617 1120 830 1193 terribiliter
847 1121 1055 1194 comminati
1077 1136 1175 1193 suut.
1194 1120 1260 1192 ln-

184 1252 292 1310 terea
305 1234 392 1309 dum
412 1262 477 1336 per
495 1236 678 1312 dioecesim
694 1263 794 1312 suam
811 1265 893 1312 cum
911 1239 1049 1312 clericis
1067 1240 1138 1310 suis
1157 1239 1261 1337 equi-

181 1371 305 1443 taret,
326 1370 362 1426 et
376 1355 566 1452 episcopali
580 1379 683 1429 more
696 1356 852 1429 officium
863 1381 969 1428 suum
982 1356 1151 1428 sollerter
1163 1380 1263 1427 exer-

181 1485 311 1558 ceret,
342 1470 460 1542 Helias
486 1469 530 1543 de
556 1470 698 1544 Flechia
724 1497 808 1544 eum
836 1469 1127 1569 comprehendit,
1158 1488 1194 1543 et
1225 1471 1259 1542 in

183 1610 336 1660 carcere
356 1584 471 1659 donec
495 1588 600 1686 Hugo
626 1588 662 1658 in
688 1585 776 1659 urbe
797 1586 1060 1660 Cenomannica
1081 1601 1262 1684 susceptus

183 1703 331 1790 suisset,
348 1702 509 1775 vinctum
523 1702 714 1801 praesulem
729 1704 857 1776 tenuit..
876 1703 992 1776 Porro
1015 1701 1157 1774 ecclesia
1175 1699 1261 1773 dicti

188 1818 376 1917 pontificis
391 1846 463 1892 suae
477 1820 658 1893 afflictioni
678 1820 879 1910 condoluit,
896 1820 1114 1920 Dominique
1127 1835 1263 1892 satietas

189 1935 366 2035 imagines
384 1962 466 2008 cum
484 1937 668 2027 crucibus,
684 1953 720 2009 et
733 1954 939 2009 sanctarum
954 1936 1083 2010 scrinia
1097 1936 1264 2036 reliquia·

191 2074 279 2122 rum
296 2048 341 2121 ad
358 2065 492 2123 terram
509 2050 691 2151 deposuit,
715 2069 752 2126 et
772 2069 894 2151 portas
910 2051 1137 2123 basilicarum
1153 2051 1263 2147 spinis

193 2165 398 2257 obturavit,
414 2186 484 2241 eta
504 2171 674 2270 clangore
689 2170 896 2269 signorum,
915 2168 1120 2268 celebrique
1135 2182 1260 2255 cantu,

192 2284 379 2385 solitisque
398 2287 613 2377 sollemniis,
638 2303 678 2359 ut
700 2285 805 2359 vidua
822 2311 1003 2376 moerens,
1024 2284 1190 2375 cessavit,
1208 2285 1264 2356 la-

195 2403 397 2502 crymisque
412 2405 564 2496 vacavit.

245 2519 489 2610 cenomanni,
504 2537 695 2622 postquam
710 2548 845 2596 novum
861 2522 1030 2595 comitem
1049 2546 1152 2593 suum
1168 2518 1265 2590 divi-

198 2636 257 2711 tiis
284 2653 320 2711 et
342 2665 445 2713 sensu
471 2667 512 2712 ac
541 2642 675 2714 virtute
710 2642 855 2740 inopem
888 2665 961 2714 esse
991 2652 1262 2738 cognoverunt,

196 2751 443 2852 imprudentes
453 2757 535 2828 sacti
550 2757 601 2828 sui
616 2758 835 2856 poenitentes
841 2810 852 2844 ,
869 2780 952 2827 eum
964 2755 1056 2826 sicut
1064 2750 1263 2825 Sichimitae

198 2867 410 2943 Ahimelech
438 2872 493 2968 (1)
523 2870 775 2971 despicabilem
804 2887 841 2944 ct
870 2896 1018 2944 exosum
1044 2867 1261 2942 habuerunt.

197 2985 410 3085 lmprudens
430 2990 526 3061 enim
549 3005 585 3061 ct
611 2991 758 3089 ignavus
780 3017 820 3062 ac
847 2987 945 3061 deses
965 3005 1061 3075 erat,
1087 3002 1265 3085 tantaeque

196 3100 380 3203 dignitatis
397 3104 551 3178 habenas
569 3105 748 3179 moderari
767 3104 959 3180 nesciebat.
978 3105 1046 3178 llic
1063 3104 1172 3176 filiam
1191 3103 1266 3176 Ro-

196 3215 289 3294 berti
303 3221 485 3295 Wiscardi
497 3225 550 3321 (a)
562 3226 752 3325 conjugem
763 3222 901 3311 habuit,
917 3223 976 3297 sed
990 3248 1172 3324 generosae
1184 3247 1268 3294 con·

189 3336 285 3439 jugis
306 3341 637 3439 magnanimitatem
659 3341 716 3414 vir
741 3343 889 3442 ignavus
910 3344 1005 3416 ferre
1025 3367 1100 3414 non
1122 3339 1263 3425 valens,

194 3451 308 3551 ipsam
333 3453 545 3552 repudiavit.
573 3458 645 3530 Pro
671 3484 739 3558 qua
766 3484 807 3530 re
831 3458 924 3555 Papa
952 3455 1121 3529 Urbanus
1147 3453 1266 3552 palam

192 3591 276 3641 eum
300 3574 637 3665 excommunicavit.
657 3573 789 3646 Omnes
809 3571 1024 3670 Allobroges
1045 3573 1161 3668 ipsum
1180 3593 1263 3641 exe-

190 3685 283 3757 crati
310 3672 412 3773 sunt,
440 3702 475 3756 et
500 3688 643 3761 inventa
670 3691 855 3762 occasione
877 3685 1056 3760 ferocibus
1080 3684 1266 3783 Cisalpinis

186 3819 379 3875 extorrem
392 3805 674 3877 destinaverunt.
691 3807 825 3880 Inscius
839 3809 934 3879 inter
951 3787 1102 3905 gnaros,
1121 3819 1157 3875 et
1174 3801 1286 3879 timi.

224 4094 268 4164 (r)
282 4092 386 4160 ludin,
405 4113 440 4148 rx.

228 4183 269 4252 (a)
282 4181 322 4237 Ce
337 4185 458 4258 mariage
471 4187 544 4242 avait
557 4205 592 4241 cu
606 4186 661 4242 lieu
673 4205 708 4242 en
726 4203 800 4261 ¹⁰77·
