2888 4934
171 384 283 464 [toas]
544 380 662 441 maen
682 377 870 441 octavus.
1182 379 1248 448 291·

171 515 372 604 rebantur,
417 531 457 586 ut
499 515 633 587 mutuis
678 512 905 588 conllictibus
944 513 1108 588 finitimae
1147 518 1245 593 sedes

168 634 503 734 frequentarentur,
527 648 564 703 et
580 632 789 729 rapacitates
810 658 893 703 cum
915 632 1088 706 incendiis
1112 636 1247 710 irreve-

170 751 270 825 renti
288 765 421 824 conatu
436 751 671 849 agitarentur.
691 748 859 821 Graviter
876 749 944 822 hoc
967 752 1076 823 sentit
1099 769 1136 825 et
1156 754 1246 828 mihi

169 885 361 943 attestatur
376 868 589 967 depopulata
612 869 732 967 regio,
751 883 788 941 et
811 893 956 967 gemens
971 866 1163 944 viduarum
1180 873 1247 947 de-

169 985 394 1088 biliumque,
413 984 579 1084 pluribus
596 1011 762 1084 oppressa
783 986 904 1076 malis,
926 987 1066 1061 concio.
1094 990 1152 1063 Sic
1178 1019 1245 1091 per

169 1101 342 1177 desidiam
356 1102 473 1202 ignavi
492 1101 591 1174 ducis
609 1102 645 1173 iu
662 1100 763 1175 brevi
781 1099 965 1200 disperiit,
978 1120 1015 1175 et
1028 1104 1065 1176 in
1078 1133 1246 1207 maguam

167 1236 362 1322 egestatem
377 1247 417 1292 ac
430 1217 743 1317 perturbationem
760 1218 982 1321 dedecusque
1000 1223 1128 1297 cecidit
1144 1227 1247 1326 quid·

172 1337 262 1439 quid
278 1362 345 1437 per
363 1338 587 1410 vivacitatem
605 1336 834 1437 studiumque
857 1339 997 1412 solertis
1020 1339 1095 1414 heri
1112 1359 1148 1415 et
1165 1346 1246 1417 lau-

171 1472 294 1530 torum
316 1457 391 1556 ejus
406 1470 526 1526 actum
550 1469 621 1543 est,
642 1455 823 1555 longoque
842 1472 1007 1554 tempore
1026 1459 1062 1530 in
1081 1458 1246 1533 Neustria

170 1588 412 1674 propagatum
428 1588 493 1644 est.

217 1693 262 1765 ln
274 1707 410 1780 testate,
422 1707 611 1792 postquam
620 1706 738 1763 certus
748 1717 877 1764 rumor
886 1689 930 1764 de
940 1693 1249 1795 Rolfensis(1)de-

170 1809 310 1885 ditione
319 1810 409 1884 eitra
423 1835 523 1884 mare
536 1810 737 1909 personuit,
754 1811 930 1881 Henricus
945 1810 1053 1902 Clito,
1070 1811 1247 1886 Constan-

171 1928 334 2002 tinieusis
353 1953 493 2016 comcs,
513 1928 549 2000 in
570 1927 738 2027 Angliam
757 1928 1020 2016 transfretavit,
1040 1945 1077 2001 et
1098 1956 1117 2002 a
1137 1932 1248 2004 fratre

169 2069 235 2119 auo
252 2060 389 2117 terram
404 2045 529 2116 matris
548 2068 620 2116 suae
638 2042 838 2142 requisivit.
858 2043 934 2115 Rex
951 2060 1072 2117 autem
1090 2044 1248 2120 Guillel-

169 2188 250 2235 mus
268 2160 477 2261 benigniter
501 2186 584 2234 eum
592 2216 603 2250 ,
624 2177 665 2232 ut
682 2158 802 2234 decuit
825 2159 995 2249 tratrem,
1019 2164 1190 2262 suscepit,
1211 2180 1248 2239 et

169 2277 269 2381 quod
293 2294 435 2377 poterat
453 2279 509 2377 (2)
526 2277 898 2352 fraterne-concessit.
924 2278 1063 2352 Deinde
1092 2281 1248 2379 peractis

168 2420 238 2499 pro
256 2394 388 2497 quibus
413 2396 521 2480 ierat,
547 2395 587 2468 in
605 2411 780 2469 autumno
805 2396 883 2494 regi
905 2396 1088 2487 valefecit,
1107 2413 1145 2470 et
1164 2425 1247 2472 cum

167 2512 358 2591 Radberto
368 2515 597 2602 belesmensi,
611 2513 672 2614 qui
682 2515 755 2612 jam
768 2539 835 2612 per
844 2513 978 2587 amicos
987 2530 1152 2612 potentes
1164 2543 1247 2588 cum

166 2656 253 2735 rege
269 2632 473 2733 pacificatus
490 2648 588 2721 erat,
607 2632 643 2703 in
663 2631 927 2704 Novmanoiam
944 2655 1105 2704 remeare
1122 2629 1248 2731 dispo-

166 2751 252 2823 suit.
285 2752 425 2823 Interea
449 2747 597 2849 quidam
624 2747 785 2820 malivoli
813 2746 1002 2820 discordiae
1027 2763 1161 2821 satores
1188 2774 1249 2822 eos
1306 2820 1311 2829 ,

166 2867 474 2966 anticipaverunt,
498 2880 534 2939 et
552 2866 637 2939 salsa
659 2867 756 2937 veris
779 2865 1037 2955 immiscentes,
1060 2865 1247 2940 Rodberto

166 2981 249 3058 duci
281 2980 587 3057 denuntiaverunt
615 2978 712 3081 quod
737 2981 913 3054 Henricus
940 2980 1053 3054 irater
1083 3007 1183 3073 suus,
1211 2997 1249 3056 et

168 3099 374 3177 Radbertus
387 3101 621 3173 Belesmensis
630 3125 713 3172 cum
728 3123 812 3198 rege
827 3100 919 3171 Ruso
930 3113 1048 3172 esseut
1057 3099 1246 3198 pacificati,

168 3214 282 3290 acad
315 3215 414 3288 ducis
439 3215 614 3288 damnum
648 3215 861 3287 sacramenti
892 3215 1002 3286 etiam
1025 3214 1248 3316 obligatione

168 3332 419 3409 eonloederati.
436 3334 517 3406 Dux
535 3333 659 3433 igitur,
682 3332 764 3405 illos
781 3348 947 3431 potentes
972 3359 1013 3433 ac
1034 3333 1247 3406 fortissimos

168 3453 303 3527 milites
319 3453 451 3541 sciens,
470 3477 669 3552 eorumque
688 3468 837 3524 conatus
853 3451 957 3524 valde
968 3449 1244 3549 pertimescens,

171 3594 252 3643 cum
278 3569 464 3668 Bajocensi
492 3569 661 3666 episcopo
680 3567 873 3640 consilium
900 3566 1001 3654 iniit,
1026 3581 1063 3638 et
1079 3566 1247 3664 praelatos

169 3688 360 3786 optimates
372 3687 652 3785 praeoccupavit.
673 3685 786 3773 Nam,
806 3700 1001 3783 antequam
1014 3683 1151 3782 aliquid
1164 3710 1245 3757 mo·

170 3803 341 3892 lit-entur,
357 3831 440 3876 cum
454 3806 568 3877 securi
583 3802 627 3875 ad
642 3804 742 3875 littus
753 3802 863 3873 maris
876 3800 920 3874 de
936 3798 1088 3873 navibus
1098 3800 1246 3901 egrede-

169 3937 313 4011 rentur,
323 3920 439 3993 valida
450 3921 607 3993 militum
616 3917 939 4004 manumissa,illos
950 3916 1238 4017 comprehendit,

202 4113 378 4184 (1)Ajoutez
393 4137 398 4167 :
414 4115 517 4186 oppidi.

205 4205 245 4274 (a)
260 4202 337 4257 Linea
353 4226 358 4256 :
372 4206 516 4274 petiverat.
