2888 4934
248 328 310 393 214
527 328 712 390 HISTORIA
733 327 1039 391 ECCLESIASTICA.
1215 332 1314 412 [lm]

249 463 411 565 reliquiis
429 461 496 535 sibi
517 462 747 562 peculiariter
764 463 984 553 retinerent,
1006 466 1269 563 asseruerunt(
1288 467 1316 564 ).

249 576 469 656 Romoaldus
492 577 581 654 duos
603 579 648 654 de
671 579 839 655 dentibus
858 595 895 655 et
917 578 962 655 de
977 582 1127 657 minutis
1144 581 1318 669 articulis,

250 725 341 801 quos
362 700 522 773 occultos
545 698 738 785 habuerat,
762 700 1013 773 manifestavit.
1037 699 1096 774 Sic
1118 724 1247 774 omnes
1265 701 1321 773 alii

249 814 463 918 particulas,
483 842 570 916 quas
595 816 663 888 sibi
687 816 780 890 clam
799 832 1084 919 sequestrarant,
1104 817 1321 906 attulerunt,

250 949 288 1008 et
317 934 457 1008 caeteris
489 932 637 1006 artubus
669 935 918 1008 restituerunt.
954 935 1118 1036 Denique
1152 960 1325 1034 prospero

249 1067 361 1127 rento
388 1049 522 1140 flante,
555 1053 739 1154 latumque
768 1053 898 1127 carinis
925 1078 1054 1152 aequor
1081 1052 1304 1127 sulcantibus
1313 1106 1324 1143 ,

251 1169 388 1271 Disigio
406 1169 476 1269 (a),
495 1169 559 1242 uni
574 1187 781 1261 nautarum,
801 1171 836 1244 in
855 1171 989 1244 somnis
1001 1187 1144 1245 sanctus
1159 1170 1328 1246 Nieolaus
1362 1201 1428 1247 a

251 1289 438 1389 apparuit,
458 1290 696 1380 confortavit,
719 1304 755 1362 et
774 1287 873 1389 quod
894 1290 1068 1389 vigesimo
1088 1289 1169 1383 die,
1192 1314 1238 1363 ex
1256 1314 1431 1391 quo«)

253 1431 385 1508 corpus
416 1408 490 1506 ejus
515 1405 755 1496 abstulerant,
784 1408 960 1480 Barinum
981 1424 1128 1506 portum
1158 1408 1432 1482 inmaturiii

254 1542 388 1614 essent,
414 1523 597 1626 praedixit.
624 1525 690 1599 llle
714 1526 830 1598 visum
852 1526 956 1600 sociis
979 1525 1161 1616 narravit,
1187 1540 1226 1599 et
1250 1525 1433 1625 ipsias

254 1642 340 1718 inde
357 1670 487 1745 magna
504 1643 723 1718 confidentia
743 1643 896 1717 inhaesit.

304 1759 456 1835 Avicula
473 1760 641 1864 quaedam
657 1786 702 1835 ex
724 1761 921 1860 improviso
942 1761 1057 1833 nautis
1077 1762 1113 1833 in
1132 1761 1216 1834 nari
1237 1759 1426 1834 voli-—

256 1894 336 1951 tans
358 1879 546 1977 apparuit,
576 1903 707 1978 eosque
729 1877 908 1978 frequenti
936 1874 1094 1950 adventu
1119 1901 1186 1950 suo
1209 1875 1418 1949 laetifi—

257 1996 351 2068 cavit
381 1997 450 2096 (3).
481 1995 584 2094 Saepe
613 1997 721 2068 etiam
751 1993 903 2069 odorem
933 1994 1181 2066 suavissimum
1212 2010 1409 2067 naut·

256 2112 481 2201 sentiebant,
514 2112 663 2212 aliisque
693 2110 962 2185 delectabilibus
996 2109 1136 2184 indiciis
1166 2109 1343 2187 roborat·
1387 2111 1399 2181 i

258 2227 481 2328 gaudebant,
500 2246 537 2302 et
554 2230 628 2302 laeti
645 2227 690 2302 ad
707 2256 767 2302 sua
785 2229 907 2303 littora
925 2227 1287 2329 appropinquabant.

308 2347 471 2420 Ducente
498 2347 598 2438 Deo,
624 2345 669 2423 ad
696 2363 846 2445 portum
867 2348 981 2421 sancti
999 2345 1146 2447 Georgii
1176 2346 1257 2446 (4),
1276 2344 1372 2448 qui

298 2616 339 2688 (a)
356 2615 438 2672 Cette
458 2615 612 2671 resolution
632 2615 676 2670 lut
692 2615 767 2686 prise
787 2631 822 2668 au
842 2613 940 2668 tuilieu
958 2611 1042 2668 d’une
1063 2612 1188 2686 tempato
1206 2628 1267 2687 que
1285 2612 1340 2668 l’ou

262 2705 379 2781 regardo
392 2725 501 2763 comme
519 2726 559 2761 un
573 2707 652 2780 signe
664 2704 699 2759 de
712 2704 738 2759 la
756 2703 847 2760 colere
857 2703 892 2759 de
905 2703 980 2759 saint
992 2702 1104 2760 Nicoln
1115 2703 1294 2761 ll’ooeatiou
1306 2702 1334 2758 de

263 2797 494 2872 l'eparpillement
504 2796 540 2852 de
553 2814 594 2851 ses
605 2795 733 2870 reliques.

298 2890 339 2958 (a)
353 2889 467 2944 Reatillo
479 2886 605 2960 l’appelle
617 2887 733 2958 Desigio
750 2884 782 2939 di
792 2884 920 2940 Alberlo.

298 2976 337 3052 (5)
348 2980 398 3033 Lea
408 2993 560 3050 voyagenrs
573 2976 682 3048 prirent
695 2975 720 3029 la
733 2975 812 3030 visite
824 2973 859 3029 de
870 2984 915 3028 eet
927 2974 1021 3028 oiseau
1029 2990 1101 3046 pour
1110 2990 1167 3028 une
1181 2972 1334 3048 appar-ilion

265 3066 301 3123 de
314 3067 388 3121 salut
400 3062 520 3119 Nicolas.

300 3160 339 3232 (4)
354 3157 440 3212 Porto
459 3156 519 3210 San
542 3151 671 3226 Giorgio,
687 3151 866 3223 aujourd'hui
880 3153 953 3226 vigie
966 3169 1030 3206 arec
1042 3149 1195 3224 mouillage
1206 3167 1283 3224 pour
1294 3149 1338 3206 des

265 3251 417 3308 bltimeuts
430 3247 466 3303 de
485 3262 622 3318 mayenne
638 3242 786 3316 grandeur,
801 3247 815 3297 a
830 3262 845 3317 7
858 3243 1019 3297 kilometres
1032 3243 1148 3298 environ
1159 3242 1293 3299 la.·s.-u.
1307 3241 1340 3298 sle

267 3341 339 3398 llari.
357 3339 433 3396 C'est
448 3335 475 3392 le
489 3335 612 3411 premler
626 3331 776 3405 mouillage
789 3350 844 3406 que
862 3332 918 3387 l’on
935 3341 1082 3387 rencoutre
1096 3332 1177 3405 apres
1190 3331 1257 3387 hri
1275 3329 1341 3387 dm

266 3443 340 3489 cette
368 3429 517 3485 direction.
541 3427 637 3497 Voyez
657 3423 683 3480 la
711 3433 786 3479 carte
812 3422 848 3478 de
871 3423 1004 3497 cabotage
1025 3422 1061 3477 de
1083 3421 1274 3497 l’Adriatique
1292 3440 1342 3496 par

267 3517 642 3595 Petet-major'lutrichien,
658 3514 753 3571 seuille
765 3532 818 3568 nv.
833 3513 881 3570 On
894 3531 929 3568 ne
947 3513 1007 3568 doit
1017 3531 1066 3586 pas
1079 3512 1223 3567 s’etonner
1234 3509 1272 3566 de
1284 3513 1343 3568 volt

267 3613 407 3688 designer,
429 3628 538 3667 comme
559 3618 623 3683 port
636 3625 672 3662 au
687 3624 788 3678 moyen
800 3605 865 3679 alge,
883 3624 920 3660 nn
935 3604 991 3660 lieu
1003 3603 1052 3678 qui
1067 3603 1138 3658 n’est
1150 3601 1215 3687 plus
1229 3602 1343 3675 aujour-

267 3703 347 3760 ‹l’bui
360 3703 447 3778 qu’un
465 3699 564 3773 simple
576 3697 737 3773 mouillage.
756 3694 1027 3769 Independamment
1039 3693 1087 3748 des
1104 3691 1246 3748 alluvione
1260 3693 1345 3748 mari·

269 3796 367 3861 times,
381 3792 446 3848 c‘est
457 3808 513 3845 une
525 3792 598 3845 suite
612 3801 690 3845 toute
706 3786 844 3843 naturelle
858 3785 893 3840 de
905 3785 1063 3841 l’accession
1078 3783 1225 3859 graduelle
1237 3793 1268 3840 et
1279 3782 1345 3840 bien

268 3886 409 3941 oonstatee
420 3880 456 3938 de
468 3890 547 3937 toute
559 3890 631 3935 cette
644 3879 756 3954 portion
765 3877 801 3932 de
815 3877 839 3932 ln
849 3877 920 3932 cote.
933 3875 957 3931 ll
966 3895 1001 3930 ne
1014 3876 1073 3930 saut
1082 3893 1131 3949 pas
1143 3873 1302 3930 eonlondre
1315 3893 1345 3930 οε

270 3973 357 4031 Poste
372 3973 432 4028 San
456 3973 570 4044 Glorgr'o
589 3989 653 4025 avec
673 3988 711 4024 un
730 3981 811 4025 antae
824 3966 973 4041 mouillage
985 3968 1098 4022 nomme
1122 3966 1213 4022 Turre
1233 3965 1268 4020 di
1286 3966 1346 4021 San

274 4062 399 4138 Georgii,
422 4078 470 4116 snr
486 4058 512 4113 la
525 4059 616 4114 meme
634 4058 695 4114 eote
708 4061 723 4113 l
738 4057 925 4124 llilomltres
940 4056 970 4111 ll
984 4055 1020 4109 de
1037 4052 1191 4128 Monopoli.
1210 4054 1264 4110 Les
1277 4056 1346 4110 trois

269 4151 377 4207 navirea
388 4149 542 4207 arriserent
554 4164 588 4200 au
600 4156 662 4219 port
674 4146 897 4219 saint-Georges
908 4144 935 4201 le
945 4142 1050 4201 aamedi
1064 4141 1148 4199 soir8
1161 4142 1229 4198 mai.
