2888 4934
181 437 300 519 [ross]
555 435 672 497 trusa
692 435 877 496 octavus.
1188 441 1248 500 273

182 566 452 654 mediocribus,
473 563 660 654 tenebant,
678 565 921 665 auxiliumque
938 564 1111 638 Rodbcrti
1129 565 1249 658 ducis,

184 686 255 787 qui
279 682 409 757 desidia
433 681 654 779 mollitieque
674 679 914 767 detinebatur,
933 680 1063 753 frustra
1085 698 1253 780 expecta-

185 799 295 874 bant.
310 799 484 898 Rogerius
501 821 601 884 vero,
617 797 836 869 Merciorum
855 822 971 869 comes
989 797 1062 895 (1),
1078 797 1254 897 multique

187 918 506 1005 Normannorum,
531 915 693 1015 quicum
712 939 795 1013 rege
811 914 897 985 foris
914 912 1141 1004 obsidebant,
1163 915 1254 986 clam

188 1033 441 1110 adminiculari
468 1047 642 1132 quantum
666 1047 835 1130 poterant
866 1031 1008 1104 inclusis
1036 1030 1253 1131 satagebant.

190 1151 277 1227 Non
291 1168 411 1223 tamen
422 1150 539 1249 palam
551 1165 676 1222 contra
688 1174 810 1248 regem
823 1175 921 1221 arma
935 1151 1051 1222 levare
1064 1150 1254 1243 audebant.

190 1268 327 1343 Omnes
347 1267 503 1365 episcopi
529 1265 670 1365 Angliae
691 1292 772 1338 cum
792 1263 919 1364 Anglis
940 1268 1016 1339 sine
1032 1266 1117 1339 dolo
1135 1291 1257 1364 regem

191 1383 381 1485 juvabant,
402 1399 437 1455 et
454 1408 522 1481 pro
539 1407 660 1455 serena
679 1382 805 1480 patriae
821 1406 925 1480 pace,
946 1409 1027 1482 quae
1045 1382 1150 1456 honis
1168 1409 1257 1455 sem·

191 1528 260 1603 per
276 1501 437 1574 amabilis
448 1517 517 1588 est,
534 1499 760 1574 laborabant.
775 1503 894 1600 Hug0,
913 1526 1030 1574 comes
1042 1502 1255 1591 Castrensis,

192 1636 230 1694 et
240 1619 444 1693 Rodbertus
455 1617 499 1691 dc
512 1618 705 1707 Molbraio,
720 1616 1111 1692 Nordanhumbrorum
1125 1643 1257 1704 comes,

192 1751 231 1810 ct
254 1735 475 1808 Guillermus
498 1735 541 1807 de
564 1734 774 1823 Guarenna,
795 1761 835 1806 ac
856 1733 1058 1806 Rodhertus
1077 1736 1261 1807 Haimonis

193 1851 305 1941 filius,
323 1853 454 1953 aliique
468 1853 618 1952 legitimi
631 1852 834 1952 maturique
847 1850 999 1925 barones
1014 1853 1091 1951 regi
1108 1850 1262 1924 fideliter

192 1966 444 2057 adherebant,
467 1970 571 2068 eique
592 1968 701 2039 armis
723 1983 759 2039 et
780 1969 931 2042 consilio
950 1984 1076 2041 contra
1097 1966 1261 2067 publicos

194 2082 312 2159 hostes
330 2083 519 2158 commode
534 2084 714 2157 favebant.

240 2201 286 2273 ln
297 2199 435 2300 oppido
447 2200 608 2274 Roll'ensi
624 2200 727 2300 plaga
743 2201 869 2272 similis
881 2201 1136 2300 AEgyptiorum
1146 2200 1261 2299 plagae

191 2319 377 2417 apparuit,
399 2344 468 2418 qua
486 2318 600 2407 Deus,
621 2319 683 2416 qui
704 2342 844 2416 semper
865 2343 920 2391 res
942 2317 1113 2390 humanas
1139 2334 1259 2406 curat,

193 2445 230 2504 et
240 2432 338 2530 juste
350 2431 528 2530 disponit,
549 2434 694 2533 antiqua
712 2434 883 2506 miracula
902 2435 1033 2507 nostris
1048 2434 1157 2506 etiam
1174 2450 1262 2506 tem·

193 2546 344 2645 poribus
361 2552 520 2622 recentia
537 2549 706 2623 ostendit.
726 2550 817 2622 Nam
832 2550 924 2622 sicut
936 2553 1074 2624 scinifes
1089 2553 1262 2648 importu-

192 2663 306 2737 nitate
318 2691 378 2738 sua
390 2667 577 2765 AEgyptios
596 2664 827 2755 infestabant,
844 2682 880 2738 et
893 2691 960 2738 nec
975 2666 1018 2739 ad
1036 2682 1261 2740 momentum

191 2778 238 2855 ab
259 2781 485 2856 infestatione
506 2810 567 2855 sua
588 2784 682 2856 circa
707 2784 799 2882 ipsos
823 2764 1026 2873 cessabant,
1055 2784 1103 2855 ita
1128 2807 1259 2855 muscae

190 2894 351 2972 obsessos
368 2900 556 2973 incessanti
573 2901 735 2973 molestia
754 2902 961 2998 importune
977 2898 1167 2972 vexabant.
1186 2897 1261 2971 Ob-

192 3012 273 3085 sessi
286 3038 417 3113 nempe
431 3033 534 3089 extra
548 3016 734 3089 castellum
747 3017 845 3089 exire
858 3013 1075 3116 nequibant,
1091 3032 1127 3088 et
1140 3015 1259 3112 plures

191 3148 320 3202 sorum
347 3154 390 3202 ex
417 3130 564 3204 diversis
596 3134 800 3206 infortuniis
830 3148 1011 3232 grassante
1039 3131 1171 3205 morbo
1199 3133 1258 3234 in-

193 3243 363 3319 teribant.
401 3250 684 3323 Innumerabiles
717 3275 805 3350 ergo
835 3276 966 3324 muscae
1002 3249 1190 3322 hominum
1223 3265 1259 3318 ct

191 3382 369 3463 equorum
391 3390 500 3438 coeno
527 3366 784 3456 nascebantur,
811 3383 944 3440 ettam
970 3367 1119 3453 aestatis,
1148 3390 1256 3464 quam

189 3476 367 3552 anhelitus
401 3478 684 3553 cohabitantium
716 3483 835 3556 calore
873 3478 1184 3566 confovebantur,
1222 3494 1258 3550 et

190 3754 327 3824 humil,
343 3762 405 3813 heu
417 3759 485 3814 faire
498 3770 603 3814 autaut.
617 3763 660 3815 Au
675 3771 760 3826 reste,
777 3770 856 3813 avant
868 3760 893 3813 la
906 3769 981 3813 mort
993 3758 1028 3812 dc
1040 3757 1257 3814 Guillaurne-le·

189 3844 381 3923 linquerent,
401 3847 422 3904 il
439 3851 511 3904 avait
530 3853 574 3905 ete'
588 3849 646 3904 l’uo
664 3850 712 3905 des
730 3850 853 3904 fauteurs
868 3849 906 3903 les
920 3848 981 3922 plus
994 3848 1105 3903 ardents
1118 3848 1156 3902 du
1171 3849 1256 3920 jeunc

188 3930 257 4007 ἃ,
268 3946 300 3994 et
311 3934 402 3993 l'avait
419 3939 510 3995 meme
527 3943 712 4014 accompagne
726 3939 794 3995 dans
806 3938 1020 4013 quelques-unes
1031 3937 1066 3992 de
1080 3956 1121 3994 ses
1134 3940 1256 4011 c'naigra-

190 4023 263 4083 libus

190 4114 369 4261 “lm
378 4115 414 4172 de
423 4118 654 4191 Moutgornmcri,
669 4128 761 4174 comte
771 4117 806 4173 dc
818 4117 1011 4189 Shrewsbury,
1027 4119 1092 4190 perc
1104 4116 1139 4173 de
1151 4117 1256 4173 Rohert

258 4286 321 4366 in.
832 4338 835 4342 ι
862 4298 866 4303 ’
1065 4300 1106 4369 18
