2872 4920
206 365 262 427 ntt
484 363 666 424 HISTORIA
689 363 995 426 ncctEsttst’tct.
1062 370 1257 443 [1077-1081

202 497 380 569 tractavit.
397 496 558 595 Denique
571 496 767 568 chricum
778 498 905 594 saepius
921 493 1164 590 admonitum,
1179 516 1221 575 et
1234 503 1259 576 it

199 611 419 687 facinoribus
429 612 664 712 pertinaciter
677 614 913 700 resistentem,
925 611 1062 712 judicio
1072 615 1259 712 synodiex·

198 731 493 818 communicavit,
513 745 549 802 et
566 727 632 802 sub
650 728 874 802 anathemate
891 729 1122 822 obduratum,
1143 730 1259 833 poteo

197 864 268 921 tate
285 849 389 948 regni
411 845 667 920 damnabiliter
688 864 855 945 usurpata
873 848 1068 947 expoliavit
1075 880 1086 940 3
1105 867 1143 922 et
1165 851 1259 927 Con·

197 966 323 1038 radam
332 965 501 1038 comitem
516 965 728 1038 auctoritate
739 965 932 1064 apostolica
945 992 1011 1064 per
1022 968 1259 1065 plurimorum

194 1110 321 1155 manus
334 1083 528 1181 praesulum
539 1080 577 1152 in
587 1105 707 1181 regem
719 1082 952 1154 cornecravit.
966 1082 1131 1156 Privatus
1146 1085 1259 1189 itaqua

192 1202 368 1273 Henricus
381 1225 571 1298 perunum
585 1225 721 1271 aratrum
738 1199 775 1271 in
788 1189 900 1273 domo
912 1203 1060 1300 propria
1073 1204 1259 1294 conticuit,

192 1333 227 1389 et
241 1319 426 1404 comitatu,
438 1341 548 1416 quem
562 1314 882 1416 haereditariojure
896 1302 1135 1416 apareritibus
1152 1336 1259 1394 amco

192 1452 312 1534 perat,
332 1436 485 1533 potitus,
504 1434 659 1507 delituit.
679 1432 747 1505 Sed
764 1435 895 1506 auxilia
909 1436 1043 1524 multa,
1061 1436 1259 1537 sumptilnu

190 1555 234 1624 de
255 1552 438 1637 thesauro,
459 1576 569 1651 quem
592 1551 779 1650 copiosum
797 1552 888 1625 olim
906 1572 1150 1652 congesserat,
1168 1554 1259 1658 dap-

189 1670 302 1741 siliter
314 1667 421 1756 datis,
439 1668 659 1766 procuravit.
680 1666 817 1740 Deinde
834 1668 958 1741 multis
975 1668 1136 1744 millibus
1155 1698 1259 1747 com·

189 1787 323 1885 plicum
352 1786 574 1885 aggregatis,
597 1811 789 1859 commune
812 1785 996 1859 decretum
1023 1791 1259 1890 contempsit,

187 1904 350 2002 publicus
376 1902 486 1977 hostis
511 1902 718 1992 rebellavit,
748 1921 874 1977 contra
902 1905 1108 1978 Conradum
1137 1916 1259 2010 regm

186 2023 375 2124 pugnavit,
395 2023 582 2123 ipsumque
598 2020 778 2123 dejectum
789 2023 986 2123 jugulavit,
1006 2040 1042 2096 et
1061 2027 1259 2101 exercitum

186 2144 261 2240 ejus
277 2142 373 2213 varia
391 2141 492 2214 clade
505 2141 684 2241 quassavit
702 2142 718 2237 (
743 2143 772 2239 ).

234 2260 408 2333 Henricus
422 2261 553 2360 itaque,
571 2259 637 2332 hac
651 2261 801 2333 victoria
817 2260 942 2350 elatus,
959 2263 1259 2366 imperiumqnod

185 2377 352 2449 amiserat
370 2377 516 2462 invasit,
535 2376 691 2450 'rebelles
707 2380 886 2467 coercuit,
902 2381 1114 2481 magnisque
1125 2382 1196 2455 sibi
1208 2384 1259 2457 vi·

185 2491 285 2566 ribus
313 2492 469 2566 adauctis
497 2494 651 2568 Romam
688 2493 849 2603 obsedit,
879 2512 1066 2596 totumque
1088 2513 1259 2573 conatum

185 2610 536 2712 contraGregorium
547 2613 679 2711 Papam
689 2615 862 2686 exercuit.
879 2614 992 2686 Menti
1007 2617 1146 2716 ejus,ut
1156 2641 1257 2706 reor,

185 2731 327 2828 penitus
365 2728 566 2818 exciderat,
599 2729 696 2829 quod
729 2730 887 2803 Absalon
928 2731 1090 2831 ingentes
1122 2750 1259 2808 turmas

185 2858 314 2919 contra
354 2845 467 2918 David
507 2863 646 2945 patrem
685 2873 790 2919 suum
824 2865 1067 2948 congesserat,
1104 2850 1257 2925 coneilio

187 2960 1259 3063 AchitophelGilonitisarmalevaverat,ipsoquepatrecam

218 3254 227 3321 ί
233 3254 257 3321 ι)
278 3251 318 3305 Ce
338 3249 511 3322 paragraphe
532 3250 601 3304 n'est
617 3268 665 3322 pas
678 3248 740 3320 plus
756 3260 834 3304 exact
847 3267 902 3323 que
914 3249 940 3304 le
953 3251 1113 3323 precedent.
1131 3252 1174 3310 Ce
1185 3236 1256 3312 n’ett

183 3341 265 3415 qu’en
281 3336 358 3415 1093,
367 3348 396 3394 et
408 3357 459 3412 par
470 3341 642 3414 consequent
651 3339 716 3393 huit
727 3356 775 3393 ans
783 3340 863 3412 apres
875 3338 900 3394 la
909 3351 983 3395 mort
990 3341 1025 3395 de
1035 3341 1176 3416 Gre'goire
1185 3342 1253 3412 VH,

182 3449 237 3504 que
251 3428 374 3498 Com-ad,
392 3428 434 3484 fils
446 3428 481 3483 de
499 3429 587 3484 Henri
600 3429 654 3495 IV,
669 3447 697 3484 se
711 3427 816 3483 re‘volta
833 3439 930 3484 contre
944 3448 994 3484 son
1008 3432 1075 3504 pere
1087 3435 1103 3486 a
1117 3432 1256 3507 l'inetiga·

182 3524 241 3576 tion
256 3520 291 3576 de
314 3521 338 3575 la
358 3531 492 3575 comtesse
504 3519 657 3586 mattilde,
674 3538 702 3574 sa
716 3529 809 3585 tante,
830 3529 859 3574 et
880 3538 908 3574 se
927 3520 958 3575 tn
973 3538 1132 3578 couronner
1149 3524 1252 3583 mtto

184 3613 325 3668 Romaim.
339 3612 426 3666 Notre
437 3622 537 3670 auteur
548 3629 615 3673 aura
629 3609 772 3666 conlondu
780 3609 892 3666 Conratl
904 3630 967 3666 avec
977 3610 1143 3686 Rodolphe,
1154 3612 1256 3673 dncde

182 3702 304 3768 sonate,
323 3703 368 3756 elu
384 3702 425 3756 roi
438 3699 473 3756 de
485 3701 639 3757 Germanic
651 3703 667 3756 a
680 3700 704 3755 la
721 3699 798 3773 place
809 3700 844 3754 de
857 3719 908 3756 son
922 3701 1084 3757 beau-frere
1096 3704 1201 3774 Henti,
1216 3723 1254 3762 en

182 3810 254 3846 mars
274 3811 350 3867 1077,
365 3811 413 3864 par
425 3791 464 3845 les
475 3791 592 3846 conscils
604 3790 639 3845 de
651 3790 790 3863 Gregoire
808 3791 875 3846 vlt.
889 3791 964 3846 C’est
976 3811 1007 3846 ce
1019 3791 1133 3847 dernier
1145 3795 1197 3868 qni
1208 3794 1256 3850 fut·

182 3886 230 3936 tue
247 3901 285 3936 en
300 3881 472 3937 combattant
486 3892 585 3936 contre
601 3882 689 3936 Heuri
707 3885 722 3935 a
737 3880 761 3934 la
780 3880 890 3935 bataillc
904 3878 939 3934 de
957 3883 1124 3955 Mershourg
1136 3881 1252 3956 (1500-

181 3978 261 4032 tolnc
278 3977 370 4047 1080).
385 3976 432 4031 On
451 3994 548 4031 nesure
566 3995 623 4051 quc
641 3976 667 4031 le
689 3995 761 4049 coup
775 3975 811 4032 de
824 3976 901 4031 lance
913 3975 983 4033 dont
995 3977 1015 4031 il
1029 3989 1145 4034 mourut
1159 3981 1253 4037 vetnit

179 4068 214 4123 de
227 4070 251 4123 la
265 4068 340 4122 main
354 4065 389 4120 de
406 4068 542 4123 cernente
555 4065 691 4122 Godelroi
706 4065 741 4120 de
760 4066 886 4122 Bouillon
902 4086 957 4142 que
972 4077 1052 4123 notre
1064 4079 1168 4124 auteur
1181 4088 1254 4127 noua

180 4159 331 4232 presentait
347 4167 405 4211 tout
419 4162 433 4211 ἐι
447 4157 558 4213 l’lreure
568 4174 676 4211 cornme
690 4175 728 4211 un
741 4157 852 4211 ennemi
866 4157 987 4212 aclrarne
998 4157 1034 4211 ‹le
1045 4158 1225 4235 l'dperenr.
