2888 4934
181 410 244 470 622
443 399 629 461 HISTORIA
650 397 958 485 nccttslas'rlca.
981 400 1064 476 [κη’
1076 414 1151 456 aun.
1166 396 1257 473 tone]

181 535 225 608 ad
245 531 504 607 lsmnelitarum
530 532 684 604 tentoria
709 529 925 628 diripienda.
945 529 1178 600 Invenerunt
1196 527 1259 625 igi-

182 667 256 738 tur,
274 647 493 720 utbreviter
512 645 684 735 dixerim,
703 645 881 748 quidquid
895 645 1002 719 bonae
1021 644 1257 743 supellectilis

181 764 377 863 excogitari
400 777 520 862 potest
538 792 547 833 ε
567 779 757 862 argentum
780 777 817 834 et
837 786 985 847 aurum,
1009 784 1199 832 annonam
1221 774 1255 831 et

180 882 333 956 larinum
365 895 401 953 et
434 881 578 967 oleum,
609 897 771 953 armenta
796 903 969 979 pecorum
998 873 1253 949 innumerabi-

182 999 291 1086 lium,
314 1021 461 1070 omnem
481 1021 653 1094 pompam
671 1011 990 1081 ornamentorum,
1011 993 1179 1066 cumulos
1194 1017 1253 1065 ar-

181 1140 347 1198 morum,
367 1115 447 1186 etsi
464 1113 551 1213 quid
566 1113 663 1186 aliud
680 1125 798 1213 potest
812 1136 885 1186 esse
897 1111 1039 1183 melius.
1057 1110 1124 1181 llis
1139 1109 1254 1182 omni-

180 1231 248 1304 bns
267 1231 436 1329 direptis,
464 1231 500 1304 in
522 1231 704 1303 civitatem
724 1246 882 1303 sanctam
900 1227 1105 1301 Jerusalem
1122 1226 1253 1299 reversi

182 1362 285 1435 sunt,
304 1344 571 1446 condignasque
592 1346 671 1419 Deo
690 1345 822 1444 gratias
837 1341 1079 1442 persingulas
1093 1340 1255 1415 ecclesias

183 1465 402 1537 retulerunt.

233 1580 451 1670 Radbertus,
466 1581 540 1654 (lux
553 1582 866 1667 Narmannorum,
881 1579 968 1652 emit
979 1592 1184 1651 stantarum
1201 1576 1254 1672 (1)

184 1698 229 1770 ab
239 1698 307 1788 his,
323 1700 385 1798 qui
398 1698 445 1771 ab
457 1699 687 1772 Admiraviso
698 1698 853 1771 sauciato
865 1699 1114 1782 retinuerunt,
1127 1693 1255 1791 viginti

184 1815 313 1886 marcis
329 1815 490 1913 argenti,
510 1830 546 1886 et
573 1814 697 1887 intulit
714 1812 803 1886 illud
822 1815 858 1885 in
875 1813 1084 1910 sepulcrum
1109 1806 1253 1881 Domini

185 1930 229 2002 ad
256 1931 522 2004 monimentum
552 1929 777 2003 memorandi
807 1927 997 2026 triumphi.
1030 1926 1137 1999 Alter
1168 1923 1256 1999 emit

184 2072 306 2121 ensem
332 2046 488 2147 ejusdem
514 2046 732 2120 Admiravisi
752 2072 797 2119 ax
819 2044 1011 2142 byzanteis.
1034 2042 1189 2116 Factum
1204 2055 1256 2111 est

187 2165 298 2262 igitur
313 2164 484 2262 gaudium
500 2163 744 2237 inenarrabile
757 2165 795 2234 in
809 2178 883 2236 tota
897 2159 1182 2235 Christianitate.
1200 2156 1256 2229 Sic

186 2277 380 2350 Christiani
393 2280 593 2351 Jerusalem
606 2272 651 2351 ab
666 2280 861 2377 impiorum
871 2275 1037 2349 manibus
1050 2276 1256 2346 Tuscorum

186 2417 282 2463 anno
294 2393 597 2466 abincarnatione
606 2398 754 2467 Domini
769 2410 875 2469 n⁰xc⁰
885 2408 936 2469 1x⁰
947 2392 1209 2477 liberaverunt,
1222 2404 1258 2461 et

186 2507 395 2581 multotiens
411 2532 455 2580 ex
472 2509 575 2607 ipsis,
592 2510 736 2585 Christo
752 2511 859 2599 duce,
884 2508 1162 2608 triumpharunt.
1176 2507 1258 2578 llos

186 2641 305 2698 autem
328 2626 454 2724 ingens
477 2624 615 2698 bellum
634 2639 678 2701 11⁰
705 2627 782 2701 idus
808 2629 947 2726 augusti
971 2628 1106 2699 lactum
1131 2639 1204 2711 est,
1224 2637 1260 2694 et

186 2741 434 2815 christianitas
446 2741 581 2843 ubique
593 2759 775 2816 terrarum
788 2745 863 2817 Deo
879 2744 1010 2843 gratias
1023 2742 1178 2815 exaltata
1194 2753 1256 2811 est.

236 2860 369 2934 XVlll.
401 2862 594 2962 Hucusque
621 2861 835 2935 venerabilis
863 2861 1018 2935 Baldrici
1050 2872 1257 2958 prosecutus

186 3001 266 3047 sum
282 2977 447 3075 vestigia,
471 2992 508 3050 et
527 3002 690 3053 veracem
710 2979 775 3051 leci
797 2979 1047 3050 narrationem
1064 2975 1109 3048 de
1126 2976 1256 3047 famosa

187 3092 319 3164 Christi
336 3093 463 3166 militia
473 3149 483 3183 ,
504 3121 585 3194 quae
597 3096 746 3194 juvante
762 3096 838 3169 Deo
857 3092 1047 3194 insigniter
1064 3088 1256 3166 debellavit

189 3210 226 3281 in
243 3210 329 3283 Eois
346 3210 508 3308 partibus
528 3211 758 3286 ethnicorum
779 3215 953 3286 examina.
970 3211 1097 3284 Multis
1114 3212 1152 3282 in
1171 3206 1256 3282 locis

187 3326 289 3424 operi
311 3343 437 3400 nostro
459 3329 591 3401 inserui
609 3328 731 3403 eadem
749 3329 856 3402 verba
874 3329 1063 3428 sophistae,
1083 3328 1176 3400 sicut
1190 3321 1255 3396 de-

188 3457 414 3538 prompserat
426 3443 517 3540 ipse3
532 3469 606 3517 non
625 3471 728 3517 ausus
739 3445 845 3518 aliter
855 3446 930 3544 ejus
940 3444 1035 3518 dicta
1049 3440 1255 3541 propalate,

223 3711 262 3780 (t)
275 3712 304 3767 Si
317 3712 373 3768 l'on
386 3734 422 3770 en
435 3717 542 3789 croyait
555 3718 643 3773 Wace
654 3720 664 3788 l
671 3729 690 3773 t.
707 3720 750 3787 ΙΙ,
767 3739 795 3792 p.
809 3718 891 3791 322),
906 3731 950 3775 cet
961 3717 1097 3775 standard
1111 3717 1204 3771 aurel!
1215 3717 1259 3769 e'l&

189 3793 292 3865 depost
304 3817 354 3869 par
366 3802 472 3859 Robert
485 3804 553 3859 dans
566 3804 670 3879 l'r'eglise
683 3805 717 3860 de
731 3806 756 3860 la
770 3807 990 3863 sainte-'Prinne'
1001 3806 1037 3860 ‹lc
1049 3808 1144 3872 Caen3
1158 3805 1227 3858 mais
1238 3798 1260 3858 il

189 3893 232 3970 est
243 3886 375 3957 probable
386 3893 497 3965 qu'avec
510 3913 559 3948 son
580 3914 633 3967 peu
646 3895 830 3952 d'exactitude
844 3897 981 3962 liabituel,
995 3898 1014 3952 il
1032 3916 1101 3952 aura
1116 3894 1260 3951 confondu

189 3972 343 4030 l'etendard
355 3979 390 4034 ‹lc
401 3982 425 4036 la
438 3983 547 4039 bataillc
557 3986 703 4041 d‘Asoalon
713 4005 777 4042 avec
787 3988 908 4062 quelque
917 4000 996 4044 autre
1006 3988 1133 4060 drapeau
1141 3988 1263 4060 conquir

190 4079 240 4132 par
254 4065 279 4120 lc
292 4062 346 4121 duc
360 4066 466 4125 danila
480 4092 561 4129 cours
574 4075 657 4131 d’une
674 4095 773 4148 grierre
788 4080 858 4133 aussi
875 4079 989 4135 seconde
1002 4098 1038 4133 en
1053 4077 1216 4149 depouilles
1228 4077 1262 4131 de

210 4170 222 4190 ³
235 4173 333 4228 genre,
346 4177 402 4232 qne
416 4159 441 4214 la
454 4166 592 4233 premiere
607 4167 740 4222 croisade.
