<?xml version="1.0" encoding="UTF-8"?>
<!DOCTYPE html PUBLIC "-//W3C//DTD XHTML 1.0 Transitional//EN"
    "http://www.w3.org/TR/xhtml1/DTD/xhtml1-transitional.dtd">
<html xmlns="http://www.w3.org/1999/xhtml" xml:lang="en" lang="en">
 <head>
  <title>
</title>
<meta http-equiv="Content-Type" content="text/html;charset=utf-8" />
  <meta name='ocr-system' content='tesseract 3.04.00' />
  <meta name='ocr-capabilities' content='ocr_page ocr_carea ocr_par ocr_line ocrx_word'/>
</head>
<body>
  <div class='ocr_page' id='page_1' title='image "./ordericivitalis05deligoog/ordericivitalis05deligoog_0068.png"; bbox 0 0 2888 4934; ppageno 0'>
   <div class='ocr_carea' id='block_1_1' title="bbox 83 446 1132 528">
    <p class='ocr_par' dir='ltr' id='par_1_1' title="bbox 83 446 1132 528">
     <span class='ocr_line' id='line_1_1' title="bbox 83 446 1132 528; baseline 0.002 -19"><span class='ocrx_word' id='word_1_1' title='bbox 83 453 171 526; x_wconf 78' lang='lat' dir='ltr'><strong>[cruca</strong></span> <span class='ocrx_word' id='word_1_2' title='bbox 187 451 260 528; x_wconf 82' lang='lat'><strong>560]</strong></span> <span class='ocrx_word' id='word_1_3' title='bbox 459 446 574 509; x_wconf 80' lang='lat' dir='ltr'>LIBER</span> <span class='ocrx_word' id='word_1_4' title='bbox 595 448 750 508; x_wconf 83' lang='lat' dir='ltr'><strong>SEXTUS.</strong></span> <span class='ocrx_word' id='word_1_5' title='bbox 1093 455 1132 511; x_wconf 73' lang='lat'><strong>57</strong></span> 
     </span>
    </p>
   </div>
   <div class='ocr_carea' id='block_1_2' title="bbox 10 579 1144 3483">
    <p class='ocr_par' dir='ltr' id='par_1_2' title="bbox 76 579 1138 1613">
     <span class='ocr_line' id='line_1_2' title="bbox 83 579 1135 681; baseline 0 -29"><span class='ocrx_word' id='word_1_6' title='bbox 83 583 210 681; x_wconf 82' lang='lat' dir='ltr'><strong>quietis</strong></span> <span class='ocrx_word' id='word_1_7' title='bbox 226 579 408 680; x_wconf 75' lang='lat' dir='ltr'><strong>defugiam</strong></span> <span class='ocrx_word' id='word_1_8' title='bbox 418 581 472 677; x_wconf 85' lang='grc' dir='ltr'><strong>(ι)</strong></span> <span class='ocrx_word' id='word_1_9' title='bbox 486 582 676 653; x_wconf 77' lang='lat' dir='ltr'><strong>consecuti.</strong></span> <span class='ocrx_word' id='word_1_10' title='bbox 691 580 852 673; x_wconf 88' lang='lat' dir='ltr'><strong>Quorum</strong></span> <span class='ocrx_word' id='word_1_11' title='bbox 864 584 1013 654; x_wconf 83' lang='lat' dir='ltr'><strong>servitus</strong></span> <span class='ocrx_word' id='word_1_12' title='bbox 1025 609 1135 681; x_wconf 87' lang='lat' dir='ltr'><strong>quan-</strong></span> 
     </span>
     <span class='ocr_line' id='line_1_3' title="bbox 85 695 1130 797; baseline 0 -30"><span class='ocrx_word' id='word_1_13' title='bbox 85 713 159 769; x_wconf 89' lang='lat' dir='ltr'><strong>tum</strong></span> <span class='ocrx_word' id='word_1_14' title='bbox 176 695 307 783; x_wconf 85' lang='lat' dir='ltr'><strong>libem,</strong></span> <span class='ocrx_word' id='word_1_15' title='bbox 323 711 464 768; x_wconf 89' lang='lat' dir='ltr'><strong>tantum</strong></span> <span class='ocrx_word' id='word_1_16' title='bbox 484 696 558 767; x_wconf 85' lang='lat' dir='ltr'><strong>Deo</strong></span> <span class='ocrx_word' id='word_1_17' title='bbox 573 695 827 794; x_wconf 79' lang='lat' dir='ltr'><strong>comprobatur·</strong></span> <span class='ocrx_word' id='word_1_18' title='bbox 844 698 997 769; x_wconf 80' lang='lat' dir='ltr'>extitisse</span> <span class='ocrx_word' id='word_1_19' title='bbox 1019 715 1130 797; x_wconf 83' lang='lat' dir='ltr'><strong>grata.</strong></span> 
     </span>
     <span class='ocr_line' id='line_1_4' title="bbox 83 811 1135 912; baseline -0.001 -26"><span class='ocrx_word' id='word_1_20' title='bbox 83 813 234 887; x_wconf 82' lang='lat' dir='ltr'><strong>Omnem</strong></span> <span class='ocrx_word' id='word_1_21' title='bbox 250 814 381 912; x_wconf 85' lang='lat' dir='ltr'><strong>quippe</strong></span> <span class='ocrx_word' id='word_1_22' title='bbox 388 811 512 884; x_wconf 88' lang='lat' dir='ltr'><strong>mundi</strong></span> <span class='ocrx_word' id='word_1_23' title='bbox 522 813 710 910; x_wconf 86' lang='lat' dir='ltr'><strong>strepitum</strong></span> <span class='ocrx_word' id='word_1_24' title='bbox 717 815 963 886; x_wconf 84' lang='lat' dir='ltr'><strong>conculcantes</strong></span> <span class='ocrx_word' id='word_1_25' title='bbox 973 813 1135 912; x_wconf 89' lang='lat' dir='ltr'><strong>pedibus,</strong></span> 
     </span>
     <span class='ocr_line' id='line_1_5' title="bbox 83 929 1136 1030; baseline -0.002 -25"><span class='ocrx_word' id='word_1_26' title='bbox 83 931 173 1005; x_wconf 67' lang='lat' dir='ltr'><strong>solis,</strong></span> <span class='ocrx_word' id='word_1_27' title='bbox 191 929 414 1002; x_wconf 71' lang='lat' dir='ltr'><strong>inhaerebant</strong></span> <span class='ocrx_word' id='word_1_28' title='bbox 431 930 651 1018; x_wconf 82' lang='lat' dir='ltr'><strong>coelestibus3</strong></span> <span class='ocrx_word' id='word_1_29' title='bbox 671 933 784 1030; x_wconf 89' lang='lat' dir='ltr'><strong>etqui</strong></span> <span class='ocrx_word' id='word_1_30' title='bbox 806 948 929 1004; x_wconf 85' lang='lat' dir='ltr'><strong>cuncta</strong></span> <span class='ocrx_word' id='word_1_31' title='bbox 949 949 1136 1029; x_wconf 87' lang='lat' dir='ltr'><strong>contemp-</strong></span> 
     </span>
     <span class='ocr_line' id='line_1_6' title="bbox 81 1046 1136 1147; baseline 0 -27"><span class='ocrx_word' id='word_1_32' title='bbox 81 1065 220 1136; x_wconf 83' lang='lat' dir='ltr'><strong>serant,</strong></span> <span class='ocrx_word' id='word_1_33' title='bbox 240 1064 372 1147; x_wconf 81' lang='lat' dir='ltr'><strong>praeter</strong></span> <span class='ocrx_word' id='word_1_34' title='bbox 386 1049 499 1120; x_wconf 87' lang='lat' dir='ltr'><strong>Deum</strong></span> <span class='ocrx_word' id='word_1_35' title='bbox 517 1047 605 1120; x_wconf 87' lang='lat' dir='ltr'>nihil</span> <span class='ocrx_word' id='word_1_36' title='bbox 623 1046 810 1121; x_wconf 85' lang='lat' dir='ltr'><strong>habebant.</strong></span> <span class='ocrx_word' id='word_1_37' title='bbox 831 1049 932 1122; x_wconf 85' lang='lat' dir='ltr'><strong>Unde</strong></span> <span class='ocrx_word' id='word_1_38' title='bbox 947 1049 1038 1122; x_wconf 85' lang='lat' dir='ltr'><strong>benc</strong></span> <span class='ocrx_word' id='word_1_39' title='bbox 1054 1077 1136 1122; x_wconf 91' lang='lat' dir='ltr'><strong>cum</strong></span> 
     </span>
     <span class='ocr_line' id='line_1_7' title="bbox 79 1163 1138 1263; baseline 0.001 -27"><span class='ocrx_word' id='word_1_40' title='bbox 79 1163 355 1263; x_wconf 76' lang='lat' dir='ltr'><strong>psalmographo</strong></span> <span class='ocrx_word' id='word_1_41' title='bbox 377 1181 519 1237; x_wconf 75' lang='lat' dir='ltr'><strong>canmre</strong></span> <span class='ocrx_word' id='word_1_42' title='bbox 542 1183 774 1237; x_wconf 87' lang='lat' dir='ltr'><strong>meruerunt:</strong></span> <span class='ocrx_word' id='word_1_43' title='bbox 796 1169 922 1238; x_wconf 81' lang='lat' dir='ltr'><strong>Portio</strong></span> <span class='ocrx_word' id='word_1_44' title='bbox 940 1193 1039 1256; x_wconf 75' lang='lat' dir='ltr'><strong>mett,</strong></span> <span class='ocrx_word' id='word_1_45' title='bbox 1058 1169 1138 1238; x_wconf 87' lang='lat' dir='ltr'><strong>Do-</strong></span> 
     </span>
     <span class='ocr_line' id='line_1_8' title="bbox 77 1281 1137 1378; baseline 0.001 -25"><span class='ocrx_word' id='word_1_46' title='bbox 77 1285 198 1370; x_wconf 84' lang='lat' dir='ltr'><strong>mine,</strong></span> <span class='ocrx_word' id='word_1_47' title='bbox 219 1281 322 1370; x_wconf 54' lang='lat' dir='ltr'><strong>diui,</strong></span> <span class='ocrx_word' id='word_1_48' title='bbox 341 1282 521 1354; x_wconf 82' lang='lat' dir='ltr'><strong>custodire</strong></span> <span class='ocrx_word' id='word_1_49' title='bbox 540 1283 652 1378; x_wconf 79' lang='lat' dir='ltr'><strong>legem</strong></span> <span class='ocrx_word' id='word_1_50' title='bbox 675 1298 774 1352; x_wconf 86' lang='lat' dir='ltr'><strong>taam</strong></span> <span class='ocrx_word' id='word_1_51' title='bbox 793 1285 861 1378; x_wconf 79' lang='lat'><strong>(2).</strong></span> <span class='ocrx_word' id='word_1_52' title='bbox 882 1283 1016 1354; x_wconf 88' lang='lat' dir='ltr'><strong>Summi</strong></span> <span class='ocrx_word' id='word_1_53' title='bbox 1030 1310 1137 1354; x_wconf 87' lang='lat' dir='ltr'><strong>nam-</strong></span> 
     </span>
     <span class='ocr_line' id='line_1_9' title="bbox 76 1397 1136 1498; baseline 0.003 -28"><span class='ocrx_word' id='word_1_54' title='bbox 76 1424 150 1496; x_wconf 87' lang='lat' dir='ltr'><strong>que</strong></span> <span class='ocrx_word' id='word_1_55' title='bbox 170 1398 236 1469; x_wconf 88' lang='lat' dir='ltr'><strong>Dei</strong></span> <span class='ocrx_word' id='word_1_56' title='bbox 253 1397 484 1498; x_wconf 82' lang='lat' dir='ltr'><strong>obsequentes</strong></span> <span class='ocrx_word' id='word_1_57' title='bbox 501 1399 590 1497; x_wconf 81' lang='lat' dir='ltr'><strong>legi,</strong></span> <span class='ocrx_word' id='word_1_58' title='bbox 607 1424 688 1471; x_wconf 87' lang='lat' dir='ltr'><strong>cum</strong></span> <span class='ocrx_word' id='word_1_59' title='bbox 704 1400 819 1471; x_wconf 86' lang='lat' dir='ltr'><strong>solum</strong></span> <span class='ocrx_word' id='word_1_60' title='bbox 837 1416 976 1496; x_wconf 86' lang='lat' dir='ltr'><strong>partem</strong></span> <span class='ocrx_word' id='word_1_61' title='bbox 992 1402 1047 1495; x_wconf 81' lang='lat'><strong>(3)</strong></span> <span class='ocrx_word' id='word_1_62' title='bbox 1071 1427 1136 1473; x_wconf 91' lang='lat' dir='ltr'><strong>co-</strong></span> 
     </span>
     <span class='ocr_line' id='line_1_10' title="bbox 77 1513 471 1613; baseline -0.008 -26"><span class='ocrx_word' id='word_1_63' title='bbox 77 1513 263 1587; x_wconf 88' lang='lat' dir='ltr'><strong>nabantur</strong></span> <span class='ocrx_word' id='word_1_64' title='bbox 280 1514 436 1613; x_wconf 82' lang='lat' dir='ltr'><strong>adipisci.</strong></span> <span class='ocrx_word' id='word_1_65' title='bbox 454 1546 471 1584; x_wconf 78' lang='lat' dir='ltr'><strong>n</strong></span> 
     </span>
    </p>

    <p class='ocr_par' dir='ltr' id='par_1_3' title="bbox 10 1629 1148 3483">
     <span class='ocr_line' id='line_1_11' title="bbox 131 1629 1138 1730; baseline 0.01 -36"><span class='ocrx_word' id='word_1_66' title='bbox 131 1629 265 1701; x_wconf 80' lang='lat' dir='ltr'><strong>«Dum</strong></span> <span class='ocrx_word' id='word_1_67' title='bbox 282 1655 368 1729; x_wconf 81' lang='lat' dir='ltr'><strong>ergo</strong></span> <span class='ocrx_word' id='word_1_68' title='bbox 386 1647 456 1704; x_wconf 86' lang='lat' dir='ltr'><strong>tota</strong></span> <span class='ocrx_word' id='word_1_69' title='bbox 473 1630 654 1729; x_wconf 78' lang='lat' dir='ltr'><strong>vigilantia</strong></span> <span class='ocrx_word' id='word_1_70' title='bbox 673 1632 852 1704; x_wconf 88' lang='lat' dir='ltr'><strong>interioris</strong></span> <span class='ocrx_word' id='word_1_71' title='bbox 876 1631 1031 1704; x_wconf 89' lang='lat' dir='ltr'><strong>hominis</strong></span> <span class='ocrx_word' id='word_1_72' title='bbox 1046 1659 1138 1730; x_wconf 91' lang='lat' dir='ltr'><strong>pro-</strong></span> 
     </span>
     <span class='ocr_line' id='line_1_12' title="bbox 76 1745 1136 1846; baseline 0.001 -28"><span class='ocrx_word' id='word_1_73' title='bbox 76 1749 212 1819; x_wconf 79' lang='lat' dir='ltr'><strong>iectum</strong></span> <span class='ocrx_word' id='word_1_74' title='bbox 245 1745 494 1846; x_wconf 85' lang='lat' dir='ltr'><strong>adquirerent,</strong></span> <span class='ocrx_word' id='word_1_75' title='bbox 527 1772 642 1846; x_wconf 89' lang='lat' dir='ltr'><strong>neque</strong></span> <span class='ocrx_word' id='word_1_76' title='bbox 671 1773 730 1819; x_wconf 88' lang='lat' dir='ltr'><strong>eos</strong></span> <span class='ocrx_word' id='word_1_77' title='bbox 758 1764 818 1818; x_wconf 87' lang='lat' dir='ltr'><strong>aut</strong></span> <span class='ocrx_word' id='word_1_78' title='bbox 850 1749 917 1821; x_wconf 92' lang='lat' dir='ltr'><strong>loci</strong></span> <span class='ocrx_word' id='word_1_79' title='bbox 949 1749 1136 1845; x_wconf 77' lang='lat' dir='ltr'><strong>asperitas,</strong></span> 
     </span>
     <span class='ocr_line' id='line_1_13' title="bbox 79 1863 1136 1962; baseline -0.001 -27"><span class='ocrx_word' id='word_1_80' title='bbox 79 1879 142 1936; x_wconf 87' lang='lat' dir='ltr'><strong>aut</strong></span> <span class='ocrx_word' id='word_1_81' title='bbox 159 1863 353 1936; x_wconf 87' lang='lat' dir='ltr'><strong>bestiarum</strong></span> <span class='ocrx_word' id='word_1_82' title='bbox 378 1866 495 1936; x_wconf 76' lang='lat' dir='ltr'><strong>feritas</strong></span> <span class='ocrx_word' id='word_1_83' title='bbox 515 1891 533 1935; x_wconf 90' lang='lat' dir='ltr'><strong>a</strong></span> <span class='ocrx_word' id='word_1_84' title='bbox 559 1865 743 1962; x_wconf 87' lang='lat' dir='ltr'><strong>proposito</strong></span> <span class='ocrx_word' id='word_1_85' title='bbox 763 1863 977 1949; x_wconf 86' lang='lat' dir='ltr'><strong>deterreret,</strong></span> <span class='ocrx_word' id='word_1_86' title='bbox 1005 1866 1136 1936; x_wconf 81' lang='lat' dir='ltr'><strong>sactum</strong></span> 
     </span>
     <span class='ocr_line' id='line_1_14' title="bbox 10 1980 1139 2080; baseline -0.001 -27"><span class='ocrx_word' id='word_1_87' title='bbox 10 2053 12 2060; x_wconf 74' lang='grc'>,</span> <span class='ocrx_word' id='word_1_88' title='bbox 79 1995 133 2053; x_wconf 87' lang='lat' dir='ltr'><strong>cst</strong></span> <span class='ocrx_word' id='word_1_89' title='bbox 153 1997 194 2052; x_wconf 89' lang='lat' dir='ltr'><strong>ut</strong></span> <span class='ocrx_word' id='word_1_90' title='bbox 204 1980 560 2080; x_wconf 87' lang='lat' dir='ltr'><strong>quidamlatronum,</strong></span> <span class='ocrx_word' id='word_1_91' title='bbox 573 1982 633 2080; x_wconf 92' lang='lat' dir='ltr'><strong>qui</strong></span> <span class='ocrx_word' id='word_1_92' title='bbox 646 1982 770 2053; x_wconf 88' lang='lat' dir='ltr'><strong>silvam</strong></span> <span class='ocrx_word' id='word_1_93' title='bbox 784 1981 1004 2067; x_wconf 87' lang='lat' dir='ltr'><strong>incolebant,</strong></span> <span class='ocrx_word' id='word_1_94' title='bbox 1021 1980 1064 2053; x_wconf 90' lang='lat' dir='ltr'><strong>ad</strong></span> <span class='ocrx_word' id='word_1_95' title='bbox 1081 2006 1139 2053; x_wconf 92' lang='lat' dir='ltr'><strong>eos</strong></span> 
     </span>
     <span class='ocr_line' id='line_1_15' title="bbox 81 2095 1139 2188; baseline 0.001 -20"><span class='ocrx_word' id='word_1_96' title='bbox 81 2095 289 2169; x_wconf 79' lang='lat' dir='ltr'><strong>diverteret.</strong></span> <span class='ocrx_word' id='word_1_97' title='bbox 316 2097 365 2168; x_wconf 87' lang='lat' dir='ltr'><strong>Et</strong></span> <span class='ocrx_word' id='word_1_98' title='bbox 393 2095 571 2169; x_wconf 86' lang='lat' dir='ltr'><strong>admirans</strong></span> <span class='ocrx_word' id='word_1_99' title='bbox 600 2123 726 2170; x_wconf 88' lang='lat' dir='ltr'><strong>eorum</strong></span> <span class='ocrx_word' id='word_1_100' title='bbox 756 2099 1010 2188; x_wconf 77' lang='lat' dir='ltr'><strong>constantiam,</strong></span> <span class='ocrx_word' id='word_1_101' title='bbox 1033 2114 1069 2169; x_wconf 88' lang='lat' dir='ltr'><strong>et</strong></span> <span class='ocrx_word' id='word_1_102' title='bbox 1104 2099 1139 2169; x_wconf 90' lang='lat' dir='ltr'><strong>in</strong></span> 
     </span>
     <span class='ocr_line' id='line_1_16' title="bbox 84 2209 1139 2310; baseline -0.001 -28"><span class='ocrx_word' id='word_1_103' title='bbox 84 2209 215 2283; x_wconf 85' lang='lat' dir='ltr'><strong>Christi</strong></span> <span class='ocrx_word' id='word_1_104' title='bbox 251 2212 395 2284; x_wconf 87' lang='lat' dir='ltr'><strong>servitio</strong></span> <span class='ocrx_word' id='word_1_105' title='bbox 425 2214 743 2310; x_wconf 78' lang='lat' dir='ltr'><strong>perseverantiam,</strong></span> <span class='ocrx_word' id='word_1_106' title='bbox 778 2213 860 2283; x_wconf 90' lang='lat' dir='ltr'><strong>ait:</strong></span> <span class='ocrx_word' id='word_1_107' title='bbox 891 2213 923 2285; x_wconf 89' lang='grc' dir='ltr'>Ο</span> <span class='ocrx_word' id='word_1_108' title='bbox 951 2212 1139 2300; x_wconf 78' lang='lat' dir='ltr'><strong>monachi,</strong></span> 
     </span>
     <span class='ocr_line' id='line_1_17' title="bbox 85 2327 1141 2428; baseline -0.002 -27"><span class='ocrx_word' id='word_1_109' title='bbox 85 2356 165 2427; x_wconf 72' lang='lat' dir='ltr'><strong>quar</strong></span> <span class='ocrx_word' id='word_1_110' title='bbox 189 2354 305 2402; x_wconf 84' lang='lat' dir='ltr'><strong>caasa</strong></span> <span class='ocrx_word' id='word_1_111' title='bbox 328 2330 539 2401; x_wconf 82' lang='lat' dir='ltr'><strong>turbationis</strong></span> <span class='ocrx_word' id='word_1_112' title='bbox 557 2357 622 2401; x_wconf 85' lang='lat' dir='ltr'><strong>vos</strong></span> <span class='ocrx_word' id='word_1_113' title='bbox 638 2329 705 2401; x_wconf 83' lang='lat' dir='ltr'><strong>has</strong></span> <span class='ocrx_word' id='word_1_114' title='bbox 727 2346 848 2428; x_wconf 83' lang='lat' dir='ltr'><strong>partes</strong></span> <span class='ocrx_word' id='word_1_115' title='bbox 874 2332 995 2427; x_wconf 70' lang='lat' dir='ltr'><strong>coegit,</strong></span> <span class='ocrx_word' id='word_1_116' title='bbox 1012 2327 1141 2400; x_wconf 78' lang='lat' dir='ltr'><strong>adire?</strong></span> 
     </span>
     <span class='ocr_line' id='line_1_18' title="bbox 90 2446 1142 2549; baseline 0.001 -33"><span class='ocrx_word' id='word_1_117' title='bbox 90 2448 160 2518; x_wconf 86' lang='lat' dir='ltr'><strong>Vel</strong></span> <span class='ocrx_word' id='word_1_118' title='bbox 181 2446 361 2546; x_wconf 82' lang='lat' dir='ltr'><strong>quomodo</strong></span> <span class='ocrx_word' id='word_1_119' title='bbox 375 2451 661 2548; x_wconf 64' lang='lat' dir='ltr'><strong>praesumpsistis</strong></span> <span class='ocrx_word' id='word_1_120' title='bbox 682 2453 718 2518; x_wconf 83' lang='lat' dir='ltr'><strong>in</strong></span> <span class='ocrx_word' id='word_1_121' title='bbox 741 2466 841 2520; x_wconf 82' lang='lat' dir='ltr'><strong>tauta</strong></span> <span class='ocrx_word' id='word_1_122' title='bbox 863 2447 1039 2549; x_wconf 79' lang='lat' dir='ltr'><strong>hospitari</strong></span> <span class='ocrx_word' id='word_1_123' title='bbox 1054 2447 1142 2519; x_wconf 85' lang='lat' dir='ltr'><strong>soli·</strong></span> 
     </span>
     <span class='ocr_line' id='line_1_19' title="bbox 89 2563 1142 2664; baseline 0 -31"><span class='ocrx_word' id='word_1_124' title='bbox 89 2563 240 2636; x_wconf 76' lang='lat' dir='ltr'><strong>tudina?</strong></span> <span class='ocrx_word' id='word_1_125' title='bbox 263 2564 345 2637; x_wconf 85' lang='lat' dir='ltr'><strong>Non</strong></span> <span class='ocrx_word' id='word_1_126' title='bbox 371 2567 544 2664; x_wconf 87' lang='lat' dir='ltr'><strong>optimam</strong></span> <span class='ocrx_word' id='word_1_127' title='bbox 567 2565 686 2637; x_wconf 80' lang='lat' dir='ltr'><strong>locam</strong></span> <span class='ocrx_word' id='word_1_128' title='bbox 704 2568 896 2638; x_wconf 86' lang='lat' dir='ltr'><strong>invenistis.</strong></span> <span class='ocrx_word' id='word_1_129' title='bbox 916 2569 978 2636; x_wconf 83' lang='lat' dir='ltr'><strong>An</strong></span> <span class='ocrx_word' id='word_1_130' title='bbox 998 2566 1142 2636; x_wconf 83' lang='lat' dir='ltr'><strong>nescitis</strong></span> 
     </span>
     <span class='ocr_line' id='line_1_20' title="bbox 89 2678 1143 2780; baseline -0.002 -28"><span class='ocrx_word' id='word_1_131' title='bbox 89 2685 173 2780; x_wconf 85' lang='lat' dir='ltr'><strong>qaia</strong></span> <span class='ocrx_word' id='word_1_132' title='bbox 192 2681 254 2752; x_wconf 83' lang='lat' dir='ltr'><strong>lu’c</strong></span> <span class='ocrx_word' id='word_1_133' title='bbox 269 2698 322 2752; x_wconf 89' lang='lat' dir='ltr'><strong>est</strong></span> <span class='ocrx_word' id='word_1_134' title='bbox 338 2682 439 2754; x_wconf 85' lang='lat' dir='ltr'><strong>locus</strong></span> <span class='ocrx_word' id='word_1_135' title='bbox 457 2683 635 2753; x_wconf 76' lang='lat' dir='ltr'><strong>latronam</strong></span> <span class='ocrx_word' id='word_1_136' title='bbox 657 2682 729 2779; x_wconf 80' lang='grc'>(4),</span> <span class='ocrx_word' id='word_1_137' title='bbox 750 2699 784 2752; x_wconf 86' lang='lat' dir='ltr'><strong>et</strong></span> <span class='ocrx_word' id='word_1_138' title='bbox 799 2709 872 2754; x_wconf 85' lang='lat' dir='ltr'><strong>non</strong></span> <span class='ocrx_word' id='word_1_139' title='bbox 891 2678 1143 2752; x_wconf 77' lang='lat' dir='ltr'><strong>eremitarum?</strong></span> 
     </span>
     <span class='ocr_line' id='line_1_21' title="bbox 87 2800 1142 2898; baseline -0.004 -28"><span class='ocrx_word' id='word_1_140' title='bbox 87 2801 206 2893; x_wconf 85' lang='lat' dir='ltr'><strong>Hujus</strong></span> <span class='ocrx_word' id='word_1_141' title='bbox 236 2802 390 2870; x_wconf 86' lang='lat' dir='ltr'><strong>nemoris</strong></span> <span class='ocrx_word' id='word_1_142' title='bbox 421 2800 550 2871; x_wconf 69' lang='lat' dir='ltr'><strong>incolae</strong></span> <span class='ocrx_word' id='word_1_143' title='bbox 586 2803 719 2897; x_wconf 83' lang='lat' dir='ltr'><strong>rapina</strong></span> <span class='ocrx_word' id='word_1_144' title='bbox 749 2803 894 2888; x_wconf 79' lang='lat' dir='ltr'><strong>or&#39;oant,</strong></span> <span class='ocrx_word' id='word_1_145' title='bbox 924 2800 1142 2898; x_wconf 84' lang='lat' dir='ltr'><strong>proprioque</strong></span> 
     </span>
     <span class='ocr_line' id='line_1_22' title="bbox 87 2914 1143 3014; baseline -0.003 -28"><span class='ocrx_word' id='word_1_146' title='bbox 87 2919 241 2988; x_wconf 79' lang='lat' dir='ltr'><strong>viventes</strong></span> <span class='ocrx_word' id='word_1_147' title='bbox 266 2916 403 3003; x_wconf 86' lang='lat' dir='ltr'><strong>labore,</strong></span> <span class='ocrx_word' id='word_1_148' title='bbox 429 2933 606 2988; x_wconf 83' lang='lat' dir='ltr'><strong>consortes</strong></span> <span class='ocrx_word' id='word_1_149' title='bbox 625 2919 705 3014; x_wconf 89' lang='lat' dir='ltr'><strong>pati</strong></span> <span class='ocrx_word' id='word_1_150' title='bbox 720 2916 857 2987; x_wconf 68' lang='lat' dir='ltr'><strong>reclutit.</strong></span> <span class='ocrx_word' id='word_1_151' title='bbox 877 2915 962 2987; x_wconf 85' lang='lat' dir='ltr'><strong>Non</strong></span> <span class='ocrx_word' id='word_1_152' title='bbox 986 2914 1050 2984; x_wconf 85' lang='lat' dir='ltr'><strong>dia</strong></span> <span class='ocrx_word' id='word_1_153' title='bbox 1077 2919 1143 2985; x_wconf 84' lang='lat' dir='ltr'><strong>tati</strong></span> 
     </span>
     <span class='ocr_line' id='line_1_23' title="bbox 89 3030 1142 3133; baseline 0 -29"><span class='ocrx_word' id='word_1_154' title='bbox 89 3032 140 3106; x_wconf 75' lang='lat' dir='ltr'><strong>hic</strong></span> <span class='ocrx_word' id='word_1_155' title='bbox 166 3060 246 3105; x_wconf 85' lang='lat' dir='ltr'><strong>esse</strong></span> <span class='ocrx_word' id='word_1_156' title='bbox 265 3037 426 3133; x_wconf 86' lang='lat' dir='ltr'><strong>potestis.</strong></span> <span class='ocrx_word' id='word_1_157' title='bbox 454 3036 635 3106; x_wconf 75' lang='lat' dir='ltr'><strong>Praeterea</strong></span> <span class='ocrx_word' id='word_1_158' title='bbox 660 3059 747 3106; x_wconf 80' lang='lat' dir='ltr'><strong>arva</strong></span> <span class='ocrx_word' id='word_1_159' title='bbox 776 3033 912 3105; x_wconf 85' lang='lat' dir='ltr'><strong>inculta</strong></span> <span class='ocrx_word' id='word_1_160' title='bbox 940 3049 974 3103; x_wconf 86' lang='lat' dir='ltr'><strong>et</strong></span> <span class='ocrx_word' id='word_1_161' title='bbox 1002 3030 1142 3130; x_wconf 64' lang='lat' dir='ltr'><strong>irpruc-</strong></span> 
     </span>
     <span class='ocr_line' id='line_1_24' title="bbox 90 3147 1142 3249; baseline 0 -29"><span class='ocrx_word' id='word_1_162' title='bbox 90 3167 211 3236; x_wconf 83' lang='lat' dir='ltr'><strong>tunsa,</strong></span> <span class='ocrx_word' id='word_1_163' title='bbox 242 3168 431 3248; x_wconf 84' lang='lat' dir='ltr'><strong>uestroque</strong></span> <span class='ocrx_word' id='word_1_164' title='bbox 457 3150 572 3222; x_wconf 83' lang='lat' dir='ltr'><strong>labori</strong></span> <span class='ocrx_word' id='word_1_165' title='bbox 596 3153 776 3223; x_wconf 79' lang='lat' dir='ltr'><strong>invenistis</strong></span> <span class='ocrx_word' id='word_1_166' title='bbox 801 3153 960 3249; x_wconf 83' lang='lat' dir='ltr'><strong>ingrata.</strong></span> <span class='ocrx_word' id='word_1_167' title='bbox 985 3147 1041 3219; x_wconf 84' lang='lat' dir='ltr'><strong>Ad</strong></span> <span class='ocrx_word' id='word_1_168' title='bbox 1066 3147 1142 3220; x_wconf 84' lang='lat' dir='ltr'><strong>haec</strong></span> 
     </span>
     <span class='ocr_line' id='line_1_25' title="bbox 89 3265 1144 3365; baseline 0.002 -30"><span class='ocrx_word' id='word_1_169' title='bbox 89 3266 297 3339; x_wconf 75' lang='lat' dir='ltr'><strong>venerahilis</strong></span> <span class='ocrx_word' id='word_1_170' title='bbox 320 3283 420 3365; x_wconf 84' lang='lat' dir='ltr'><strong>pater</strong></span> <span class='ocrx_word' id='word_1_171' title='bbox 443 3266 629 3356; x_wconf 84' lang='lat' dir='ltr'><strong>Ebrulius,</strong></span> <span class='ocrx_word' id='word_1_172' title='bbox 651 3285 688 3338; x_wconf 91' lang='lat' dir='ltr'><strong>ut</strong></span> <span class='ocrx_word' id='word_1_173' title='bbox 703 3284 780 3339; x_wconf 84' lang='lat' dir='ltr'><strong>erat</strong></span> <span class='ocrx_word' id='word_1_174' title='bbox 798 3269 854 3339; x_wconf 87' lang='lat' dir='ltr'><strong>vir</strong></span> <span class='ocrx_word' id='word_1_175' title='bbox 867 3267 1054 3365; x_wconf 88' lang='lat' dir='ltr'><strong>eloquens,</strong></span> <span class='ocrx_word' id='word_1_176' title='bbox 1074 3265 1144 3337; x_wconf 85' lang='lat' dir='ltr'><strong>sin-</strong></span> 
     </span>
     <span class='ocr_line' id='line_1_26' title="bbox 88 3378 1141 3483; baseline -0.003 -29"><span class='ocrx_word' id='word_1_177' title='bbox 88 3384 162 3480; x_wconf 76' lang='lat' dir='ltr'><strong>gola</strong></span> <span class='ocrx_word' id='word_1_178' title='bbox 178 3384 466 3482; x_wconf 87' lang='lat' dir='ltr'><strong>propositionum</strong></span> <span class='ocrx_word' id='word_1_179' title='bbox 483 3401 681 3473; x_wconf 85' lang='lat' dir='ltr'><strong>exsecutus,</strong></span> <span class='ocrx_word' id='word_1_180' title='bbox 699 3384 883 3483; x_wconf 87' lang='lat' dir='ltr'><strong>respondit</strong></span> <span class='ocrx_word' id='word_1_181' title='bbox 901 3415 909 3452; x_wconf 92' lang='lat'><strong>:</strong></span> <span class='ocrx_word' id='word_1_182' title='bbox 930 3386 1041 3471; x_wconf 84' lang='lat' dir='ltr'><strong>Vere,</strong></span> <span class='ocrx_word' id='word_1_183' title='bbox 1047 3378 1141 3478; x_wconf 87' lang='lat' dir='ltr'><strong>fra-</strong></span> 
     </span>
    </p>
   </div>
   <div class='ocr_carea' id='block_1_3' title="bbox 118 3672 669 3949">
    <p class='ocr_par' dir='ltr' id='par_1_4' title="bbox 118 3672 669 3949">
     <span class='ocr_line' id='line_1_27' title="bbox 118 3672 669 3770; baseline 0.004 -19"><span class='ocrx_word' id='word_1_184' title='bbox 118 3699 157 3768; x_wconf 86' lang='lat' dir='ltr'><strong>(r)</strong></span> <span class='ocrx_word' id='word_1_185' title='bbox 167 3697 330 3770; x_wconf 79' lang='lat' dir='ltr'><strong>Refugiam.</strong></span> <span class='ocrx_word' id='word_1_186' title='bbox 339 3672 421 3768; x_wconf 71' lang='lat' dir='ltr'><strong>(Mss.v</strong></span> <span class='ocrx_word' id='word_1_187' title='bbox 435 3699 496 3753; x_wconf 84' lang='lat' dir='ltr'><strong>Bec.</strong></span> <span class='ocrx_word' id='word_1_188' title='bbox 509 3708 538 3754; x_wconf 89' lang='lat' dir='ltr'><strong>et</strong></span> <span class='ocrx_word' id='word_1_189' title='bbox 550 3700 669 3770; x_wconf 86' lang='lat' dir='ltr'><strong>Conch.)</strong></span> 
     </span>
     <span class='ocr_line' id='line_1_28' title="bbox 120 3785 440 3861; baseline 0.009 -22"><span class='ocrx_word' id='word_1_190' title='bbox 120 3789 160 3854; x_wconf 86' lang='lat'><strong>(2)</strong></span> <span class='ocrx_word' id='word_1_191' title='bbox 173 3787 273 3840; x_wconf 86' lang='lat' dir='ltr'><strong>Psalm.</strong></span> <span class='ocrx_word' id='word_1_192' title='bbox 288 3805 379 3854; x_wconf 80' lang='lat' dir='ltr'><strong>crrrn,</strong></span> <span class='ocrx_word' id='word_1_193' title='bbox 395 3785 440 3861; x_wconf 83' lang='lat'><strong>57.</strong></span> 
     </span>
     <span class='ocr_line' id='line_1_29' title="bbox 119 3873 638 3949; baseline 0.01 -20"><span class='ocrx_word' id='word_1_194' title='bbox 119 3873 156 3946; x_wconf 77' lang='lat'><strong>(3)</strong></span> <span class='ocrx_word' id='word_1_195' title='bbox 169 3877 294 3930; x_wconf 81' lang='lat' dir='ltr'><strong>Patrem.</strong></span> <span class='ocrx_word' id='word_1_196' title='bbox 310 3877 389 3949; x_wconf 75' lang='lat' dir='ltr'><strong>(Mes.</strong></span> <span class='ocrx_word' id='word_1_197' title='bbox 407 3879 466 3934; x_wconf 89' lang='lat' dir='ltr'><strong>Bec.</strong></span> <span class='ocrx_word' id='word_1_198' title='bbox 481 3888 509 3933; x_wconf 88' lang='lat' dir='ltr'><strong>et</strong></span> <span class='ocrx_word' id='word_1_199' title='bbox 520 3880 638 3946; x_wconf 83' lang='lat' dir='ltr'><strong>Conch.)</strong></span> 
     </span>
    </p>
   </div>
   <div class='ocr_carea' id='block_1_4' title="bbox 91 3959 1145 4221">
    <p class='ocr_par' dir='ltr' id='par_1_5' title="bbox 91 3959 1145 4221">
     <span class='ocr_line' id='line_1_30' title="bbox 120 3959 1144 4043; baseline -0.004 -22"><span class='ocrx_word' id='word_1_200' title='bbox 120 3967 157 4033; x_wconf 72' lang='grc'><strong>(4)</strong></span> <span class='ocrx_word' id='word_1_201' title='bbox 175 3966 253 4021; x_wconf 84' lang='lat' dir='ltr'><strong>Nous</strong></span> <span class='ocrx_word' id='word_1_202' title='bbox 273 3986 342 4022; x_wconf 90' lang='lat' dir='ltr'><strong>nous</strong></span> <span class='ocrx_word' id='word_1_203' title='bbox 361 3980 546 4040; x_wconf 80' lang='lat' dir='ltr'><strong>permettrons</strong></span> <span class='ocrx_word' id='word_1_204' title='bbox 565 3970 600 4024; x_wconf 91' lang='lat' dir='ltr'><strong>de</strong></span> <span class='ocrx_word' id='word_1_205' title='bbox 613 3968 763 4024; x_wconf 80' lang='lat' dir='ltr'><strong>demandes</strong></span> <span class='ocrx_word' id='word_1_206' title='bbox 785 3988 815 4023; x_wconf 89' lang='lat' dir='ltr'><strong>ce</strong></span> <span class='ocrx_word' id='word_1_207' title='bbox 827 3959 882 4043; x_wconf 78' lang='lat' dir='ltr'><strong>que</strong></span> <span class='ocrx_word' id='word_1_208' title='bbox 894 3966 944 4022; x_wconf 86' lang='lat' dir='ltr'><strong>des</strong></span> <span class='ocrx_word' id='word_1_209' title='bbox 956 3965 1062 4020; x_wconf 76' lang='lat' dir='ltr'><strong>voleurs</strong></span> <span class='ocrx_word' id='word_1_210' title='bbox 1075 3982 1144 4037; x_wconf 86' lang='lat' dir='ltr'><strong>pou-</strong></span> 
     </span>
     <span class='ocr_line' id='line_1_31' title="bbox 91 4046 1145 4126; baseline -0.001 -19"><span class='ocrx_word' id='word_1_211' title='bbox 91 4053 175 4109; x_wconf 78' lang='lat' dir='ltr'><strong>vatent</strong></span> <span class='ocrx_word' id='word_1_212' title='bbox 187 4057 263 4110; x_wconf 85' lang='lat' dir='ltr'><strong>avoir</strong></span> <span class='ocrx_word' id='word_1_213' title='bbox 278 4060 293 4110; x_wconf 72' lang='lat' dir='ltr'><strong>t</strong></span> <span class='ocrx_word' id='word_1_214' title='bbox 312 4058 451 4116; x_wconf 76' lang='lat' dir='ltr'><strong>recueillis</strong></span> <span class='ocrx_word' id='word_1_215' title='bbox 462 4058 530 4113; x_wconf 86' lang='lat' dir='ltr'><strong>dans</strong></span> <span class='ocrx_word' id='word_1_216' title='bbox 543 4059 569 4113; x_wconf 83' lang='lat' dir='ltr'><strong>la</strong></span> <span class='ocrx_word' id='word_1_217' title='bbox 584 4059 655 4114; x_wconf 68' lang='lat' dir='ltr'><strong>foret</strong></span> <span class='ocrx_word' id='word_1_218' title='bbox 672 4059 707 4113; x_wconf 86' lang='lat' dir='ltr'><strong>de</strong></span> <span class='ocrx_word' id='word_1_219' title='bbox 723 4046 943 4123; x_wconf 73' lang='lat' dir='ltr'><strong>Sciat-Erronit,</strong></span> <span class='ocrx_word' id='word_1_220' title='bbox 959 4059 972 4109; x_wconf 83' lang='lat' dir='ltr'><strong>ir</strong></span> <span class='ocrx_word' id='word_1_221' title='bbox 988 4056 1078 4109; x_wconf 85' lang='lat' dir='ltr'><strong>moins</strong></span> <span class='ocrx_word' id='word_1_222' title='bbox 1090 4072 1145 4126; x_wconf 89' lang='lat' dir='ltr'><strong>que</strong></span> 
     </span>
     <span class='ocr_line' id='line_1_32' title="bbox 91 4145 713 4221; baseline 0.008 -24"><span class='ocrx_word' id='word_1_223' title='bbox 91 4161 117 4197; x_wconf 84' lang='lat' dir='ltr'><strong>ee</strong></span> <span class='ocrx_word' id='word_1_224' title='bbox 128 4163 162 4198; x_wconf 90' lang='lat' dir='ltr'><strong>ue</strong></span> <span class='ocrx_word' id='word_1_225' title='bbox 176 4145 219 4199; x_wconf 78' lang='lat' dir='ltr'><strong>tot</strong></span> <span class='ocrx_word' id='word_1_226' title='bbox 230 4145 266 4200; x_wconf 90' lang='lat' dir='ltr'><strong>du</strong></span> <span class='ocrx_word' id='word_1_227' title='bbox 283 4148 371 4218; x_wconf 74' lang='lat' dir='ltr'><strong>gibier</strong></span> <span class='ocrx_word' id='word_1_228' title='bbox 384 4167 455 4221; x_wconf 89' lang='lat' dir='ltr'><strong>pour</strong></span> <span class='ocrx_word' id='word_1_229' title='bbox 468 4150 527 4204; x_wconf 88' lang='lat' dir='ltr'><strong>leur</strong></span> <span class='ocrx_word' id='word_1_230' title='bbox 541 4149 713 4206; x_wconf 86' lang='lat' dir='ltr'><strong>subsistauce.</strong></span> 
     </span>
    </p>
   </div>
   <div class='ocr_carea' id='block_1_5' title="bbox 0 0 1448 4934">
    <p class='ocr_par' dir='ltr' id='par_1_6' title="bbox 0 0 1448 4934">
     <span class='ocr_line' id='line_1_33' title="bbox 0 0 1448 4934; baseline 0 1"><span class='ocrx_word' id='word_1_231' title='bbox 0 0 1448 4934; x_wconf 95' lang='lat' dir='ltr'><strong> </strong></span> 
     </span>
    </p>
   </div>
  </div>
 </body>
</html>
