2888 4934
185 448 281 523 [tusto
298 444 391 519 1097]
580 441 698 502 LtBEtt
719 437 857 499 NONUS.
1193 439 1254 499 503

183 573 228 647 de
241 575 372 646 Sancto
382 571 506 658 Paulo;
519 571 687 645 Conanus
699 593 844 672 quoque
857 568 972 657 Brito,
987 565 1080 639 lilius
1089 567 1255 641 Gaulredi

184 690 326 765 comitis
340 690 413 787 (t),
432 703 468 760 et
485 687 656 760 Radullus
672 686 717 759 de
729 685 872 759 Guader
889 686 962 783 (2),
978 701 1014 757 et
1026 685 1202 784 Rogerius
1213 684 1257 758 de

183 807 387 879 Barnevilla
413 806 485 904 (ὅ),
508 832 591 876 eum
607 806 678 877 suis
699 802 915 903 agminibus.
935 800 1151 901 Adportam
1170 828 1258 877 vero

183 922 422 995 meridianam
447 921 646 995 Tolosanus
673 938 710 993 et
732 919 914 995 Podiensis
934 918 1173 993 excubabant.
1195 921 1255 993 lsti

184 1039 305 1139 itaque
318 1040 368 1111 sic
381 1036 511 1111 urbem
523 1038 858 1130 circumdederant,
871 1054 913 1110 ut
924 1062 1032 1111 nemo
1046 1037 1186 1137 ingredi
1200 1039 1257 1111 uel

185 1154 308 1254 egredi
325 1170 462 1254 posset,
489 1156 557 1227 nisi
586 1157 759 1256 lacuque
790 1154 913 1227 civitas
937 1152 1161 1253 cingebatur.
1189 1155 1258 1226 Per

185 1272 304 1345 lacum
323 1273 476 1373 quippe,
497 1271 710 1346 Christianis
726 1271 950 1359 videntibus,
975 1273 1089 1344 securi
1107 1272 1258 1372 gentiles

186 1390 420 1489 navigabant,
447 1389 587 1491 sibique
614 1391 807 1464 necessaria
838 1391 982 1489 navigio
1007 1387 1256 1463 devectabant.

185 1506 323 1580 Verum
335 1505 469 1579 Christi
486 1508 614 1580 militia
629 1505 856 1580 laudabiliter
873 1506 1032 1580 Nicaeam
1049 1505 1255 1597 obsederat,

185 1639 223 1696 et
244 1641 357 1697 castra
379 1626 555 1723 speciosa,
586 1626 815 1723 tentoriaque
844 1624 1033 1723 imperiosa
1058 1625 1095 1696 in
1126 1621 1256 1695 Christi

186 1743 335 1818 nomine
363 1740 561 1840 prudenter
590 1741 824 1841 disposuerat.
857 1742 1057 1842 Fulgebant
1083 1743 1120 1814 in
1151 1741 1259 1815 armis

186 1858 399 1949 Christiani,
419 1860 646 1960 maximeque
664 1859 701 1933 in
714 1884 860 1933 morum
872 1876 1003 1933 ornatu
1016 1875 1121 1932 erant
1133 1858 1260 1934 decen·

186 1976 326 2048 tissimi.
355 1976 482 2049 Mundi
507 1976 689 2065 moribus,
708 1978 823 2076 segeti
853 1975 1086 2075 corporibus,
1106 1976 1257 2049 animosi

184 2090 393 2190 pectoribus
420 2092 639 2165 militabant.
669 2092 869 2166 Animabus
893 2094 964 2167 suis
984 2091 1256 2192 praecavebant,

186 2209 305 2282 carnis
316 2210 564 2283 voluntatibus
582 2227 619 2284 et
630 2211 875 2310 voluptatibus
888 2211 1010 2285 omnia
1024 2210 1149 2284 illicita
1161 2208 1260 2283 abdi-

185 2324 329 2399 cabant.
349 2328 418 2425 lpsi
438 2326 544 2400 duces
557 2327 781 2419 militabant,
801 2328 994 2430 omniaque
1010 2326 1258 2428 disponentes,

184 2443 345 2543 aliosque
353 2442 597 2536 cohortantes,
613 2445 678 2544 ipsi
691 2443 930 2519 excubabant.
944 2444 997 2517 lbi
1008 2446 1260 2519 eratomnium

195 2664 311 2675 ——-

218 2800 260 2872 (ι)
273 2800 384 2869 Conan,
401 2803 525 2875 premier
542 2802 582 2858 du
595 2821 677 2871 nom,
691 2784 794 2860 second
809 2805 852 2861 fils
864 2805 899 2861 de
913 2805 1049 2862 Godelroi
1063 2806 1106 2874 1³,
1122 2805 1165 2862 dit
1176 2805 1259 2861 Bote-

183 2887 242 2957 rel,
261 2900 354 2947 comte
372 2891 407 2947 de
424 2892 573 2949 Lamballe.
590 2895 630 2950 Ce
647 2894 778 2968 seigneur
793 2895 837 2951 sut
849 2899 898 2951 tue
913 2898 929 2950 b
945 2894 970 2951 la
988 2896 1100 2951 bataille
1114 2895 1154 2950 du
1171 2896 1259 2952 Pont-

183 2978 301 3050 deFer,
315 2991 345 3038 et
357 2982 412 3038 l’on
425 2985 517 3057 voyait
528 3002 643 3052 encore,
659 2984 832 3059 long-temps
843 2986 937 3059 apres,
951 2985 1019 3041 dans
1031 2986 1057 3041 le
1071 2987 1211 3059 saisinage
1224 2985 1260 3041 de

176 3086 218 3125 'ee
229 3080 313 3144 pont,
334 3089 385 3127 son
404 3073 553 3142 tombeau,
570 3078 714 3130 surmonte
727 3074 811 3130 d'une
826 3060 920 3148 pierre
931 3087 961 3133 et
973 3074 1058 3131 d'une
1072 3077 1157 3131 croix.
1171 3076 1260 3132 Nou-e

183 3169 287 3217 auteur
298 3161 394 3219 oublie
410 3163 447 3219 de
462 3165 641 3220 mentionner
654 3166 689 3220 ici
701 3183 741 3219 un
759 3183 934 3240 personnage
951 3167 1096 3241 beaucoup
1109 3165 1172 3240 plus
1188 3167 1259 3221 emi-

184 3259 277 3307 nent:
295 3250 378 3307 Alain
397 3253 533 3326 Fergant,
557 3253 613 3309 duc
636 3254 671 3310 de
696 3254 834 3330 Bretagne
861 3267 890 3312 et
914 3256 1076 3313 beau-frere
1095 3256 1131 3312 de
1152 3256 1261 3315 Robert

184 3334 395 3409 Courteheuse,
409 3342 458 3419 qui
471 3342 530 3417 prit
541 3341 698 3416 egolement
710 3355 773 3419 part
786 3348 801 3399 ὲ
813 3345 837 3400 la
851 3346 989 3419 premiere
1001 3345 1134 3401 croisade.

220 3426 262 3501 (a)
283 3428 325 3484 Ce
345 3448 534 3506 personnage,
556 3434 637 3506 apres
657 3451 707 3489 son
727 3433 872 3507 expulsion
891 3435 1085 3508 d'Angleterre
1104 3436 1201 3508 (voyea
1220 3435 1260 3491 ci·-

183 3514 293 3586 httu,
306 3527 328 3574 t.
342 3519 386 3587 ll,
400 3540 429 3594 p.
444 3519 596 3593 ate-264),
610 3524 700 3579 s’etait
712 3524 801 3579 retire
812 3523 882 3579 dans
900 3543 943 3579 ses
957 3525 1113 3598 proprietc's
1125 3525 1260 3598 patrimo-

178 3604 274 3683 ,fibla
284 3606 321 3663 de
332 3607 487 3684 Bretagne.
481 3634 487 3645 ·
500 3611 528 3666 G
530 3611 572 3667 ael
584 3623 613 3668 et
629 3612 930 3669 Montsou-ta-canne.

220 3670 269 3773 lb)
280 3696 378 3773 Roget·
389 3699 426 3755 de
438 3700 602 3758 Bamerille·
592 3721 670 3759 --sur
656 3706 733 3759 -tter
746 3704 905 3778 (blanche).
923 3705 1032 3778 Voyez,
1046 3722 1094 3760 sur
1105 3705 1261 3778 l'enaplace·

162 3786 314 3859 mtsssta
322 3789 441 3846 chiteau
452 3802 482 3846 et
490 3809 539 3847 sur
547 3792 573 3848 la
581 3793 685 3850 lamille
697 3794 732 3850 de
745 3806 790 3850 cet
800 3793 908 3850 illustre
923 3796 1059 3868 guerrien
1073 3806 1155 3852 notre
1167 3807 1262 3852 suvant

157 3868 244 3935 Η
256 3878 297 3935 ΙΙ.
314 3878 352 3937 tle
367 3880 492 3938 Gerville
503 3884 648 3954 (Araricus
668 3885 810 3941 cltdteaux
823 3885 864 3941 du
878 3885 1072 3958 department
1083 3886 1118 3942 de
1131 3887 1160 3943 la
1173 3888 1260 3943 Man-

243 3966 336 4039 ,tl⁸n⁸
346 3968 387 4045 les
398 3972 550 4029 Mehtot'res
564 3973 599 4029 de
614 3975 643 4029 la
655 3975 768 4029 Socie'te'
773 3975 825 4030 des
836 3978 1011 4049 antiquaires
1023 3975 1058 4031 de
1075 3975 1259 4047 Narmandie,

245 4074 299 4131 ,p
311 4054 392 4134 ⁸59).
406 4058 496 4115 Notre
507 4071 608 4116 auteur
626 4061 721 4117 oublie
737 4062 772 4118 de
784 4064 864 4134 citer,
879 4082 913 4118 au
928 4064 1044 4120 nombre
1056 4063 1105 4120 des
1119 4065 1262 4140 seigneur-s

241 4144 405 4205 --rrtstrent
424 4150 533 4207 asecle
551 4151 606 4208 duc
624 4151 660 4208 de
680 4151 867 4227 Normandie,
881 4155 908 4211 le
927 4166 1018 4213 comte
1029 4154 1174 4213 d’rlumale
1188 4167 1217 4211 et
1236 4155 1263 4213 le

301 4234 495 4315 lellonlogne.
