2888 4934
497 409 614 470 LIBER
635 409 791 472 SEXTUS.
1134 413 1172 475 49

120 559 237 614 tamen
253 557 393 639 peccata
410 567 469 612 sua
484 540 678 613 seeundum
694 543 849 614 Danielis
867 544 1055 616 consilium
1073 545 1171 617 redi-

116 673 235 729 munt.
255 655 315 727 lsti
330 655 499 727 nimirum
522 673 639 753 partes
655 683 731 728 suas
748 655 792 728 de
814 655 990 729 manubiis
1016 657 1171 731 hostium

117 772 312 870 accipiunt,
342 769 428 843 dum
451 770 495 843 de
520 773 671 846 terrenis
697 773 973 870 possessionibus
997 776 1071 848 Deo
1094 803 1172 849 ser-

117 888 291 959 vientium
307 887 520 959 monasteria
541 904 773 976 construunt,
795 905 833 961 et
851 887 896 961 de
917 891 1042 990 iniquo
1057 919 1173 964 mam·

116 1029 221 1078 mona
243 1030 440 1104 pauperum
460 1023 495 1077 et
513 1004 740 1079 infirmorum
756 1005 987 1079 Xenodochia
1009 1010 1066 1108 pie
1090 1035 1173 1082 con-

115 1124 286 1211 stituunt,
306 1121 400 1226 etde
415 1122 618 1195 substantiis
632 1123 702 1195 suis
721 1123 925 1196 oratoribus
939 1126 1022 1197 coeli
1039 1126 1172 1197 victum

114 1256 148 1312 et
160 1241 327 1312 vestitum
341 1241 548 1339 porrigunt.
562 1239 677 1313 Porro
693 1265 756 1311 rex
770 1240 1022 1324 Sodomorum,
1042 1243 1171 1312 trium-

114 1354 235 1454 pbanti
248 1354 383 1427 Abram
394 1353 553 1440 adulans,
568 1353 752 1427 diabolum
764 1355 906 1454 figurat,
923 1357 983 1454 qui
1000 1357 1099 1428 mille
1112 1383 1172 1428 ar-

114 1471 208 1545 tibus
224 1471 378 1546 nocendi
395 1473 542 1544 Sanctos
558 1470 717 1572 quotidie
734 1489 863 1562 tentat;
882 1499 971 1571 quos
987 1472 1170 1546 blanditiis

112 1605 146 1658 et
165 1585 364 1659 terroribus
382 1603 484 1660 nocte
495 1584 623 1686 dieque
641 1586 845 1686 impugnat,
866 1604 902 1658 et
913 1588 1033 1659 omnia
1046 1587 1170 1660 mundi

112 1703 385 1792 delectamenta,
407 1701 618 1802 divitiasque
640 1704 696 1774 vel
720 1703 874 1776 honores
893 1703 937 1776 ad
959 1702 1028 1777 boc
1046 1703 1172 1776 callide

111 1820 389 1908 sumministrat,
418 1837 457 1891 ut
483 1820 616 1891 animas
648 1819 877 1893 solummodo
904 1822 939 1891 in
960 1819 1172 1891 barathrum

111 1934 323 2035 perditionis
341 1961 460 2009 secum
479 1935 675 2035 pertrabat.
694 1936 828 2009 Abram
847 1962 933 2010 vero
957 1936 1171 2010 blandientis

109 2053 360 2126 assentationes
372 2053 466 2152 regis
480 2055 715 2152 contempsit,
733 2079 798 2128 nec
813 2054 931 2127 laudes
942 2080 1007 2127 nec
1020 2080 1169 2126 munera

109 2167 282 2267 quaelibet
297 2167 342 2239 ab
361 2168 424 2241 illo
440 2171 599 2267 recipere
620 2168 768 2269 dignum
784 2169 909 2261 duxit,
933 2171 992 2242 sed
1016 2171 1170 2243 commi-

109 2282 281 2357 litonibus
292 2300 432 2357 tantum
446 2287 516 2358 suis
529 2302 646 2384 partes
665 2313 761 2374 suas,
783 2304 819 2358 et
835 2315 916 2388 quar
933 2287 1089 2361 adesum
1108 2312 1170 2358 ne·

107 2402 254 2474 cessaria
279 2417 399 2488 erant,
425 2428 564 2476 sumere
581 2405 756 2501 permisit.
782 2404 840 2476 Sic
866 2405 1039 2476 nimirum
1056 2405 1168 2476 saneti

106 2520 196 2604 viri,
217 2517 304 2589 dum
327 2520 362 2590 in
389 2517 454 2591 bae
476 2521 547 2592 vita
567 2536 705 2618 tempus
731 2521 868 2592 militiae
885 2547 957 2593 suae
973 2536 1166 2620 peragunt,

106 2635 226 2709 omnia
244 2634 422 2708 mundana
442 2662 510 2733 pro
527 2637 662 2709 coelesti
688 2636 863 2711 desiderio
886 2654 1080 2735 spernunt,
1103 2661 1168 2709 nec

107 2752 219 2825 ullam
238 2752 434 2826 mercedem
466 2779 533 2850 pro
561 2756 757 2826 sanctitatis
783 2779 854 2825 suae
880 2752 1168 2825 remuneratione

106 2883 294 2965 appetunt.
324 2867 460 2939 Verum
477 2866 676 2940 mundanos
702 2869 898 2966 principes,
919 2868 980 2967 qui
1009 2865 1076 2939 fide
1100 2866 1165 2938 Ga-

108 2985 240 3057 tholica
258 3002 293 3056 et
313 3001 531 3057 aeternorum
549 2983 723 3058 desiderio
739 2985 923 3058 bonorum
936 2990 986 3058 eis
998 2986 1167 3058 comitan-

107 3119 182 3189 tur,
202 3101 396 3173 admonent
412 3119 452 3173 ut
475 3101 627 3174 ecclesiis
645 3119 763 3201 partes
778 3129 856 3174 suas
878 3102 921 3174 de
942 3103 1166 3200 patrimoniis

105 3236 143 3292 et
170 3217 363 3319 quaestibus
380 3220 449 3290 suis
475 3217 630 3306 donent,
650 3237 685 3291 et
710 3245 839 3318 egenos
864 3218 1059 3319 mundique
1084 3245 1166 3290 con·

106 3354 303 3435 temptores
318 3337 387 3408 suis
406 3335 583 3408 beneficiis
598 3353 795 3409 sustentent
802 3367 812 3423 ;
832 3353 906 3408 uta
924 3335 1083 3421 christu,
1103 3335 1163 3432 qui

104 3480 143 3525 se
162 3454 197 3524 in
217 3451 431 3550 pauperibus
447 3478 519 3525 esse
541 3455 679 3540 asserit,
703 3477 898 3551 perennem
921 3452 1073 3550 gloriam
1096 3447 1163 3520 sibi

104 3569 308 3643 vendicent.
335 3570 458 3641 Multis
476 3568 669 3668 approbari
696 3585 812 3668 potest
833 3565 1104 3640 auctoritatibus
1127 3581 1163 3637 et

103 3687 276 3784 exemplis
292 3685 389 3786 quod
406 3703 544 3759 tantum
562 3686 629 3759 sibi
649 3686 811 3759 homines
829 3687 989 3758 retinent
1005 3683 1048 3755 ad
1060 3709 1163 3755 emo·

102 3807 307 3876 lamentum
337 3820 481 3875 aeternae
509 3804 648 3890 salutis,
673 3819 848 3902 quantum
874 3804 910 3872 in
939 3801 1161 3898 eleemosyna

99 3919 382 3993 misericorditer
401 3918 620 3993 distribuunt
638 3924 738 4020 juxta
755 3937 975 4018 praeceptum
1000 3918 1163 3990 Salvato-

98 4039 162 4109 ris.
183 4037 276 4109 Nam
299 4063 338 4109 ea
354 4062 434 4136 quae
452 4062 520 4134 pro
543 4036 778 4109 delectatione
796 4036 912 4108 caruis
929 4033 1078 4133 prodige
1101 4032 1160 4102 di-

94 4154 283 4243 strabunt',
299 4179 360 4227 seu
378 4181 445 4251 pro
459 4154 650 4228 mundialis
666 4155 761 4226 inani
781 4153 970 4251 splendore
986 4149 1160 4222 felicitatis

175 4295 232 4341 nr.
992 4274 1012 4353 4
1127 4285 1128 4289 ’
