2888 4934
176 391 249 449 ars
467 378 652 440 nrsroun
674 376 980 438 ncctnsnsrrcl.
1151 380 1262 457 [¹⁰⁹⁷]

186 517 303 588 culter
325 513 501 596 obtinuit,
518 508 561 581 ad
586 508 754 582 tuendam
774 500 811 581 et
826 506 1102 608 expugnandam
1122 523 1260 580 terram

188 633 223 703 in
248 629 417 702 fidelitate
440 628 561 699 Sancti
589 626 751 723 Sepulcri
776 640 812 697 et
839 623 1131 697 Christianitatis.
1163 625 1262 698 Boa-

185 744 352 830 mundus‚
371 745 581 817 militarium
598 744 828 842 negotiorum
839 741 1122 830 virindustrius,
1139 743 1262 816 accitis

184 862 359 935 militibus
373 861 417 934 de
430 862 502 933 suis
517 885 607 960 quos
621 859 757 950 voluit,
771 859 909 933 'lurcos
918 915 929 948 ,
945 859 1007 959 qui
1020 858 1260 932 Plastenciam

184 979 422 1067 obsederant,
442 995 477 1051 et
493 977 690 1050 exercitum
707 975 800 1049 haud
817 976 926 1076 longe
941 976 1124 1076 praeibant
1139 993 1183 1050 ut
1199 1004 1262 1051 no

182 1112 325 1184 cevent,
356 1094 497 1168 curiose
523 1094 700 1166 insecutus
722 1109 794 1182 est,
822 1091 881 1165 sed
905 1094 1056 1180 frustra,
1085 1095 1258 1193 quoniam

185 1239 249 1288 eos
265 1214 428 1286 invenire
446 1238 519 1285 non
538 1212 669 1309 potuit.

231 1331 390 1406 Ventum
405 1347 458 1403 est
473 1329 516 1402 ad
529 1328 655 1401 Coxon
668 1329 736 1426 (r),
751 1327 912 1401 nobilem
924 1344 961 1400 et
974 1329 1160 1427 copiosam
1174 1328 1259 1402 civi·

183 1465 312 1536 tatem,
332 1474 439 1548 quam
457 1446 591 1518 alumni
611 1445 707 1516 illius
724 1443 952 1533 Christianis,
970 1444 1144 1518 fratribus
1167 1448 1255 1532 suis,

184 1565 340 1640 libenter
361 1562 608 1637 reddiderunt.
628 1560 681 1634 lbi
701 1561 816 1634 tribus
833 1562 957 1635 diebus
974 1565 1142 1663 fatigatus
1166 1591 1258 1662 pau-

182 1685 272 1756 savit
294 1682 485 1755 exercitus.
515 1681 680 1753 Relatum
709 1696 762 1752 est
787 1681 910 1754 comiti
930 1680 1134 1770 Tolosano,
1162 1681 1259 1782 quod

182 1801 291 1872 'l'urci
301 1854 311 1887 ,
330 1800 392 1899 qui
410 1800 553 1872 luerunt
570 1798 606 1869 in
626 1794 830 1871 Antiochiae
844 1796 1023 1887 custodia,
1037 1797 1260 1872 discedentes

182 1914 412 2013 aufugissent.
434 1914 563 2012 lgitur,
589 1939 670 1984 cum
692 1913 762 1985 auls
786 1912 1006 2001 consiliatus,
1035 1914 1145 2013 elegit
1171 1940 1261 2014 quos

183 2031 442 2131 praemitteret,
475 2032 535 2131 qui
576 2031 643 2103 iter
680 2029 873 2130 diligenter
912 2032 1191 2131 investigarent,
1227 2048 1261 2104 et

183 2167 313 2224 caetera
339 2151 479 2224 curiose
496 2149 743 2247 explorarent.
765 2145 822 2219 Ad
840 2144 909 2220 boc
925 2146 1051 2221 directi
1079 2164 1167 2221 sunt
1193 2150 1259 2221 viri

185 2267 411 2354 consulares,
432 2281 470 2338 et
493 2264 693 2362 disciplinae
716 2263 883 2336 militaris
907 2265 1025 2364 gnari.
1052 2264 1263 2339 Vicecomes

184 2381 229 2456 de
248 2383 481 2472 Castellione,
502 2381 714 2454 Guillelmus
738 2380 782 2454 de
801 2380 1119 2470 Monte-Peslerio,
1136 2385 1263 2455 Petrus

185 2497 231 2572 de
253 2499 368 2615 lloasa
396 2515 433 2572 et
459 2500 586 2572 Petrus
616 2497 838 2570 Raimundus
864 2499 940 2597 (a),
972 2525 1054 2571 cum
1086 2497 1265 2570 militibus

187 2834 293 2885 arme'es
305 2831 460 2903 Grecques,
478 2840 507 2883 et
517 2827 611 2883 devint
621 2832 636 2882 a
646 2828 878 2900 Constantinople
890 2828 914 2882 la
923 2826 1025 2882 souche
1036 2826 1073 2881 de
1084 2826 1110 2881 la
1123 2828 1264 2899 puissaute

187 2919 293 2975 lamille
306 2919 355 2974 des
367 2919 551 2991 Petralipbes.

223 3011 262 3081 (r)
276 3010 364 3064 Cosor
381 3026 415 3062 ou
436 3010 558 3074 Coeson,
575 3007 692 3063 l'aucien
714 3009 852 3075 Casurus,
871 3007 978 3063 celebre
991 3026 1041 3079 par
1055 3005 1129 3061 l'exil
1144 3007 1181 3062 de
1196 3008 1265 3060 saint

187 3101 255 3156 Jean
269 3099 482 3170 Chrysostbme,
499 3102 564 3163 eul
584 3102 609 3163 4.

225 3190 264 3259 (a)
277 3189 387 3255 pierre,
401 3188 519 3243 vicomte
532 3187 723 3254 deCastillon.

223 3275 385 3334 Guillaume
402 3277 440 3344 V,
459 3276 502 3331 fila
519 3276 752 3348 d'Errnengarde,
773 3277 904 3348 seigneur
923 3274 958 3329 de
975 3266 1157 3347 Montpellier
1171 3270 1265 3340 (roat-

193 3370 282 3436 rrar).
296 3366 336 3420 Ce
349 3365 480 3437 seigneur
495 3382 524 3419 se
538 3363 680 3436 distingue
695 3383 730 3419 au
747 3365 822 3436 siege
835 3363 870 3418 de
881 3362 1011 3431 Marrah,
1024 3372 1053 3415 et
1068 3380 1086 3434 y
1101 3360 1265 3415 commanda

190 3454 217 3511 la
229 3466 295 3511 tour
307 3454 410 3510 mobile
418 3454 454 3509 de
467 3454 542 3522 bois,
559 3472 593 3508 au
607 3473 706 3527 moyen
720 3454 756 3509 de
768 3452 885 3528 laquelle
896 3471 932 3508 ou
945 3455 1060 3525 pe'ue'tra
1072 3450 1142 3506 dans
1154 3452 1179 3506 la
1193 3451 1264 3506 ville.

192 3545 248 3601 Son
262 3546 317 3608 fils.
331 3544 402 3599 dont
420 3562 457 3599 on
474 3554 573 3599 trouve
584 3545 611 3599 le
623 3554 772 3600 testameut
783 3544 853 3598 dans
863 3543 890 3598 le
908 3543 1046 3615 Spicilege
1060 3541 1096 3596 de
1116 3539 1264 3614 d’Acbery‚

192 3634 245 3689 alla
257 3637 329 3690 aussi
343 3634 395 3689 lla
407 3635 618 3690 Terre-Salute.

227 3723 442 3778 Probablement
454 3725 550 3778 Pierre
563 3722 598 3777 de
607 3723 693 3779 Roaix
704 3725 714 3796 (
721 3723 877 3792 Vaucluse)
888 3723 1007 3792 (Petrus
1017 3721 1054 3776 de
1062 3722 1163 3785 Iloiers,
1174 3722 1266 3777 Pierre

194 3810 375 3880 Tudebode).

230 3901 324 3953 Pierre
337 3899 478 3954 Raimond
490 3901 672 3974 d’Hautpoul.

207 4045 210 4052 ,
228 3992 323 4047 Pierre
335 3990 489 4046 Tudebode
502 3993 595 4063 ajoute
608 4012 647 4046 un
660 4003 740 4047 atttre
752 4011 923 4067 personnage
937 3992 1005 4065 qu'il
1016 3991 1125 4064 aptrelle
1138 3990 1265 4045 Aralt'um

196 4079 392 4139 vicecomitem,
407 4086 435 4129 et
448 4080 497 4150 qui
510 4099 613 4151 envoya
624 4100 659 4136 au
675 4093 765 4135 comte
780 4081 815 4135 de
828 4080 970 4135 Toulouse
981 4080 1096 4150 plenam
1110 4079 1221 4133 hastam
1235 4075 1267 4130 de

191 4170 277 4223 labiis
289 4178 316 4223 et
330 4167 447 4223 rensibus
465 4170 629 4223 Terrarum.
