2888 4934
245 435 303 497 134
516 435 699 496 HISTORIA
722 434 1026 501 EchEstssrlcn.

241 566 399 639 vinculis
418 566 550 662 regula
568 566 665 640 illius
677 572 757 668 jam
775 573 1079 669 coustringuntur,
1093 573 1301 671 suppedita-

243 683 321 759 bit?
330 684 463 757 Multis
473 684 692 758 evidentibus
711 686 936 762 documentis
951 686 1144 789 manifeste
1151 692 1302 788 patescit

242 802 345 904 quod
359 802 531 899 benignus
549 808 732 902 magister,
750 807 836 905 jam
854 834 878 879 a
896 808 977 881 Deo
993 813 1032 881 in
1046 808 1149 882 coelis
1164 805 1302 906 glorifi-

242 936 365 1009 catus,
389 946 460 1023 pro
476 920 704 1023 supplicibus
720 922 913 1026 discipulis
935 927 1179 1001 indesinenter
1195 928 1305 999 iuter-

241 1040 354 1131 cedit,
373 1045 492 1140 eisque
504 1041 664 1138 quotidie
679 1046 718 1112 in
734 1045 1009 1117 necessitatibus
1025 1048 1101 1118 suis
1114 1043 1308 1143 efficaciter

241 1157 413 1233 subserit.
442 1157 520 1232 Nos
548 1159 689 1258 itaque,
722 1164 786 1257 qui
806 1162 891 1260 jum
916 1150 993 1234 lene
1011 1163 1150 1262 jugum
1174 1158 1310 1233 Christi

242 1278 485 1377 suscepimus,
511 1291 546 1345 et
564 1274 712 1376 pondus
729 1276 803 1348 diei
819 1295 852 1348 et
875 1295 1003 1369 cestus,
1030 1281 1070 1350 in
1096 1279 1177 1378 ejus
1203 1278 1309 1350 vinea

242 1390 459 1481 laborantes,
468 1390 640 1487 ferimus,
658 1394 697 1464 in
711 1392 868 1466 bonitate
879 1395 954 1466 Dei
965 1410 1166 1468 constantes
1179 1410 1217 1466 et
1223 1418 1309 1493 per-

241 1525 458 1598 seuerantes,
482 1510 571 1580 certi
585 1534 663 1582 esse
677 1508 851 1583 debemus
868 1511 971 1610 quod
987 1513 1123 1584 meritis
1140 1527 1174 1583 et
1187 1511 1311 1612 preci-

243 1626 309 1701 bus
321 1630 571 1727 sigmpotentis
584 1627 769 1700 didascali
781 1655 848 1701 nos
856 1645 1020 1730 proteget
1032 1644 1145 1727 atque
1155 1626 1312 1701 salvabit

242 1746 467 1845 omnipotens
487 1745 682 1817 Dominus.
709 1744 852 1819 Obnice
874 1773 960 1846 ergo
982 1754 1101 1848 ipsum
1117 1770 1313 1819 exoremus

243 1861 467 1937 conditorem
497 1864 762 1950 uniuersorum,
798 1881 838 1936 ut
868 1891 932 1937 nos
962 1865 1090 1963 egredi
1104 1862 1238 1961 faciat
1266 1861 1312 1935 de

243 1979 456 2073 Babylonia
469 1979 704 2081 etdefinibus
717 1980 994 2072 Chaldaeorum,
1008 1999 1042 2054 et
1054 1986 1093 2053 in
1104 1981 1312 2054 Jerusalem

244 2122 388 2170 currere
392 2122 616 2193 persuorum
624 2096 1165 2187 observantiammandatorum,
1176 2096 1313 2198 ibique,

244 2214 299 2287 ad
309 2214 543 2288 mudandum
551 2243 603 2305 se,
613 2242 680 2297 nos
688 2216 726 2287 in
734 2232 909 2288 aternum
919 2215 1073 2289 collocet
1085 2220 1124 2287 in
1136 2216 1316 2289 consortio

246 2331 377 2404 civium
399 2357 636 2429 supernorum
658 2333 883 2430 omnipotens
907 2350 941 2404 et
969 2332 1172 2405 misericors
1191 2331 1316 2422 Deus,
1367 2410 1372 2415 ,

245 2449 313 2547 qui
337 2449 426 2523 vivit
451 2465 486 2520 et
513 2466 641 2548 regnat
666 2476 733 2547 per
758 2452 881 2522 omnio
910 2450 1049 2523 saecula
1077 2448 1315 2538 saeculorum,

245 2590 367 2640 amen.

293 2683 373 2775 Huc
389 2708 500 2784 usque
509 2738 519 2773 ,
541 2711 607 2783 per
623 2681 777 2757 diversas
794 2683 997 2758 discurrens
1013 2684 1201 2775 materias,
1225 2686 1320 2758 scri-

245 2798 368 2879 berno
382 2804 547 2902 fatigatus
560 2830 659 2891 sum,
678 2820 714 2876 et
730 2802 814 2876 huic
829 2816 882 2879 v1⁰
897 2802 1057 2876 historioe
1070 2801 1439 2875 ecclesiastica-s

245 2918 372 2993 libello
388 2947 485 2993 nunc
508 2922 656 3019 impono
679 2924 890 2994 terminum.
910 2923 952 2993 ln
970 2922 1041 2995 alio
1057 2920 1194 3023 quippe
1209 2919 1414 2994 volu-2

246 3036 344 3108 mine
368 3039 421 3135 (ι)
448 3063 500 3110 vn
526 3036 668 3110 libellos
688 3039 881 3111 auxiliante
906 3039 982 3113 Deo
1004 3040 1078 3138 jam
1103 3037 1252 3137 peregi,
1282 3037 1375 3109 ἰιι

280 3329 406 3402 (1)C’est
417 3339 551 3384 cetnutre
562 3328 671 3383 volume
684 3329 855 3384 renfermaut
869 3329 907 3384 les
920 3341 982 3402 sept
996 3328 1121 3385 derniers
1136 3328 1235 3397 liures,
1253 3329 1334 3384 mais

246 3437 311 3475 avec
322 3438 378 3475 uue
390 3419 487 3474 lacuoe
497 3418 626 3474 sicheuse
639 3417 753 3493 (depuis
767 3419 805 3473 les
816 3421 967 3493 premibres
976 3439 1059 3493 pages
1070 3418 1107 3473 du
1119 3419 1256 3490 septibme
1265 3420 1328 3491 jus·

247 3511 310 3587 qu‘b
325 3509 352 3565 la
365 3510 403 3565 fin
417 3509 456 3565 du
469 3510 635 3581 huitibme),
653 3529 708 3585 que
721 3510 859 3584 possc'dait
873 3508 995 3584 l'abbaye
1007 3509 1043 3565 de
1055 3496 1278 3573 saint-Eurum,
1294 3519 1323 3564 et

247 3602 310 3677 qui,
330 3602 410 3675 grice
425 3622 460 3658 au
474 3603 531 3657 zile
547 3601 582 3657 de
599 3603 638 3656 Μ.
655 3603 737 3658 Louis
753 3602 871 3670 Dubois,
888 3604 994 3674 apasse
1007 3600 1076 3655 dans
1088 3600 1112 3655 la
1125 3598 1318 3674 bibliotheque

247 3692 416 3765 municipale
433 3692 595 3767 d’Aleneon.
611 3692 649 3746 La
661 3691 838 3747 coincidence
851 3702 944 3747 exacte
958 3691 993 3745 de
1007 3711 1038 3746 ce
1051 3690 1161 3768 volume
1176 3708 1243 3745 avec
1257 3689 1316 3744 l'in·

249 3778 371 3835 dication
383 3783 493 3836 lournie
507 3783 542 3836 ici
555 3801 605 3855 par
616 3792 697 3836 notre
711 3793 820 3850 auteur,
838 3801 873 3836 ne
887 3790 995 3855 peruret
1007 3782 1091 3855 guise
1105 3777 1140 3833 de
1151 3776 1257 3834 deuter
1268 3796 1317 3852 que

249 3887 280 3925 oe
293 3887 328 3925 ue
342 3871 395 3925 soit
405 3889 461 3925 une
474 3873 585 3944 portion
600 3871 638 3926 ‹lu
652 3872 804 3926 manuscrit
816 3870 951 3943 original;
966 3880 994 3924 ot
1011 3885 1119 3924 comme
1131 3867 1172 3921 les
1186 3866 1262 3922 deux
1273 3884 1316 3920 vo-

250 3958 337 4014 lurnes
353 3959 389 4014 de
407 3960 431 4014 la
448 3960 641 4035 bibliotheque
659 3962 773 4018 Colbrrt
786 3961 957 4015 reulermant
974 3960 1012 4015 les
1027 3960 1068 4013 six
1085 3957 1222 4031 premiers
1240 3956 1319 4011 livres

249 4059 312 4104 sont
325 4049 498 4105 visiblement
511 4052 545 4105 de
559 4050 584 4105 la
598 4052 687 4105 meme
703 4054 825 4125 ripsque,
842 4049 916 4104 dela
934 4049 1024 4105 rueme
1039 4048 1219 4119 composition
1231 4055 1261 4100 et
1273 4044 1319 4100 des

249 4140 353 4195 metues
366 4140 453 4195 maius
465 4142 527 4210 (car
539 4151 619 4196 notre
632 4153 732 4196 auteur
745 4141 843 4196 dictait
856 4144 871 4196 ὲ
887 4140 936 4196 des
952 4139 1068 4206 scribes,
1083 4147 1112 4192 et
1124 4155 1153 4192 se
1166 4135 1270 4210 plaiut,
1287 4156 1320 4192 au

250 4240 486 4292 eonrmencement
499 4229 536 4283 du
551 4229 617 4285 livre
630 4249 672 4297 tx,
687 4229 722 4285 de
733 4231 795 4285 n’en
808 4231 870 4302 plus
883 4232 958 4284 avoir
971 4233 985 4283 a
998 4248 1025 4284 sa
1039 4226 1234 4300 disposition),
1251 4243 1323 4279 nous
