2888 4934
182 427 278 502 [rem.
299 423 390 497 1096]
571 417 689 480 LIBER
710 419 848 481 NONUS.
1191 418 1250 479 473

183 556 283 626 cium
291 547 432 651 faciet,
451 549 511 622 ael
527 553 604 649 ejas
620 551 818 651 sepultura
835 553 1006 622 intererit.
1021 548 1158 620 Nullas
1176 549 1252 620 lai-

182 694 248 742 cas
270 666 404 738 lrabeat
426 665 705 739 consuetudines
727 665 973 766 episcopales,
991 665 1051 736 oei
1067 666 1254 763 justitiam

183 812 267 886 qua
274 788 432 885 pertinet
448 784 501 854 ad
516 810 641 855 caram
659 786 868 855 animarum
882 782 956 880 (1)!

232 929 269 999 7.
289 899 425 972 Nullus
440 899 628 999 presbyter
641 900 821 998 efficiatur
835 899 944 973 homo
961 898 1070 988 laici,
1091 901 1180 999 quia
1199 901 1255 970 in-

183 1020 338 1120 dignum
354 1034 407 1090 est
425 1034 463 1089 ut
475 1045 607 1091 manus
623 1019 702 1091 Deo
718 1037 958 1106 consecratae,
976 1035 1009 1090 et
1028 1044 1098 1118 per
1110 1045 1256 1091 sacram

184 1138 390 1208 unctionem
412 1133 669 1234 sancu‘ficata,
701 1140 891 1208 mittantur
916 1137 1163 1208 intermunus
1186 1161 1257 1205 non

184 1267 438 1338 consecratas,·
456 1255 545 1349 quia
563 1267 617 1323 est
635 1269 702 1324 aut
714 1251 925 1341 homicida,
942 1268 1007 1323 aut
1019 1251 1178 1339 adulter,
1195 1267 1260 1321 aut

185 1366 378 1469 cujuslibet
394 1368 593 1440 criminalis
602 1372 753 1470 peccati
763 1369 944 1442 obnoeius
956 1368 1030 1467 (a)l
1043 1367 1120 1440 Sed
1131 1369 1166 1439 si
1162 1364 1260 1467 feu-

183 1486 273 1558 dum
298 1512 322 1557 a
344 1485 438 1559 laico
462 1486 636 1559 sacerdos
662 1492 834 1575 tenuerit,
861 1488 963 1586 quod
988 1487 1042 1558 ad
1066 1487 1259 1557 eeclesiam

183 1628 258 1676 non
269 1608 472 1703 pertineat,
491 1603 598 1676 talem
603 1602 735 1702 jaciat
750 1608 786 1677 ei
789 1604 1012 1704 fidelitatem
1032 1603 1135 1703 quod
1150 1630 1260 1676 secu-

185 1747 248 1793 rus
259 1725 306 1792 sit
322 1720 394 1818 (3)!

236 1838 323 1910 Haec
343 1839 462 1938 itaque
474 1826 713 1929 Gislebertus,
728 1839 959 1913 Ebroicensis
976 1840 1182 1938 episcopuS,
1198 1839 1261 1937 qui

187 1980 258 2054 pro
273 1981 333 2026 sua
346 1957 563 2054 proceritate
580 1955 907 2056 cognominabatur
923 1956 1034 2044 Grus,
1054 1972 1091 2051 et
1107 1953 1264 2027 Fulber-

189 2089 260 2161 tus,
277 2073 551 2172 Rotomagensis
564 2072 837 2148 archidiaconus
853 2076 927 2173 (4),
945 2076 1030 2147 scita
1045 2090 1189 2172 patrum
1202 2099 1264 2170 pa-

189 2191 264 2263 lam
286 2192 629 2289 promulgaverunt3
654 2209 690 2265 et
715 2193 930 2266 Guillelmus
952 2191 1261 2291 archiepiscopus,

187 2308 321 2408 aliique
336 2311 506 2406 praesules
523 2313 737 2385 auctoritate
750 2338 810 2384 sua
825 2312 1170 2385 corroboraverunt.
1186 2309 1265 2382 Odo

187 2427 323 2526 quippe
339 2428 541 2526 Bajocensis
562 2445 599 2502 et
615 2429 837 2503 Gislebertus
859 2431 1113 2520 luxoviensis,
1137 2429 1265 2527 'lurgi-

187 2571 246 2616 sus
268 2543 539 2618 Abrincatensis
565 2547 620 2644 (5)
644 2564 681 2619 et
693 2548 797 2622 Serlo
813 2549 990 2648 Sagiensis
1012 2564 1119 2646 atque
1132 2545 1265 2618 Radul·

187 2663 242 2735 lus
259 2662 542 2737 constantiensis
564 2667 620 2762 (6)
638 2667 825 2762 praelatam
853 2664 1029 2763 synodum
1053 2679 1264 2737 sanxerunt

188 2778 347 2853 abbates
363 2807 507 2882 quoque
526 2784 636 2855 totius
649 2784 867 2882 provinciae,
880 2812 963 2858 cum
980 2783 1098 2871 clero,
1115 2798 1152 2854 et
1164 2797 1268 2880 parte

187 2923 384 2998 procerum
398 2926 523 3000 pacem
533 2904 751 3000 optantium,
765 2901 960 2976 affuerunt.
975 2901 1148 2974 Praesules
1162 2900 1268 2972 nimi-

191 3042 276 3088 rum
288 3041 332 3089 ex
344 3016 440 3091 bona
452 3019 639 3091 voluntate
649 3018 937 3093 commodissima
949 3033 1166 3091 statuerunt.
1183 3015 1264 3101 Sed,

191 3132 385 3232 principali
398 3136 534 3233 justitia
552 3135 757 3226 deficiente,
777 3136 821 3207 ad
843 3136 1132 3210 emolumentum
1156 3134 1269 3206 eccle-

193 3250 757 3352 siasticaetranquillitatisparum
766 3253 1111 3352 proieceruntNam
1118 3275 1271 3352 quaeque

231 3493 330 3559 (1)Ce
348 3510 437 3547 canon
455 3493 552 3547 n'etait
570 3511 618 3566 pas
637 3494 737 3550 inutile
756 3495 825 3549 dans
845 3514 883 3549 un
905 3514 971 3567 pays
988 3497 1026 3550 oie
1045 3511 1115 3548 nous
1133 3509 1217 3547 avons
1235 3512 1271 3546 vu

196 3583 236 3649 (t.
249 3581 291 3650 ΙΙ,
307 3600 335 3654 p.
353 3580 418 3651 152)
432 3601 471 3636 un
482 3583 678 3640 archidiaconi·
692 3586 796 3659 ligurer
808 3604 917 3640 comme
928 3585 978 3640 fiet
987 3584 1078 3658 la'r'que
1090 3582 1269 3637 he'reditaire.

233 3671 273 3743 (a)
292 3672 332 3727 Ce
349 3691 437 3728 canon
456 3691 527 3727 nous
542 3677 670 3746 pre'sentc
689 3675 713 3729 la
731 3676 853 3730 laurense
867 3676 996 3749 question
1011 3674 1059 3728 des
1077 3674 1271 3738 investituras,

195 3761 331 3817 tranchee
345 3762 414 3817 dans
425 3763 452 3817 le
465 3781 526 3817 sens
538 3763 573 3818 de
586 3764 726 3838 Gregoire
739 3766 806 3821 Vll.

234 3849 276 3924 (3)
292 3852 340 3907 On
352 3872 388 3908 ne
400 3855 513 3909 connais
525 3854 574 3909 des
586 3867 660 3910 actes
674 3856 751 3911 dece
765 3856 872 3911 concile
884 3873 939 3930 que
953 3875 984 3910 ce
995 3855 1078 3929 qu’en
1092 3865 1224 3929 rapporte
1237 3855 1274 3910 ici

197 3951 281 3997 notre
293 3953 403 3997 auteur.

234 4034 274 4102 (l)
289 4031 343 4086 Sur
355 4052 386 4086 cc
399 4053 585 4107 personnage,
606 4054 685 4107 vovez
702 4036 850 4101 cidessus,
869 4058 896 4111 p.
913 4035 973 4102 435.

235 4119 275 4191 (5)
293 4120 455 4193 1094-1153,

234 4210 274 4280 (6)
293 4210 453 4285 10934110.
