2888 4934
184 423 246 483 390
462 417 648 479 HISTORIA
670 417 979 480 Etcttslasttca.

183 563 384 652 gnomento
396 546 532 622 Viridis
544 549 709 622 successit
724 549 760 621 in
775 547 898 622 eadem
910 547 1056 622 dioecesi
1072 549 1143 646 (1).
1161 547 1253 621 Eru-

182 668 376 741 ditissimus
386 691 531 767 quoque
547 668 611 740 lvo
624 666 834 740 Caruotensi
847 681 1003 766 praeerat
1012 664 1172 739 ecclesiae
1183 665 1251 763 (a),

183 787 240 860 cui
268 783 435 883 perhibet
460 782 606 856 evidens
632 784 880 857 testimonium
898 784 973 855 laus
991 781 1099 857 bonae
1117 782 1202 857 vitae
1219 799 1255 855 et

182 917 291 976 rectae
304 901 494 976 doctrinae.
508 901 619 976 Walo
628 902 737 975 etiam
746 917 902 1000 praeerat
912 899 1171 975 Parisiensibus
1184 901 1251 1005 (ὅ),

183 1022 315 1121 aliique
332 1021 453 1120 plures
472 1020 628 1119 episcopi
652 1019 840 1120 fulgebant
863 1019 900 1092 in
926 1020 998 1092 suis
1023 1017 1251 1118 regionibus,

183 1165 341 1240 quorum
357 1139 534 1239 religione
551 1137 744 1212 admodum
756 1138 873 1211 Gallia
887 1135 1084 1238 gaudebat,
1098 1152 1136 1210 et
1149 1135 1253 1210 sacris

182 1256 422 1358 dogmatibus.
442 1256 519 1328 Rex
545 1271 664 1329 tamen
685 1253 871 1353 Philippus
888 1280 1016 1328 eorum
1033 1253 1253 1328 admonitio-

183 1372 290 1447 nibus
314 1373 359 1447 de
382 1372 597 1473 corrigenda
614 1373 688 1445 vita
713 1373 918 1471 procaciter
934 1371 1094 1460 obstitit,
1124 1370 1255 1446 adulte·

182 1492 310 1590 rioque
326 1489 506 1588 putridus,
527 1491 564 1563 in
581 1489 718 1563 malitia
733 1489 956 1588 perduravit,
973 1489 1126 1591 ideoque
1137 1489 1253 1563 dolori

182 1607 346 1682 dentium
371 1625 408 1681 et
430 1607 580 1699 scabiei,
598 1608 794 1709 multisque
817 1608 894 1682 aliis
923 1607 1196 1682 infirmitatibus
1220 1623 1254 1681 et

184 1727 391 1826 ignominiis
404 1727 536 1801 merito
554 1725 729 1826 subjacuit
747 1727 819 1824 (4).
844 1724 1028 1799 Ludovico
1047 1725 1160 1825 igitur
1181 1722 1253 1797 filio

182 1867 248 1918 suo
266 1869 442 1916 consensu
458 1843 682 1916 Francorum
695 1844 933 1918 Pontisariam
942 1898 953 1932 ‚
972 1860 1009 1916 et
1023 1842 1253 1929 Madautum,

183 1975 373 2062 totumque
391 1961 604 2035 comitatum
625 1961 865 2036 Vilcassinum
884 1959 1053 2048 donavit,
1075 1960 1254 2059 totiusque
1282 1974 1285 1979 “

183 2081 444 2179 regnicuram,
460 2079 549 2152 dum
564 2080 686 2179 primo
707 2079 798 2153 llore
813 2078 1011 2179 juventutis
1025 2076 1252 2176 pubesceret,

184 2198 363 2270 commisit
377 2199 446 2296 (5).
461 2196 707 2271 Constantiam
721 2221 821 2284 vere,
837 2195 947 2271 liliam
960 2221 1075 2285 suam,⁸
1095 2194 1253 2294 Hugoui,

219 2411 258 2484 (ι)
275 2410 364 2465 Raoul
379 2411 416 2464 Le
427 2411 513 2479 Vert,
529 2412 701 2487 archeveque
713 2411 749 2467 de
760 2411 857 2468 Reims
870 2415 881 2480 (
889 2409 924 2465 25
936 2411 1049 2466 octobre
1062 2409 1184 2467 1108·ss
1195 2410 1257 2484 juit-

183 2497 223 2553 let
240 2501 334 2568 rial).
350 2499 427 2554 Nous
440 2519 475 2554 ue
490 2517 585 2555 savons
600 2501 739 2575 pourquoi
754 2511 835 2555 notre
850 2511 951 2555 auteur
965 2519 1032 2555 aura
1041 2500 1112 2572 juge
1126 2503 1142 2554 t
1157 2517 1256 2574 propos

184 2588 323 2645 d'oxclure
332 2590 366 2645 de
374 2600 446 2646 cette
455 2593 648 2646 enumeration
658 2591 684 2646 le
694 2592 776 2663 pieux
786 2602 815 2646 et
824 2602 916 2646 suvant
926 2591 1099 2665 archeveque
1108 2591 1144 2645 de
1152 2590 1253 2657 Reimt,

183 2679 392 2735 iuternre'diaire
404 2691 483 2735 entre
496 2680 613 2735 Reuaud
631 2680 669 2735 du
687 2680 771 2736 Bellai
790 2691 819 2736 et
839 2680 928 2736 Raoul
948 2682 985 2735 Le
1003 2680 1097 2749 Verd‚
1114 2699 1173 2755 que
1186 2680 1254 2736 Gre-

184 2770 263 2842 goire
270 2769 327 2824 VII
335 2767 464 2842 appelait,
478 2769 648 2842 long-temps
658 2780 739 2825 avant
749 2770 817 2844 qu’il
824 2770 867 2824 tut
874 2770 987 2844 eaeque,
996 2788 1045 2823 sou
1056 2771 1112 2824 ami
1121 2788 1159 2824 en
1167 2771 1254 2824 Jtsus

183 2859 293 2926 Christ,
307 2870 336 2914 et
347 2859 484 2933 qualiliait
495 2859 530 2915 de
540 2861 598 2915 ze'le
611 2860 759 2916 delenseur
769 2860 804 2914 de
815 2861 841 2915 la
855 2861 892 2914 soi
907 2859 1069 2934 catlrolique
1083 2885 1088 2912 :
1103 2859 1253 2924 Mansisset,

184 2948 330 3003 ‹leuxil·me
357 2949 395 3003 du
425 2969 510 3019 nom,
541 2950 576 3006 de
602 2951 628 3005 la
656 2952 762 3005 maisou
789 2950 824 3005 de
850 2951 993 3007 Chttttton
1023 2947 1171 3024 (1096-18
1196 2968 1253 3023 sep·

185 3038 293 3092 tembre
312 3038 405 3108 1106).

219 3129 258 3198 (a)
273 3129 333 3195 Ire,
353 3130 457 3202 tueque
473 3129 509 3184 dc
524 3132 657 3187 Chartres
672 3133 728 3201 (lin
745 3132 780 3187 de
796 3132 947 3188 novembre
969 3132 1089 3207 aopi-23
1110 3131 1253 3188 decembre

135 3275 138 3283 .
189 3215 283 3287 1116).

217 3303 256 3378 (3)
271 3305 374 3360 Walon
389 3324 425 3361 ou
439 3306 546 3375 Gelon,
563 3309 667 3383 aveque
682 3308 717 3364 de
731 3311 808 3365 Paris
824 3310 847 3382 (r
857 3309 959 3365 rotat
973 3311 1074 3366 levrier
1091 3309 1186 3381 1116).

220 3397 260 3469 (4)
273 3397 359 3452 Notre
373 3407 472 3451 auteur
485 3408 525 3452 est
538 3396 564 3451 lc
577 3398 635 3453 seul
647 3400 695 3471 qui
710 3402 748 3454 ait
761 3400 837 3473 parle
850 3400 885 3455 de
897 3419 942 3456 ces
955 3399 1029 3455 deux
1041 3401 1212 3455 chaltirneuts
1221 3397 1253 3451 ‹le

183 3485 209 3540 la
224 3485 314 3541 colere
329 3486 437 3541 celeste.
459 3488 495 3541 Le
512 3486 567 3541 mal
582 3487 617 3543 de
631 3488 713 3543 dents
728 3500 840 3544 estune
855 3490 1009 3544 souffrance
1021 3507 1095 3543 assez
1109 3505 1252 3544 commuue

184 3577 235 3643 (au
250 3577 339 3630 moins
355 3575 391 3631 de
406 3595 455 3631 uos
467 3576 562 3649 jours)
580 3597 652 3651 pour
665 3580 751 3653 qu'on
770 3581 863 3652 puisse
881 3599 909 3634 se
923 3578 1068 3653 dispenset
1082 3579 1117 3633 de
1133 3580 1173 3634 lui
1191 3578 1251 3632 assi·

185 3683 254 3735 gner
267 3665 302 3718 ici
318 3685 371 3720 une
384 3668 492 3740 origine
507 3668 579 3721 aussi
593 3668 712 3735 relevem
726 3681 755 3724 et
767 3688 837 3724 nous
849 3688 933 3724 avons
945 3670 1026 3741 peine
1038 3673 1055 3723 a
1065 3669 1158 3724 croire
1171 3669 1250 3742 qn‘uu

185 3754 226 3807 roi
241 3753 276 3808 ‹lc
290 3756 410 3824 Plance,
427 3757 517 3811 nieme
532 3759 603 3811 aussi
620 3776 674 3830 peu
691 3758 857 3832 exemplaire
875 3779 930 3833 que
949 3758 1080 3832 Plrilippe
1098 3760 1143 3824 10',
1162 3777 1190 3812 se
1203 3756 1251 3811 soit

181 3841 279 3912 jamais
291 3849 389 3901 trouve
401 3850 500 3920 expost'·
512 3851 528 3902 a
539 3848 565 3901 la
578 3847 748 3921 degoirtante
760 3849 878 3904 maladie
888 3849 1058 3924 qu’Orderic
1070 3848 1112 3903 lui
1124 3848 1249 3904 attribue.

218 3931 258 4002 (5)
271 3931 318 3987 On
332 3953 366 3987 ne
378 3937 489 3989 connait
504 3955 551 4009 pas
564 3936 648 3993 d'uue
660 3940 783 3994 maniere
794 3942 901 4011 precise
911 3940 1040 4013 l’epoque
1052 3939 1088 3993 de
1099 3949 1174 3994 cette
1184 3953 1251 3993 asso·

183 4018 285 4073 ciation
299 4020 333 4074 de
349 4023 563 4079 Leuis-lc-Gros
577 4029 591 4080 ὲ
607 4026 631 4079 la
647 4045 798 4082 couronne.
813 4028 853 4082 Co
868 4029 977 4100 prince,
992 4037 1055 4081 tout
1069 4045 1105 4080 au
1118 4026 1249 4082 contraire

183 4109 218 4164 de
239 4128 288 4164 sou
309 4115 388 4182 perr,
410 4113 524 4184 deplora
546 4134 601 4170 unc
619 4117 683 4171 telle
704 4119 814 4172 activite
833 4117 902 4190 qu’il
922 4118 965 4172 fut
984 4121 1150 4173 snrnomme
1168 4144 1172 4169 :
1190 4114 1248 4170 Nou

184 4201 333 4256 dormant.
