2888 4934
182 428 291 505 [1090]
555 429 673 491 mnan
693 428 880 490 ocmvna
1188 433 1245 492 331

183 560 287 631 cibus
303 564 413 629 annis
434 564 643 660 impugnent
663 578 696 632 et
710 566 880 662 puniant.
906 561 1016 633 Hanc
1038 564 1117 632 sine
1138 561 1251 634 dnbio

184 674 293 748 crede
306 679 545 776 praecipuam·
561 705 733 767 ceresam,
755 705 824 778 pro
845 703 921 776 qna
945 675 1166 750 Gnillelmns
1188 704 1253 750 rea:

185 819 268 865 cnm
298 794 434 891 ingenti
458 822 596 897 pompa
627 801 723 868 venit
751 799 789 867 in
818 796 1052 883 Nenstriam,
1081 797 1189 896 cnjns
1216 814 1254 868 nt

186 934 268 982 neor
280 909 456 984 odeactus
473 912 576 985 nobis
590 919 711 1014 pariet
724 938 872 1011 gravem
890 928 1024 984 metnm
1041 929 1076 985 et
1093 939 1254 1013 occupa-

186 1029 319 1099 tionem
345 1031 561 1101 macimam.
589 1031 674 1103 Haec
702 1031 748 1101 ita
777 1029 911 1102 dicenti
938 1030 1123 1103 manifeste
1150 1030 1256 1128 Hugo

185 1146 392 1244 propalavit
416 1147 529 1220 Heliae
553 1147 650 1248 quod
667 1170 770 1220 suum
793 1147 902 1219 vellet
918 1146 1145 1220 consulatum
1163 1170 1255 1218 ven-

185 1260 286 1348 dere,
301 1262 507 1361 patriosque
517 1278 661 1361 penates
672 1263 841 1337 revisere.
854 1263 972 1334 Helias
982 1261 1095 1334 dixit:
1112 1263 1256 1361 Cogna-

186 1394 244 1450 tns
262 1394 343 1450 tuns
359 1404 458 1466 snm,
480 1378 656 1468 Domine,
677 1379 930 1479 suffragioque
946 1404 1026 1450 meo
1043 1377 1255 1451 sublimatas

186 1520 225 1568 es
248 1496 518 1569 inconsolatus
541 1494 694 1586 bonore,
717 1520 823 1596 quem
842 1497 933 1568 nnlli
952 1512 1053 1597 potes
1074 1498 1147 1567 nisi
1167 1493 1258 1566 milti

187 1612 358 1715 dare‘ael
372 1612 539 1684 vendere.
560 1613 660 1686 Nam
667 1613 758 1712 filio
776 1613 941 1685 Herberti
960 1615 1102 1686 comitis
1120 1614 1258 1686 Lance·

188 1728 266 1802 ἰίηο
295 1728 341 1803 de
363 1729 584 1827 Balgenceio
613 1736 758 1831 nupsit,
779 1733 884 1831 eiqne
909 1731 1150 1803 Lancelinnm
1175 1731 1258 1802 Ra-

187 1845 281 1945 dnlfi
295 1848 348 1946 (1)
361 1863 526 1947 patrem,
544 1865 578 1921 et
590 1848 792 1921 Jobannem
807 1875 925 1921 menm
939 1853 1136 1946 genitorem
1152 1873 1260 1950 pepe-

187 1967 248 2037 rit.
267 1963 349 2035 Hoc
363 1968 488 2062 itaque
498 1964 657 2037 disserui
667 1962 872 2064 manffeste,
889 1983 926 2037 nt
937 1992 995 2037 me
1004 1968 1098 2038 sient
1113 1982 1146 2036 te
1159 1967 1259 2037 scias

188 2095 307 2152 ortum
323 2079 370 2152 de
389 2081 540 2153 Comitis
558 2081 726 2154 Herberti
734 2085 925 2183 progenie.
945 2084 990 2156 N
989 2108 1060 2155 nnc
1082 2085 1194 2178 igitur
1212 2081 1261 2153 de

189 2221 271 2271 meo
294 2197 393 2295 qaod
413 2200 507 2269 inter
523 2224 587 2271 nos
608 2201 810 2273 convenerit
830 2202 978 2301 accipe,
998 2215 1032 2271 et
1051 2197 1259 2273 consulatus

188 2330 342 2387 stemma
359 2315 451 2388 mibi
465 2315 626 2406 dimitte,
645 2316 748 2415 qnod
763 2343 881 2388 menm
897 2316 1001 2389 debet
1017 2341 1092 2389 esse
1110 2340 1260 2388 consan-

189 2433 379 2528 guinitatis
402 2435 500 2532 jare.
537 2434 657 2506 Grave
684 2434 828 2532 quidem
856 2451 890 2506 et
916 2433 1136 2506 laboriosnm
1163 2431 1263 2531 qnod

191 2564 347 2651 appeto,
372 2552 461 2647 quia
482 2553 550 2621 nic
568 2569 635 2622 ant
653 2576 862 2649 nunqnam,
887 2576 970 2624 cnm
994 2567 1063 2622 tres
1072 2549 1149 2650 filii
1166 2554 1260 2649 regis

195 2663 387 2738 Guillelmi
398 2665 621 2754 adei'cerint,
638 2674 676 2738 in
689 2693 782 2767 pace
789 2666 1000 2768 possidebo.
1019 2665 1145 2738 Valde
1158 2666 1260 2737 indi-

188 2806 307 2882 gnum
313 2782 459 2856 nidetnr
466 2787 576 2856 tantis
584 2783 813 2884 principibus
816 2842 828 2873 ,
842 2787 904 2883 qni
914 2809 976 2854 nos
987 2783 1264 2855 circumvallare

184 2917 346 3000 possunt
366 2901 519 2972 militnm
541 2915 684 2973 centnm
703 2900 861 2974 millibus
871 2959 882 2991 ,
909 2918 947 2972 nt
965 2927 990 2973 a
1009 2899 1260 2973 collimitaneis

192 3017 450 3093 contribulibus
468 3021 616 3118 impune
630 3024 824 3116 patiantur
839 3018 992 3118 aliquod
1006 3017 1182 3104 dedecus,
1203 3017 1263 3089 ael

192 3133 321 3230 aliquo
344 3134 452 3219 modo
474 3136 644 3207 amittant
662 3137 742 3207 sine
761 3134 911 3208 terribili
929 3133 1117 3208 calumnia
1138 3133 1260 3232 qnod»

193 3246 283 3320 libet
287 3251 355 3349 jus
359 3305 372 3338 ,
391 3250 490 3351 qnod
498 3265 606 3349 pater
617 3277 739 3322 eornm
752 3251 1013 3350 qnalicnmqne
1024 3246 1262 3351 pactofnerit

192 3380 338 3438 nactus.
365 3365 430 3437 Me
455 3392 595 3466 qnoque
617 3367 792 3440 libertatis
816 3394 922 3440 amor
939 3367 1174 3440 nibilominus
1195 3367 1261 3437 sti-

193 3481 333 3570 medat,
356 3497 391 3553 et
411 3482 622 3556 hereditatis
646 3486 753 3556 aeitae
774 3483 951 3557 rectitndo
970 3481 1177 3555 dimicandi
1191 3507 1261 3582 pno

194 3599 263 3672 illa
269 3598 455 3698 fiduciam
473 3604 512 3672 in
527 3602 608 3673 Deo
624 3601 714 3673 mibi
727 3601 952 3701 suppeditat.

241 3714 306 3785 His
330 3713 434 3787 dictis
458 3716 606 3814 ignavus
628 3715 807 3789 Allobrox
830 3716 975 3804 annuit,
999 3731 1035 3785 et
1056 3739 1125 3813 pro
1146 3715 1262 3787 comi-

193 3845 271 3904 tatu
287 3830 572 3905 cenomannensi
590 3859 614 3906 x
630 3833 727 3906 milia
744 3832 940 3906 solidorum
959 3831 1262 3905 cenomannensis

228 4056 270 4126 (a)
283 4053 387 4122 Raonl,
407 4055 529 4127 premier
547 4054 586 4109 dn
606 4071 686 4120 nom,
707 4055 836 4128 seigneur
854 4053 889 4109 de
911 4054 1078 4127 Beangenci‚
1104 4054 1208 4127 gendre
1227 4053 1263 4108 de

194 4141 313 4216 Hugne,
332 4153 424 4198 comte
439 4143 474 4198 de
488 4143 691 4209 vermandois,
708 4154 736 4198 et
750 4144 856 4198 devenu
873 4142 899 4199 le
916 4162 1003 4199 neven
1019 4143 1058 4199 dn
1073 4145 1116 4199 roi
1133 4143 1266 4217 Philippe

196 4252 246 4306 par
258 4245 331 4295 cette
344 4233 472 4302 alliancc,
488 4236 537 4307 qui
551 4246 598 4289 ent
610 4234 666 4290 lica
679 4236 862 4308 precisement
876 4254 911 4290 en
924 4235 949 4290 la
963 4235 1052 4291 meme
1064 4238 1151 4293 annea
1167 4253 1243 4309 ¹⁰9⁰-
1328 4230 1331 4241 '
