2888 4934
260 429 321 491 eal
537 427 724 491 HISTORIA
744 425 1052 490 ECCLESlASTlCA.

260 563 343 635 tuit.
363 562 538 634 Henricus
554 579 693 653 autem,
717 564 754 636 iu
771 588 888 664 regno
901 563 1154 652 confirmatus,
1172 561 1334 639 Roberto

260 677 342 752 duci
359 678 491 777 gratias
511 679 605 778 egit,
619 679 724 779 eique
740 705 809 779 pro
828 678 1004 752 beneficio
1019 705 1084 754 suo
1110 695 1230 752 totum
1242 679 1335 753 Vul-

260 796 436 870 cassinum
453 823 473 868 a
494 794 606 870 lluvio
621 797 715 870 Isara
733 824 845 899 usque
863 797 907 870 ad
926 799 1058 898 Eptam
1076 798 1240 872 donavit.
1260 798 1335 872 lloc

262 915 436 988 nimirum
452 915 597 1015 Drogo,
614 914 772 1016 ejusdem
784 916 982 1015 provinciae
997 942 1116 990 comes
1130 918 1145 1015 (
1153 945 1161 988 ι
1171 919 1202 1009 ),
1219 915 1335 990 liben-

262 1032 397 1106 tissime
419 1033 614 1121 concessit,
647 1033 882 1134 hominioque
907 1037 1019 1123 lacto,
1042 1035 1128 1106 dum
1149 1035 1244 1107 vixit
1261 1035 1334 1133 (a),

260 1153 412 1252 praesato
433 1151 515 1225 duci
538 1149 694 1224 fideliter
716 1153 876 1224 servivit.
898 1150 1019 1226 Ambo
1039 1154 1204 1226 consules
1226 1168 1337 1226 stem-

263 1285 357 1343 mate
379 1269 557 1341 virtutum
580 1268 786 1367 pollebant,
810 1285 848 1343 et
869 1294 943 1343 sese
964 1270 1121 1343 vicissim
1142 1269 1337 1345 admodum

262 1385 481 1489 diligebant,
501 1401 700 1486 mutuaque
716 1387 958 1461 honoratione
975 1404 1011 1460 et
1027 1404 1202 1486 provectu
1221 1389 1338 1487 tripu-

263 1503 424 1577 diabant.

313 1623 484 1695 Praelatus
500 1622 645 1721 Drogo,
666 1638 707 1694 ut
722 1622 869 1711 dicitur,
889 1638 966 1696 erat
980 1620 1024 1696 de
1037 1623 1201 1721 prosapia
1219 1621 1338 1695 Caroli

264 1740 386 1839 Magni
406 1738 500 1838 regis
517 1738 744 1812 Francorum
762 1741 817 1836 (3)
826 1794 837 1828 ,
859 1740 964 1840 eique
979 1738 1189 1838 sepedictus
1210 1738 1285 1811 dux
1303 1737 1340 1811 in

265 1857 474 1958 conjugium
491 1855 640 1930 dederat
654 1855 912 1929 consobrinam
928 1883 1026 1929 suam
1044 1856 1267 1943 Godiovam,
1282 1879 1341 1930 so·

265 1999 389 2049 rorem
404 1972 565 2047 Eduardi
582 1974 677 2075 regis
695 1973 900 2074 Anglorum
918 1977 989 2072 (4),
1011 2000 1054 2047 ex
1071 2000 1141 2075 qua
1162 1971 1237 2048 orti
1257 1990 1343 2047 sant

265 2089 436 2164 Radulsus
453 2106 489 2164 et
504 2089 696 2164 Gauterius
712 2093 881 2179 comites,
905 2117 946 2164 ac
966 2088 1192 2164 venerandus
1208 2089 1341 2180 Falco,

265 2208 399 2308 proesvd
417 2206 717 2282 Ambianensium
735 2210 803 2307 (5).
823 2209 909 2283 llaec
927 2210 1103 2282 nimirum
1120 2207 1241 2306 puella
1258 2232 1352 2282 cum

264 2328 376 2399 fratre
392 2351 457 2399 suo
476 2325 514 2398 in
532 2325 697 2400 Neustria
714 2326 901 2420 exulabat,
921 2327 1008 2400 dum
1027 2327 1204 2414 Canntus,
1227 2326 1364 2400 Dano-

265 2471 348 2517 rum
359 2471 435 2533 rex,
450 2442 621 2544 Angliam
635 2447 768 2519 virtute
780 2442 909 2521 bellica
924 2447 1117 2536 invaserat,
1130 2461 1166 2519 et
1179 2444 1364 2545 geminos

266 2561 413 2637 heredes
427 2562 617 2637 Allredum
630 2580 667 2635 et
679 2563 888 2645 Eduardum
902 2566 1105 2663 fugaverat,
1124 2590 1165 2636 ac
1178 2560 1360 2636 Edmnn·

263 2682 353 2755 dum
366 2698 403 2755 et
417 2680 613 2756 Edwinum
627 2682 800 2756 clitonem
813 2682 937 2756 Edrici
952 2681 1044 2755 dolis
1057 2695 1265 2782 peremerat
1280 2679 1354 2778 (6).

307 2799 463 2901 '[1035.]
480 2800 564 2872 Post
579 2799 720 2899 aliquot
736 2826 867 2888 annos,
886 2799 1056 2874 defuncto
1073 2796 1238 2872 Roberto
1255 2795 1350 2872 duce

264 2915 359 3016 apud
373 2914 532 2989 Nicaeam
545 2915 724 3014 Bithyniae
737 2916 882 3004 urbem,
896 2915 1347 3013 rebellaveruntproccrot

266 3033 501 3107 Normanniae
527 3049 653 3106 contra
679 3034 915 3107 Guillelmnm
939 3034 1129 3123 infantem3
1149 3031 1233 3133 qui,
1257 3029 1342 3105 dnm

265 3168 368 3251 pater
379 3151 453 3250 ejus
466 3176 548 3222 cum
556 3151 728 3251 Drogone
738 3154 870 3226 comite
881 3152 950 3225 iter
961 3148 1342 3248 iniitllierosolymita·

265 3295 367 3355 num,
375 3283 459 3341 octo
469 3266 696 3341 solummodo
707 3286 785 3342 erat
796 3270 1053 3368 annorum(7),
1065 3281 1241 3367 etapatre
1250 3290 1341 3341 com·

300 3508 463 3580 (1)Dreux‚
480 3516 572 3562 comte
584 3505 619 3561 dc
633 3507 723 3563 Vexin
740 3514 816 3576 (vers
833 3508 977 3583 1027·juin
995 3507 1085 3579 1035).

300 3599 339 3669 (a)
356 3594 499 3667 103a·juin
516 3592 591 3650 1035.

301 3683 341 3754 (ὅ)
357 3685 413 3739 Par
425 3702 452 3737 sa
466 3685 542 3738 mere
556 3683 631 3739 Alise
645 3700 682 3736 ou
695 3682 796 3752 Adele,
813 3683 868 3739 lille
882 3684 918 3741 de
932 3685 1067 3754 Herbert‚
1083 3693 1176 3739 comte
1190 3682 1227 3737 de
1239 3679 1341 3738 scalis.

301 3776 340 3844 (4)
355 3763 439 3827 Edith
452 3791 490 3828 ou
503 3772 599 3839 Goda,
614 3790 687 3827 soeur
701 3761 1090 3832 d'Edouard·le·C0nlesseur.

300 3865 340 3934 (5)
353 3863 375 3916 ll
389 3864 492 3935 n'yeut
502 3882 557 3937 que
566 3862 686 3919 Gautier
699 3866 747 3939 qui
759 3866 802 3921 lut
815 3876 906 3921 comte
919 3868 999 3940 apres
1011 3885 1061 3920 son
1073 3867 1155 3940 pine3
1169 3862 1277 3931 Raoul,
1293 3864 1342 3937 qui

265 3954 326 4009 doit
338 3954 414 4008 avoir
427 3956 472 4007 e'td
485 3953 511 4007 le
522 3953 639 4021 second,
656 3953 699 4009 n'a
710 3954 789 4010 taisse
802 3975 909 4011 aucune
921 3966 997 4012 trace
1008 3956 1077 4011 dans
1090 3955 1237 4010 l’bistoire.
1253 3952 1342 4008 Notae

264 4055 365 4099 auteur
378 4043 472 4097 oublie
484 4045 600 4098 Amauri
613 4045 647 4099 de
661 4046 804 4113 Pontoise,
819 4046 861 4101 dit
874 4047 900 4101 le
913 4046 1027 4102 Delicat.

300 4132 339 4202 (6)
354 4132 448 4203 Voyez
463 4131 611 4201 cidessus,
625 4144 647 4188 t.
663 4134 689 4201 l,
704 4155 732 4207 p.
751 4136 798 4211 175
813 4147 841 4191 et
854 4137 923 4191 suiv.

299 4224 337 4299 (7)
351 4223 422 4277 lluit
434 4240 482 4277 ans
496 4226 684 4291 commences,
699 4226 768 4280 mais
782 4245 838 4281 non
852 4228 1014 4300 accomplis,
1031 4224 1163 4300 puisqu'il
1176 4225 1280 4281 n’avait
1293 4240 1341 4298 pas
