2888 4934
186 447 247 508 244
459 442 643 503 tttstotttt
667 436 972 502 Eccttsttsvct.
1149 441 1257 515 [1087]

234 572 335 645 XVI.
356 573 441 643 ttaec
459 587 495 642 et
511 569 566 642 his
582 568 710 642 similia
727 566 814 639 dum
830 589 893 636 rex
916 561 1129 634 Guillclmus
1143 563 1255 636 multa

184 691 346 775 dixisset,
364 703 400 760 et
413 704 540 785 stupor
554 687 773 771 assistentes,
793 679 990 781 callideque
1001 679 1122 752 lutura
1138 678 1257 754 dime-

185 807 330 890 tientes,
348 802 546 889 invasisset,
562 801 739 873 Henricus
748 855 760 887 ,
771 797 896 899 junior
907 794 1018 885 lilius,
1034 810 1076 868 ut
1086 793 1179 868 nihil
1190 794 1255 868 sibi

182 923 227 998 de
245 919 424 1022 regalibus
442 921 533 1020 gazis
548 918 624 991 dari
640 917 796 1007 audivit,
813 940 974 989 moerens
991 940 1074 987 cum
1090 914 1256 1013 lacrymis

183 1041 227 1115 ad
247 1065 366 1140 regem
385 1038 476 1110 dixit
496 1069 505 1109 s
524 1038 574 1110 Et
587 1036 696 1127 milti,
708 1052 827 1136 poter,
844 1034 935 1134 quid
947 1031 1102 1106 tribuis?
1112 1034 1179 1106 Cui
1194 1059 1256 1107 rex

183 1161 260 1231 ait:
285 1157 454 1256 Quinque
475 1154 591 1229 mittio
613 1154 725 1226 libros
749 1160 894 1253 argenti
910 1152 958 1223 de
983 1150 1153 1223 tltesouro
1177 1179 1256 1227 meo

184 1275 248 1347 tibi
262 1274 321 1346 do.
346 1271 401 1344 Ad
417 1271 493 1344 haec
511 1273 687 1344 Henricus
704 1269 820 1342 dixit:
841 1268 946 1369 Quid
946 1264 1099 1367 faciam
1120 1269 1169 1340 de
1186 1269 1256 1341 tlte·

181 1419 305 1477 sauro,
326 1394 361 1464 si
384 1391 500 1463 locum
519 1390 758 1462 habitationis
775 1415 850 1461 non
863 1384 1047 1461 habuero?
1070 1385 1135 1458 Cui
1153 1403 1255 1486 pater

181 1506 367 1609 respondit
394 1539 402 1579 ε
428 1508 668 1607 AEquonimis
697 1524 787 1596 esto,
809 1506 895 1606 fili,
927 1524 961 1578 et
985 1502 1192 1605 corffortore
1219 1508 1253 1578 in

181 1628 350 1699 Domino.
379 1624 541 1724 Paczflce
550 1640 680 1725 patere
699 1641 737 1696 ut
754 1628 910 1724 majores
917 1626 1059 1716 fratres
1083 1626 1140 1695 tui
1150 1650 1253 1724 prce-

182 1744 316 1816 cedunt
334 1759 380 1814 te.
408 1742 582 1815 Robertus
605 1741 750 1814 habebit
772 1742 1060 1832 Normonm'om,
1086 1759 1121 1813 et
1146 1743 1254 1814 Guil-

183 1862 308 1933 lelmus
328 1860 521 1957 Angliam.
544 1861 600 1929 Tu
622 1874 744 1931 aulem
765 1876 923 1958 tempore
940 1877 1000 1932 tuo
1014 1877 1125 1931 totum
1144 1858 1254 1933 hono·

182 2007 276 2068 rem,
293 2006 395 2079 quem
417 2005 486 2079 ego
503 1994 752 2064 eructassem,
770 1976 934 2065 habebis,
951 1993 986 2049 et
987 1976 1176 2075 fratribus
1190 1986 1253 2050 tuis

181 2097 318 2168 diuinis
335 2113 368 2167 et
384 2111 561 2194 potestate
577 2094 786 2196 praestabis.
807 2095 869 2166 llis
886 2095 933 2165 ita
950 2092 1055 2167 dictis
1064 2150 1075 2185 ,
1094 2111 1255 2169 metuens

182 2238 246 2285 rex
265 2238 311 2285 ne
336 2212 372 2284 in
399 2236 512 2311 regno
538 2228 611 2282 tam
631 2209 762 2283 diffuso
783 2212 970 2309 repentina
996 2212 1157 2285 oriretur
1175 2228 1255 2284 tur-

180 2320 296 2418 basio,
316 2328 504 2426 epistolam
521 2327 565 2399 de
582 2326 836 2400 constituendo
854 2352 939 2427 rege
956 2329 1040 2400 lecit
1057 2330 1255 2403 lanfranco

182 2442 470 2542 archiepiscopo,
492 2467 627 2542 suoque
648 2442 768 2542 sigillo
790 2444 968 2543 signatam
984 2442 1134 2517 tradidit
1151 2445 1256 2518 Guil-

184 2563 293 2637 leltno
314 2561 408 2634 Ruso
418 2615 428 2651 ,
448 2560 525 2634 lilio
539 2585 624 2648 suo,
637 2559 767 2660 Jubens
782 2579 822 2633 ut
836 2563 872 2634 in
894 2561 1064 2662 Angliam
1082 2562 1257 2635 transfre-

184 2695 277 2750 taret
302 2678 490 2751 continuo.
520 2675 657 2748 Deinde
680 2677 858 2749 osculatus
884 2702 964 2748 eum
991 2675 1198 2769 benedixit,
1223 2694 1257 2752 et

186 2814 284 2868 trans
301 2813 456 2893 pontum
480 2794 524 2867 ad
544 2794 809 2894 suscipiendum
832 2794 994 2868 diadema
1019 2813 1258 2895 properanter

183 2910 327 2984 direxit.
348 2914 415 3006 Qui
438 2939 526 2986 mox
538 2912 581 2985 ad
596 2931 762 3012 portum,
781 2915 842 3014 qui
862 2915 1031 2987 Witsand
1048 2913 1186 2989 dicitur
1200 2918 1257 3014 (t),

186 3031 368 3126 peruenit,
390 3026 511 3128 ibique
521 3031 596 3128 jam
614 3047 754 3128 patrem
768 3029 905 3102 audivit
920 3029 1062 3104 obiisse.
1083 3035 1260 3108 llenricus

184 3164 304 3219 autem
321 3147 502 3219 festinavit
517 3147 784 3220 denominatam
800 3146 866 3220 sibi
880 3149 1068 3244 pecuniam
1084 3151 1259 3249 recipere,

185 3263 380 3362 diligenter
393 3287 439 3334 ne
450 3260 537 3362 quid
551 3260 617 3333 sibi
634 3261 769 3334 deesset
785 3261 1006 3360 ponderare,
1025 3267 1261 3340 necessarios-

185 3404 255 3479 que
271 3376 408 3451 sodales
427 3379 462 3449 in
481 3377 611 3476 quibus
628 3376 825 3451 confideret
843 3375 1035 3467 advocare,
1054 3381 1262 3454 munitum-

186 3524 256 3597 que
270 3496 561 3597 gazophylacium
579 3495 644 3569 sibi
666 3521 875 3594 procurare.

238 3617 376 3688 luterea
401 3614 528 3688 medici
550 3630 586 3687 et
603 3614 739 3714 regales
762 3616 938 3703 ministri,
966 3616 1027 3717 qui
1051 3616 1274 3719 languidum

188 3733 388 3829 principem
422 3731 688 3820 custodiebant,
721 3758 988 3834 proceresque,
1011 3737 1074 3836 qui
1104 3734 1150 3808 ad
1183 3763 1275 3811 eum

224 3948 264 4020 (ι)
280 3950 422 4016 timeant,
439 3964 501 4022 port
514 3950 549 4003 de
558 3969 618 4004 mer
632 3951 740 4005 celebre
751 3969 785 4004 au
798 3970 897 4023 moyen
912 3953 980 4026 alge,
996 3958 1011 4008 a
1023 3966 1124 4028 quatre
1137 3955 1229 4012 lieues
1239 3966 1280 4014 et

188 4039 280 4093 demic
296 4060 329 4092 an
351 4041 421 4094 nord
439 4042 473 4094 de
492 4042 643 4114 lloulogne.
664 4043 751 4096 Notre
773 4053 871 4098 auteur
889 4063 917 4096 se
938 4046 1097 4100 contredira
1115 4048 1278 4122 lui-meme

188 4149 237 4184 sur
250 4149 281 4184 cc
296 4132 374 4203 point
388 4150 422 4183 au
437 4130 505 4184 livre
520 4151 548 4196 x,
570 4152 604 4184 on
622 4132 720 4186 faisant
735 4136 823 4204 partit·
837 4133 998 4190 Guillsuutc
1015 4137 1040 4191 lc
1051 4137 1135 4194 Roux
1149 4139 1190 4193 du
1205 4139 1274 4214 port

190 4215 225 4270 de
238 4220 366 4292 Touquc.
