2888 4934
183 440 292 517 [1087]
557 438 674 499 iussu
694 438 897 500 seruulus.
1198 439 1258 500 ms

182 568 351 642 visitandi
365 571 477 670 gratia
492 571 705 658 veniebant,
722 585 915 668 coeperunt
927 594 995 667 pro
1009 569 1153 659 vinctis,
1169 597 1260 671 quos

185 687 223 759 in
239 712 382 761 carcere
396 686 557 777 tenebat,
578 714 660 761 eum
676 687 797 774 ellari,
815 713 874 775 ac,
893 685 1174 758 utmisereretur
1189 689 1257 775 eis,

185 821 223 877 et
247 804 441 892 relaxaret,
469 806 681 903 suppliciter
702 804 901 903 deprecari.
925 801 1062 896 Quibus
1086 804 1158 901 ipse
1182 805 1256 876 ait:

186 928 409 1010 Morcarum,
420 922 577 994 nobilem
587 927 793 1022 Anglornm
811 922 1082 1021 comitem‚jam
1090 920 1261 994 diuvinc·

185 1056 262 1110 turn
276 1041 395 1128 tenui,
419 1056 452 1111 et
471 1044 619 1141 injuste,·
635 1040 704 1113 sed
718 1068 783 1139 pro
801 1042 948 1128 timore,
967 1065 1013 1110 ne
1026 1065 1096 1138 per
1111 1066 1213 1125 enm,
1228 1041 1263 1111 si

186 1153 434 1255 liberfnisset‚
449 1158 654 1230 turbaretur
666 1185 817 1255 regnum
830 1156 978 1256 Angtiae
992 1156 1060 1254 (ι).
1078 1158 1260 1256 Rogerum

185 1298 276 1346 vcro
296 1274 343 1344 de
359 1272 515 1345 Britolio
531 1275 602 1372 (2),
617 1276 707 1372 quia
722 1272 835 1346 ualde
853 1275 1117 1345 contumaciter
1132 1289 1260 1346 contra

188 1416 247 1462 me
248 1386 397 1487 furuit,
414 1407 449 1462 et
468 1387 675 1487 Radntjiim
700 1390 747 1462 de
766 1389 919 1461 Guadcr
939 1392 1115 1462 sororium
1133 1415 1257 1474 suum,

184 1525 219 1581 et
236 1508 367 1580 multos
383 1509 479 1581 alios
496 1512 534 1580 in
549 1536 605 1581 me
619 1512 851 1610 prouocauit,
868 1511 903 1578 in
918 1508 1078 1580 vinculis
1097 1512 1258 1594 arctari,

186 1644 221 1698 et
246 1627 348 1726 qnod
377 1631 415 1697 in
440 1629 521 1699 vita
547 1655 628 1700 mea
659 1653 733 1700 non
765 1626 1003 1724 egrederetur,
1029 1628 1169 1717 jurari.
1198 1626 1263 1697 Sic

186 1746 317 1818 nsultos
328 1745 485 1818 uinculis
498 1747 612 1846 injeci
620 1771 672 1819 ex
688 1749 813 1817 nectito
825 1747 988 1844 propria
995 1748 1261 1844 perversitatis,

189 1861 355 1962 aliosque
368 1861 495 1963 plures
507 1890 575 1962 pro
594 1859 838 1958 metufuturoe
851 1862 1048 1934 seditionis.
1073 1862 1155 1934 Hoc
1169 1867 1264 1934 enim

187 2002 344 2050 censura
361 1978 591 2051 rectitudinis
606 1981 739 2077 erigit,
768 1995 802 2050 et
817 1977 944 2050 diuina
961 1977 1021 2048 len
1029 2002 1101 2079 per
1112 1979 1264 2074 Moysen

187 2095 386 2169 rectoribus
413 2094 510 2168 orbis
534 2097 725 2195 praecipit,
753 2113 792 2167 ut
817 2098 1058 2194 comprimant
1078 2112 1262 2185 nocentes,

189 2238 235 2283 ne
259 2214 444 2312 perimant
467 2214 747 2306 innocentesl5).
772 2212 884 2284 Nunc
901 2231 1025 2307 autem
1051 2217 1088 2282 in
1111 2211 1265 2284 articulo

188 2333 313 2400 mortis
331 2333 488 2423 positus,
518 2332 613 2402 sicut
630 2347 713 2429 opto
734 2329 890 2418 salvari,
917 2346 951 2401 et
969 2356 1038 2428 per
1059 2334 1265 2402 misericor-

188 2445 292 2519 diam
316 2447 434 2518 Deio
463 2447 621 2519 reatibus
645 2451 732 2520 meis
756 2446 914 2536 absolui,
945 2449 1001 2519 sic
1029 2474 1151 2519 omnes
1176 2473 1266 2519 mox

180 2564 298 2664 jubeo
315 2590 475 2638 carceres
492 2565 648 2663 aperiri‚·
667 2590 861 2663 omnesque
876 2570 1017 2638 vinctos
1035 2563 1267 2665 proetcrfra·

187 2700 279 2758 trem
295 2710 413 2755 mcum
421 2741 432 2772 ‚
454 2684 694 2783 Bajocensem
709 2692 941 2784 episcopum,
960 2684 1147 2770 relaeari,
1173 2682 1266 2754 tibe-

187 2826 315 2900 msque
334 2828 405 2900 pro
427 2826 548 2872 amore
567 2802 658 2889 Dei,
690 2817 728 2871 ut
749 2805 827 2900 ipse
844 2801 934 2871 milti
958 2802 1184 2888 misereatur,
1204 2799 1267 2872 di-

189 2919 296 2990 mitti.
323 2918 423 2990 Neai
447 2936 568 2989 tamen
587 2917 657 2990 tali
677 2936 799 2990 tenore
819 2918 866 2989 de
886 2943 1031 2991 carcere
1045 2918 1265 3018 procedant,

192 3050 229 3105 nt
244 3050 357 3106 antea
367 3033 614 3132 jurejurando
628 3042 856 3105 securitatem
868 3033 1077 3135 reipublicae
1096 3035 1269 3108 ministris

176 3147 356 3248 jaciant,
376 3151 476 3251 quod
483 3178 616 3251 pacem
636 3156 674 3222 in
695 3153 836 3253 Anglia
850 3169 884 3223 et
894 3152 1128 3224 Normannia
1145 3155 1270 3225 omni-

193 3267 260 3343 bus
278 3269 395 3342 modis
408 3286 571 3359 teneam,
592 3287 627 3342 et
636 3275 743 3369 pacis
759 3270 981 3343 aduersariis
993 3297 1064 3371 pro
1081 3297 1192 3370 posse
1203 3296 1270 3342 suo

192 3386 351 3458 uiriliter
370 3391 552 3460 resistant.

239 3507 404 3605 Cumque
414 3504 637 3596 Rodbenus,
654 3504 831 3580 Moritolii
844 3532 980 3594 comes,
995 3505 1148 3579 audisset
1160 3507 1271 3606 regali

192 3622 368 3697 sententia
402 3622 552 3696 fratrem
581 3650 685 3696 suum
720 3639 896 3723 perpetuo
926 3625 1077 3710 vinciri,
1116 3625 1271 3697 multum

227 3952 269 4016 (ι)
288 3948 381 4020 Voyez
399 3945 548 4012 ci-dessus‚
564 3957 585 4001 t.
601 3946 643 4013 11,
661 3965 686 4018 p.
701 3945 762 4000 216.

230 4042 270 4109 (2)
285 4038 376 4105 lbra,
392 4058 419 4110 p.
436 4035 497 4093 258.

227 4125 270 4196 (ὅ)
288 4127 366 4181 Nous
379 4145 414 4181 ne
431 4136 564 4180 trouvons
580 4128 659 4199 point
670 4126 739 4181 dans
752 4125 777 4180 le
790 4127 982 4200 Pentatcuque
1001 4126 1025 4181 le
1046 4145 1157 4201 passage
1172 4127 1275 4200 auquel

198 4234 242 4270 cos
257 4217 365 4289 paroles
379 4217 439 4272 sont
452 4215 580 4270 allusion.
