2888 4934
229 239 290 299 292
510 233 696 295 HISTORIA
718 233 1026 296 necneslssslcs.
1195 239 1304 319 [1⁰88]

227 366 382 442 vinculis
396 365 613 456 coarctavit,
629 381 667 439 et
682 392 798 439 unum
815 365 973 466 Bajocis,
988 365 1175 467 aliumque
1189 366 1305 444 ‘Noit-

228 483 299 559 leio
313 483 383 582 (1),
402 479 469 555 sub
482 508 591 555 menn
603 482 804 582 Bajoeensis
817 482 961 579 tyranni
977 479 1152 556 custodiae
1161 486 1305 560 menci-
1356 554 1358 559 .

228 601 339 701 parit.
359 601 534 700 Rogerius
543 655 555 688 ,
574 625 693 673 comes
709 598 1000 688 serohesburiae,
1019 615 1060 671 ut
1077 597 1304 675 Rodbertnm

225 717 343 792 filium
359 745 464 791 suum
487 733 633 816 captum
653 717 807 807 audivit,
828 734 1009 817 acceptae
1031 743 1116 818 rege
1138 719 1301 810 lieentia,

226 837 374 913 festinus
391 836 429 910 in
446 836 652 909 Nenstriam
669 837 790 926 venit,
805 854 842 910 et
858 837 980 910 omnia
994 838 1140 910 castelle
1156 864 1221 911 sua
1238 841 1304 912 mi·

226 954 324 1028 litori
346 981 456 1028 manu
473 971 601 1028 contra
625 953 754 1027 ducem
774 955 945 1027 munivit.
963 956 1080 1028 Porro
1102 956 1303 1056 Bajoeensis

224 1069 323 1161 Odo,
355 1070 456 1144 velut
483 1071 685 1171 ignivomus
710 1071 821 1144 draeo
852 1057 1034 1170 projectus
1071 1072 1109 1144 in
1149 1087 1301 1161 terrem,

228 1187 335 1262 nimis
354 1189 464 1260 iratus
481 1205 609 1261 contra
626 1188 721 1288 regis
737 1189 984 1278 insolentiam,
999 1189 1108 1262 variis
1124 1187 1305 1264 seditioni·

228 1303 296 1378 bus
307 1303 564 1380 commovebat
577 1305 842 1379 Normanniam
851 1360 863 1396 ,
879 1322 920 1377 ut
931 1305 982 1378 sie
998 1304 1043 1378 de
1056 1306 1183 1408 aliquo
1200 1306 1303 1381 modo

228 1424 355 1522 nepoti
372 1448 455 1513 suo,
475 1451 495 1494 a
514 1449 589 1523 qno
607 1424 764 1521 turpiter
782 1423 948 1521 expulsus
963 1423 1095 1513 suerat,
1117 1422 1303 1498 machina-

227 1555 330 1614 retur
349 1540 531 1640 injuriam.
551 1542 673 1640 Ipsum
689 1565 820 1639 nempe
837 1538 910 1612 dux
927 1541 1084 1614 multum
1100 1541 1299 1632 metuebat,

227 1673 264 1732 et
280 1656 494 1760 quibusdam
511 1658 670 1732 consiliis
686 1659 760 1758 ejus
775 1656 1027 1759 adquieseebut
1043 1658 1123 1758 (2),
1141 1658 1302 1760 qrsoedum

230 1801 319 1850 vero
332 1775 436 1850 flocci
454 1774 649 1875 pendebat.

279 1893 324 1971 V.
344 1893 513 1994 Undique
536 1892 740 1967 furentibus
764 1895 802 1966 in
820 1891 1044 1966 Normannia
1060 1891 1257 1983 seditiosis,
1271 1907 1302 1964 et

229 2008 344 2082 multa
359 2009 454 2081 mala
470 2000 699 2108 cupientibus
720 2006 870 2096 addere,
889 2009 1061 2107 pessimus
1074 2008 1212 2106 proesul
1231 2005 1303 2082 odo

229 2124 275 2200 sd
298 2126 426 2200 ducem
457 2127 703 2226 Rotomagum
732 2126 850 2213 venit,
876 2142 914 2199 et
939 2123 1177 2199 consideratis
1201 2124 1303 2199 totius

230 2241 429 2342 provinciae
444 2245 617 2344 negotiis,
632 2241 716 2318 duci
733 2244 784 2317 eit
799 2272 808 2316 ε
828 2243 1005 2344 Quisquis
1016 2240 1305 2342 gubernaculum

232 2361 337 2457 regni
357 2360 464 2434 debet
494 2377 633 2451 tenere,
656 2360 869 2463 populoque
892 2361 985 2448 Dei,
1004 2360 1072 2460 qui
1094 2358 1250 2433 diversis
1271 2360 1305 2430 in

232 2477 392 2552 moribus
422 2477 583 2576 diffusus
614 2495 685 2569 est,
714 2484 971 2580 praeeminere,
1007 2477 1105 2548 mitis
1134 2491 1173 2548 et
1206 2501 1308 2577 asper

176 2683 180 2693 ι
230 2613 339 2696 prout
364 2599 455 2668 ratio
482 2601 639 2699 eapetit,
665 2598 734 2669 sit!
757 2595 893 2696 ubique
918 2597 967 2669 sit
993 2597 1094 2667 mitis
1123 2611 1165 2666 ut
1192 2619 1306 2694 agnus

234 2713 334 2785 bonis
355 2730 390 2786 et
404 2714 577 2814 subjectis
599 2741 646 2788 ae
668 2712 865 2786 humilibus
877 2741 890 2799 ‚·
910 2739 1023 2815 asper
1042 2728 1166 2786 autem
1192 2729 1232 2784 ut
1257 2712 1307 2783 leo

232 2832 355 2928 praeis
378 2845 412 2901 et
432 2830 624 2904 rebellibus
644 2857 693 2904 ac
710 2830 1008 2904 contumacibus!
1031 2829 1139 2920 Hoc,
1167 2828 1353 2904 aomar

235 2946 333 3037 dria,
353 2953 539 3044 sagaciter
554 2949 762 3050 perpende,
789 2964 827 3021 ut
847 2947 936 3022 bene
951 2947 1068 3021 nobili
1081 2952 1214 3049 proesis
1237 2947 1358 3021 du·-

235 3063 339 3137 catui
355 3062 616 3154 Normannite,
639 3092 747 3163 quem
762 3066 937 3138 divinitus
957 3067 1156 3166 suscepisti
1171 3092 1220 3137 es·
1240 3091 1363 3165 pa·-

236 3197 339 3253 ternu
364 3187 607 3256 successione.
635 3182 853 3281 Corp'ortare
875 3199 908 3255 et
926 3183 1082 3255 viriliter
1104 3209 1189 3280 age.
1216 3184 1356 3256 Ecce

234 3299 392 3396 protervi
419 3314 454 3370 et
479 3298 626 3398 exleges
642 3325 712 3400 per
733 3316 846 3371 totam
868 3315 1004 3372 terram
1024 3297 1342 3381 debacchantur,

237 3431 270 3484 et
284 3417 455 3515 pessimis
473 3417 708 3517 assiduisque
722 3416 931 3490 actionibus
938 3443 1036 3517 pene
1045 3420 1215 3517 paganis
1227 3413 1336 3490 assi-

237 3531 424 3620 milantur,
458 3551 492 3605 et
523 3539 736 3608 enormitate
764 3535 941 3608 scelerum
947 3592 960 3624 ,
990 3539 1023 3608 si
1051 3533 1129 3607 dici
1140 3531 1216 3633 sas
1242 3546 1321 3617 est,

238 3647 495 3746 adsequantur.
526 3651 702 3724 Clamant
728 3653 783 3724 ad
806 3669 839 3724 te
864 3651 1037 3725 monaehi
1058 3669 1093 3725 et
1117 3651 1259 3740 vidua,
1280 3661 1316 3718 et

910 3837 1067 3845 *a-
1071 3836 1151 3844 -6-
1155 3826 1300 3844 -ῌ-οιν

275 3935 313 4003 (1)
327 3926 582 4009 Neuillid'llviiqnc.

273 4025 313 4084 (nl
327 4024 468 4078 Pessirm's.
486 4026 537 4077 Ma.
552 4026 586 4080 de
601 4027 623 4079 ln
640 4029 714 4080 reine
728 4027 761 4080 de
776 4029 876 4082 suern.
