2888 4934
307 408 369 471 574
492 404 677 467 HISTORIA
700 400 1007 466 Etctssslssrch.
1034 407 1385 487 [sancrosanctum]

303 537 486 614 ardorem.
501 539 621 611 AEstus
634 537 768 637 quippe
783 536 1073 636 quammaximus
1085 553 1180 610 erat.
1195 537 1381 640 Denique,

303 673 494 756 postquam
524 653 687 727 laborem
721 654 961 753 nequiverant
995 655 1150 754 amplius
1182 655 1380 747 sustinere,

307 797 373 845 nec
387 770 463 843 sitis
479 768 647 843 ardorem
660 793 906 867 compescere3
923 770 1100 870 quoniam
1112 768 1157 843 ad
1172 770 1382 845 relocillan-

303 887 393 961 dum
421 886 521 989 nulla
551 885 801 958 inveniebatur
823 912 937 985 aqna,
968 887 1087 959 conati
1113 904 1204 961 sunt
1228 904 1267 961 et
1292 914 1382 962 con-

304 1003 495 1093 dixerunt,
513 1000 558 1074 ad
571 1002 755 1075 castellum
767 1028 873 1074 suum
887 999 1136 1102 conglobatim
1152 1020 1194 1076 et
1205 1003 1380 1104 gradatim

306 1118 438 1192 redire.
458 1115 528 1190 Sed
543 1142 631 1217 gens
648 1117 801 1190 invalida
825 1134 863 1192 et
882 1116 1046 1208 indocta,
1061 1117 1204 1218 pedites
1219 1119 1383 1194 videlicet

306 1262 351 1309 ac
366 1235 530 1322 Suriani,
550 1232 677 1307 ordine
690 1251 813 1332 spreto
829 1250 866 1308 et
882 1233 1003 1309 edicto
1017 1234 1182 1308 militum
1198 1237 1380 1336 neglecto,

307 1352 423 1426 nimio
439 1352 596 1450 correpti
611 1377 764 1450 pavore,
782 1367 979 1452 coeperunt
990 1352 1229 1454 disgregatim
1246 1356 1380 1454 fugere.

307 1471 468 1543 Gentiles
484 1485 604 1542 autem
621 1470 670 1542 eis
687 1468 849 1543 indefessi
868 1468 1068 1558 instabant,
1086 1487 1123 1542 et
1141 1487 1247 1568 terga
1263 1471 1382 1544 oeden·

307 1603 359 1660 tes
374 1586 656 1687 insequebantur
668 1603 704 1659 et
715 1587 922 1675 caedebant,
937 1604 974 1660 et
988 1587 1081 1686 lupis
1094 1588 1315 1676 atrociores,
1328 1613 1383 1661 ne·

306 1706 397 1778 mini
413 1704 622 1804 parcebant.
638 1704 860 1805 Suggerebat
876 1706 947 1778 illis
959 1707 1054 1779 vires
1066 1721 1196 1804 optata
1212 1707 1379 1792 victoria,

306 1823 540 1922 etpraesentis
555 1824 727 1920 temporis
743 1823 1011 1922 opportunitas.
1026 1823 1133 1895 Multi
1152 1824 1278 1923 itaque
1290 1839 1378 1905 sunt,

305 1938 351 2014 de
378 1956 485 2040 gente
508 1937 648 2038 plebeia
676 1956 712 2012 et
736 1940 980 2038 pusillanimi,
1009 1937 1129 2040 gladio
1159 1941 1280 2012 necati
1289 1969 1301 2029 ς
1327 1940 1377 2010 alii

306 2080 396 2129 vero
416 2056 528 2127 nimia
548 2055 607 2126 siti
630 2054 806 2128 sullocati.
831 2054 900 2148 Qui
917 2070 1039 2126 autem
1067 2056 1142 2126 vivi
1170 2070 1376 2143 evaserunt,

307 2200 390 2247 cum
415 2170 634 2255 l'saimundo¹
652 2172 897 2245 Talamauiam
923 2170 1132 2259 redieruut,
1163 2170 1293 2270 ibique
1314 2171 1378 2243 dies

305 2289 446 2389 aliquot
455 2289 631 2362 lecerunt.
648 2289 787 2362 Occisio
801 2289 879 2362 haee
891 2314 1015 2363 mense
1021 2289 1116 2389 julio
1137 2289 1196 2387 (ι)
1212 2291 1305 2362 lacta
1318 2305 1376 2373 est,

306 2419 343 2476 et
364 2403 607 2502 superborum
630 2403 820 2477 insolentia
844 2402 1016 2478 divinitus
1041 2403 1217 2503 castigata
1242 2421 1309 2476 est.
1327 2403 1377 2475 Sic

306 2522 483 2595 nimirum
508 2520 599 2594 lilios
628 2522 733 2595 lsrael
765 2522 803 2594 in
832 2523 940 2596 sacris
964 2519 1148 2595 codicibus
1174 2523 1377 2621 frequenter

305 2639 452 2712 afflictos
478 2638 652 2736 legimus,
682 2655 719 2710 et
746 2639 783 2712 in
811 2638 911 2713 bello
941 2641 1054 2713 victos
1081 2667 1101 2710 a
1125 2638 1322 2711 Philistiim
1345 2650 1377 2708 et

303 2757 424 2831 Edom
447 2773 554 2861 atque
582 2756 750 2844 Madian,
781 2757 929 2857 aliisque
958 2756 1085 2829 vicinis
1116 2755 1314 2854 gentibus;
1341 2771 1377 2826 ut

303 2891 521 2973 cogerentur
533 2871 579 2945 ad
594 2874 709 2945 Deum
725 2899 867 2972 semper
883 2899 1091 2961 recurrere,
1107 2889 1147 2945 et
1162 2876 1203 2946 in
1217 2873 1376 2947 observa·

305 2992 407 3064 tione
424 2989 678 3063 mandatorum
692 2993 765 3090 ejus
781 3017 1025 3089 perseverare.

355 3107 559 3180 Antiochiae
589 3124 675 3180 tunc
700 3107 936 3198 N'Aimarus,
961 3107 1147 3182 Podiensis
1169 3111 1374 3208 episcopus,

304 3223 513 3322 aegrotavit,
525 3238 562 3295 et
572 3240 724 3321 paterno
736 3249 839 3297 more
851 3224 1022 3325 lugubres
1035 3224 1129 3297 filios
1144 3225 1374 3310 confortavit,

303 3341 470 3441 viamque
488 3341 665 3413 universae
681 3343 798 3415 carnis
818 3342 1042 3443 ingrediens,
1059 3342 1226 3417 kalendis
1243 3341 1375 3443 augusti

302 3456 348 3529 ad
359 3458 558 3532 Dominum
571 3458 753 3556 migravit.
774 3460 906 3532 Luctus
924 3461 1042 3560 itaque
1064 3459 1326 3534 immoderatus
1342 3459 1374 3529 in

305 3590 379 3647 tota
403 3575 535 3647 Christi
562 3575 690 3648 militia
716 3577 827 3649 lactus
854 3594 926 3668 est,
956 3579 1130 3679 quoniam
1158 3579 1236 3677 ipse
1265 3580 1375 3650 suerat

303 3691 495 3762 consilium
521 3691 716 3780 nobilium,
736 3719 814 3791 spes
841 3694 1108 3792 orphanorum,
1136 3693 1374 3769 imbecillium

303 3823 643 3896 sustentamentum,
672 3810 849 3884 militibus
875 3811 984 3885 bomo
1014 3812 1197 3884 militaris.
1221 3813 1373 3885 Clericus

304 3923 517 3998 clericaliter
533 3927 705 4001 educebat
723 3944 759 4000 et
779 3928 970 4020 educabat,
988 3928 1183 4029 prudentia
1202 3927 1371 4030 singulari

580 4119 924 4130 -.rma-m-
931 4121 1246 4130 ...nm-m
1253 4121 1346 4129 ---.-.-·
1360 4118 1365 4123 -

339 4193 381 4262 (1)
398 4192 434 4245 n
450 4190 465 4246 s
475 4192 576 4264 juna.
