2888 4934
187 413 456 489 [xx0run111097]
581 409 698 469 LIBER
719 409 858 469 NONUS.
1197 412 1256 470 505

187 540 324 640 gationi
337 537 564 626 satisfaciens,
578 539 718 612 Tatano
730 544 741 626 f
751 568 760 611 ι
770 539 800 636 ),
815 540 970 636 principi
982 539 1136 627 militiae,
1151 564 1259 638 quem

187 655 408 731 nostratibus
422 656 598 755 praevium
613 683 695 728 cum
711 682 757 728 xn
769 654 931 727 millibus
943 671 1046 728 antea
1061 656 1259 727 constitue-

187 792 264 864 rat,
294 775 441 873 aliisque
468 773 679 845 satellitibus
700 775 770 844 suis
799 773 989 871 imperavit
1016 790 1055 844 ut
1077 797 1114 844 se
1140 788 1177 844 et
1199 800 1259 844 sua

187 893 356 966 dedentes
371 893 578 990 Byzantium
599 892 793 989 impunitos
809 890 1044 978 deducerent,
1063 890 1157 963 etde
1171 891 1262 963 civi·

190 1027 261 1083 tate
277 1009 449 1084 servanda
473 1011 603 1082 curiosi
628 1010 682 1106 (2)
703 1025 953 1107 procurarent.
974 1010 1081 1080 Juxta
1099 1033 1263 1107 praecep-

190 1144 268 1200 tum
289 1127 440 1227 Augusti
464 1128 585 1199 omnia
602 1128 691 1198 facta
716 1143 816 1214 sunt,
841 1142 878 1198 et
895 1127 1018 1199 civitas
1035 1126 1173 1200 reddita
1190 1142 1260 1213 est,

190 1270 348 1344 gensque
368 1244 567 1316 Gentilium
589 1243 633 1314 ad
655 1242 784 1315 urbem
801 1243 1069 1342 imperatoriam
1085 1241 1263 1314 indemnis

189 1362 341 1435 deducta
358 1378 422 1434 est.
441 1361 471 1434 V
476 1363 564 1434 ictos
579 1363 698 1462 itaque
715 1363 913 1460 imperator
926 1389 1008 1433 cum
1023 1359 1264 1433 honorificen-

192 1479 241 1552 tia
255 1479 431 1551 libertatis
445 1481 617 1576 suscepit,
638 1480 848 1578 magnisque
862 1478 1123 1577 dapsilitatibus
1135 1477 1263 1551 educa·

191 1598 262 1685 vit,
279 1614 316 1669 et
332 1595 548 1694 pauperibus
564 1595 774 1669 Christianis
798 1597 911 1668 multa
929 1595 1077 1670 donaria
1102 1596 1262 1669 donavit.

192 1714 344 1786 Civitate
361 1715 515 1803 reddita,
534 1714 725 1787 Christiani
745 1713 791 1786 ab
807 1713 994 1788 obsidione
1007 1712 1189 1787 secedunt.
1211 1712 1265 1784 lbi

193 1832 368 1904 nimirum
383 1833 486 1904 multi
501 1836 611 1921 fame,
631 1834 686 1905 vel
706 1833 844 1932 gladio,
860 1834 915 1905 vef
931 1830 1182 1933 alioquolibet
1199 1856 1265 1903 ex·

194 1949 365 2020 terminio
382 1950 515 2020 mortui
535 1965 637 2037 sunt,
653 1949 736 2048 qui,
757 1964 798 2020 ut
810 1947 1005 2033 credimus,
1020 1948 1114 2021 felici
1133 1963 1266 2044 marty-

194 2064 253 2137 rio
272 2064 419 2135 laureati
437 2081 540 2153 sunt,
565 2065 738 2164 quoniam
757 2089 827 2162 pro
850 2065 1003 2136 fratrum
1022 2064 1268 2161 compassione

195 2206 348 2278 corpora
369 2210 428 2253 sua
445 2182 683 2255 tradiderunt.
700 2183 803 2255 Multi
822 2183 929 2254 etiam
946 2182 1145 2255 Gentilium
1162 2181 1269 2254 variis

195 2298 382 2371 eventibus
413 2299 581 2372 trucidati
609 2318 711 2389 sunt,
745 2327 903 2401 quorum
937 2300 1106 2373 cadavera
1140 2300 1269 2397 passim

196 2415 380 2493 inhumata
393 2420 596 2516 jacuerunt.
617 2420 686 2491 Per
699 2436 836 2517 septem
853 2417 1112 2508 hebdomadas,
1130 2433 1270 2516 tresque

196 2532 270 2608 dies
286 2537 340 2634 (3)
357 2537 431 2609 iffic
445 2536 638 2610 Christiani
652 2536 829 2610 demorati
846 2554 929 2609 sunt
936 2566 946 2622 ;
962 2554 998 2610 ct
1011 2535 1149 2608 reddita
1164 2538 1268 2622 urbe,

197 2652 325 2752 pedem
354 2655 438 2725 alias
466 2657 583 2729 tristes
607 2655 832 2728 direxerunt.
861 2654 1066 2728 Paenitebat
1090 2656 1187 2727 enim
1211 2679 1271 2726 eos

197 2769 317 2871 longae
331 2770 549 2861 obsidionis,
564 2772 651 2845 dum
669 2800 742 2846 non
761 2772 934 2847 dominati
949 2791 1032 2845 sunt
1050 2773 1151 2861 urbi,
1169 2796 1272 2843 more

233 3042 273 3112 (r)
291 3042 330 3096 Cc
349 3060 522 3114 personnagc
541 3061 577 3095 ne
595 3041 738 3114 s’appelait
759 3060 806 3114 pas
821 3043 926 3105 Tatan,
942 3042 1010 3095 mais
1023 3042 1133 3104 Tader,
1150 3040 1191 3094 fris
1205 3040 1271 3094 d'un

201 3131 326 3189 Sarrasin
340 3133 390 3187 fait
404 3134 561 3205 prisonnier
572 3152 622 3205 par
633 3135 702 3187 Jcan
716 3134 869 3188 Comni’ne.
883 3133 905 3187 lt
918 3134 1041 3187 avaitetc'·
1050 3132 1124 3186 cleve
1133 3131 1201 3185 dans
1215 3131 1274 3184 i’es-

201 3222 325 3296 clarage,
340 3235 368 3278 et
386 3243 421 3277 en
440 3226 508 3278 etait
521 3225 588 3278 sorti
604 3241 654 3296 par
667 3241 694 3277 sa
709 3224 854 3279 bravourc.
869 3225 969 3279 C’etait
981 3223 1006 3278 fe
1019 3224 1086 3278 chef
1094 3223 1143 3277 des
1158 3223 1273 3277 officiers

202 3309 242 3365 du
255 3311 348 3384 palais.
364 3315 414 3366 Les
432 3313 582 3368 historiens
596 3313 679 3367 latins
695 3313 743 3368 des
765 3313 917 3380 croisades,
935 3317 983 3388 qui
1001 3314 1079 3368 n’ont
1100 3314 1161 3367 rien
1180 3312 1273 3365 onbfie

202 3417 276 3473 pour
288 3399 314 3455 le
328 3399 430 3455 rendre
447 3400 562 3467 odiens,
583 3421 619 3455 en
637 3401 699 3455 font
715 3420 753 3455 un
767 3405 886 3474 pertrait
899 3402 1027 3456 difforme
1039 3421 1075 3455 au
1088 3399 1176 3455 moral
1192 3410 1220 3454 et
1238 3418 1273 3453 au

202 3490 354 3564 physiquc,
368 3501 397 3544 et
415 3491 582 3564 protendant
597 3492 666 3565 qu’if
682 3493 753 3547 avait
770 3493 796 3546 le
814 3512 863 3547 nez
877 3495 975 3564 coupe.
989 3492 1085 3547 Nares
1097 3491 1204 3545 habens
1216 3510 1274 3544 mu-

204 3579 269 3633 tilas
281 3582 310 3632 in
325 3583 438 3653 sfguum
451 3584 552 3635 mentis
564 3601 717 3652 perversae,
732 3580 774 3635 dit
788 3581 949 3637 Guiflaumc
963 3581 998 3635 de
1011 3583 1079 3653 Tyr.
1094 3581 1188 3648 Naso,
1203 3600 1273 3654 qua,

203 3673 309 3734 nescio,
325 3673 470 3724 occasione
483 3669 590 3737 deciso,
611 3680 639 3723 et
652 3671 687 3725 ob
700 3670 732 3724 id
743 3680 824 3725 utens
838 3691 936 3734 aureo,
948 3671 1041 3742 ajoute
1055 3670 1191 3737 Guibert‚
1205 3670 1275 3725 abbe

203 3756 240 3811 de
253 3758 373 3830 Nogent.

239 3855 279 3926 (a)
293 3855 332 3909 Cc
346 3865 404 3909 mot
417 3866 458 3909 cst
467 3856 524 3927 pris
536 3856 571 3909 ici
585 3855 653 3910 dans
665 3875 714 3911 son
727 3874 788 3912 sens
803 3857 922 3929 primitif
935 3881 940 3910 :
955 3856 1103 3928 seigneur,
1119 3855 1245 3928 diligent.

240 3941 278 4012 (3)
293 3944 343 3997 Les
356 3944 507 3998 historiens
520 3943 568 3999 des
582 3944 721 4000 croisades
735 3946 843 4000 varient
858 3945 1002 4019 beaucoup
1018 3946 1235 4000 relatirerneuta
1250 3945 1274 3998 la

205 4033 292 4088 dureo
305 4031 344 4087 du
355 4036 430 4107 siege
448 4032 483 4087 de
498 4035 592 4089 Nicee.
610 4035 687 4091 Nous
703 4053 839 4108 pensons,
856 4053 920 4090 avec
938 4055 1007 4091 ceux
1021 4038 1069 4110 qui
1085 4053 1155 4090 nous
1173 4034 1275 4108 parais-

205 4132 269 4177 sent
286 4121 326 4177 les
348 4123 440 4177 mieux
462 4122 609 4191 informes,
625 4123 724 4197 qu'elle
738 4123 782 4178 fut
797 4122 833 4178 de
846 4126 1019 4199 trente-cinq
1035 4126 1115 4195 jours
1134 4122 1188 4191 (16
1207 4123 1276 4177 mai·

207 4230 241 4266 ao
256 4211 345 4283 juin).
367 4212 462 4266 Pierre
477 4212 631 4268 Tndcbode
654 4213 730 4286 parlc
750 4213 785 4269 de
808 4225 867 4287 sept
888 4217 1031 4271 sciuaines.
1055 4216 1140 4269 Notre
1160 4224 1274 4280 auteur,
