2888 4934
182 424 291 506 [isso]
568 421 863 484 rrrnrsnxrus.
1206 425 1245 484 ss

182 554 281 654 qnasi
294 569 479 628 mortuum
490 551 720 654 jnrndeflere.
736 553 819 628 Alsa
832 573 919 628 vore
934 553 1030 628 velut
1041 580 1162 628 amens
1178 556 1247 629 cla·

182 671 318 758 mrbnt,
333 687 370 745 et
383 698 466 745 eum
479 671 603 745 multis
615 670 757 746 fletibus
769 672 918 773 ejulans,
933 670 1075 744 (licebat
1087 702 1096 743 ε
1108 673 1188 746 Fili
1197 682 1247 746 mi

181 787 367 884 Roduffe,
394 788 537 889 qualem
556 793 696 892 coepisti
710 816 785 864 non
802 788 990 879 mttr‘rtom,
1011 789 1078 863 sed
1097 790 1248 865 demen-

132 965 135 974 .
183 910 276 983 tiam
288 905 481 981 exercere?
494 906 777 982 Detestabiiibus
788 904 997 1009 pedagogis
1010 934 1140 1008 prave,
1156 911 1247 1009 proh

182 1024 307 1100 dolor!
329 1027 505 1125 agitaris,
529 1051 680 1125 quorum
703 1024 873 1126 letiuseris
891 1027 1173 1128 sophismatibus
1189 1033 1249 1101 in-

182 1142 282 1219 sulse
309 1169 409 1216 nune
434 1142 641 1235 seduceris,
672 1147 774 1248 etin
800 1143 1011 1218 barathrum
1035 1145 1250 1245 perditionis

183 1259 436 1335 miserabiliter
457 1258 624 1333 crateris.
656 1258 689 1333 Ο
711 1287 824 1359 quum
847 1262 946 1343 triste
966 1259 1057 1333 milri
1077 1265 1250 1336 nuncium

185 1378 334 1465 misisti,
358 1403 536 1478 quumque
555 1376 726 1453 acerbum
744 1376 836 1451 milti
853 1403 1037 1451 moerorem
1058 1382 1251 1479 peperisti!

187 1495 345 1597 Decepte
363 1498 522 1596 juvenis,
553 1495 646 1593 quid
670 1495 738 1568 tibi
762 1494 917 1569 dicam?
946 1496 1123 1596 Nequiter
1148 1500 1253 1598 inju-

186 1613 319 1687 riando
346 1618 516 1687 inermem
532 1610 727 1712 snmulum
754 1613 890 1687 Christi
894 1671 907 1705 ,
935 1610 1159 1714 mortffercm
1189 1616 1256 1689 tibi

187 1729 424 1830 dejectionem
441 1732 681 1832 promeruisti.
698 1731 779 1803 Fili
796 1734 849 1803 mi
870 1730 1056 1830 lindum,⁴
1075 1730 1165 1832 quid
1184 1733 1254 1806 de-

189 1848 405 1924 bacchando
408 1846 560 1948 jecisti,
577 1852 643 1949 qui
655 1849 860 1948 primordio
877 1867 949 1922 ture
966 1851 1107 1922 militine
1128 1867 1255 1923 contra

192 1966 476 2068 Omnipotentem
488 1967 715 2041 exercuisti?
730 1968 825 2040 Nori
834 1971 1030 2041 certissime
1043 1968 1144 2067 quod
1157 1968 1258 2040 breue

188 2083 369 2179 gaudium
387 2102 423 2157 ct
442 2085 589 2181 longam
611 2087 796 2157 tristitiom
814 2084 985 2157 habitum
1006 2112 1087 2157 sum
1100 2110 1174 2186 pm
1194 2099 1257 2156 tuo

177 2196 368 2299 facinore.
397 2201 531 2276 Nonne
553 2229 678 2276 omnes
698 2201 862 2276 doctores
879 2206 1019 2303 puriter
1038 2217 1256 2290 consonant,

190 2335 223 2391 et
242 2344 325 2391 -unu
352 2345 443 2393 voce
460 2323 605 2421 passim
627 2319 841 2422 prredicant
860 2320 960 2419 quod
986 2318 1197 2391 Altissimns
1220 2322 1259 2389 in

192 2434 341 2509 Sanctis
365 2438 442 2509 suis
466 2434 630 2529 habitat,
657 2453 692 2509 et
717 2463 801 2510 cum
828 2441 880 2508 eis
905 2436 991 2509 loeta
1018 2434 1078 2507 uel
1104 2432 1260 2507 adverso

188 2554 249 2654 pie
282 2551 442 2628 toleras?
474 2557 674 2645 Succurre,
702 2572 826 2657 puter,
864 2554 1061 2628 insanienti
1082 2551 1169 2655 filio
1179 2608 1192 2640 ‚
1228 2567 1262 2623 et

191 2671 292 2743 omni
322 2668 473 2743 elabora
501 2671 623 2743 studio
654 2687 692 2743 ut
724 2670 843 2743 ablati
873 2668 1085 2770 cornipedes
1118 2664 1264 2763 lugubri

193 2785 396 2859 redduntur
415 2773 618 2875 monuerim,-
640 2813 687 2860 ne
705 2793 832 2860 unicus
842 2786 949 2885 filius
974 2802 1056 2857 tuus
1076 2807 1144 2883 pro
1163 2797 1263 2853 tanto

192 2902 328 2998 scelere
346 2909 471 2975 statim
494 2904 664 2976 trudatur
687 2902 886 2975 doemonio.
910 2901 968 2974 sic
991 2897 1160 3003 prudenti
1183 2922 1262 2970 ma-

192 3016 300 3111 trona
320 3044 389 3116 pro
415 3019 529 3094 sature
545 3017 610 3093 filii
637 3020 861 3119 supplicante
867 3074 879 3112 ,
898 3017 1187 3117 monachumque
1198 3013 1264 3088 de-

191 3136 350 3210 soletum
378 3135 534 3212 fideliter
568 3137 727 3212 mulcere
750 3152 952 3238 satagente,
977 3135 1147 3210 elbertus
1181 3159 1264 3206 cum

192 3253 294 3326 omni
309 3253 443 3327 familia
460 3280 520 3327 sua
534 3273 735 3328 commotus
752 3256 992 3345 contremuit,
1012 3253 1146 3326 mulam
1165 3276 1264 3323 suam

191 3364 558 3463 monacho‘tradidit,
574 3374 843 3473 armigerosque
854 3399 936 3445 suos
944 3398 1024 3447 cum
1040 3371 1104 3443 illo
1115 3364 1265 3461 Breher-

191 3487 328 3561 vallum
339 3487 397 3585 (r)
411 3485 623 3579 destinavit,
636 3487 822 3588 filiumque
834 3516 956 3576 snum,
969 3503 1010 3557 ut
1023 3488 1055 3558 ei
1073 3486 1263 3557 sinemuro

192 3627 349 3705 qunque
365 3604 484 3678 ablata
500 3603 644 3680 inerant
664 3605 850 3695 redderet,
870 3603 1025 3678 terribili
1042 3600 1265 3704 adjuratione

193 3719 415 3823 obtestetur,
443 3723 672 3817 constrinxit.
698 3721 940 3796 Guitmnndus
970 3721 1089 3823 inque
1114 3717 1267 3817 receptis

195 3838 295 3938 equis
307 3838 475 3913 Paccium
488 3822 679 3927 remeavit,
703 3839 852 3913 Alberto
872 3856 908 3913 et
926 3837 1033 3911 uxori
1045 3838 1119 3938 ejus
1135 3832 1266 3936 gratias

195 3955 288 4055 egit,
305 3983 323 4028 a
341 3978 416 4058 qno
432 3972 585 4059 uterque
596 3959 737 4031 veniam
750 3982 819 4056 pro
834 3956 1024 4029 commisso
1039 3970 1141 4027 reatu
1148 3954 1268 4052 postu·

235 4219 276 4285 (r)
288 4215 394 4273 eres-r.

277 4330 334 4379 ιιι.
1100 4309 1120 4378 3
