2888 4934
239 408 296 466 198
514 400 697 463 HISTORIA
719 400 1024 461 ucctsstasrtcl·
1095 402 1299 481 [1083-1085]

234 534 329 606 dictu
348 530 557 605 nobilissimi
576 530 723 604 baronis
738 530 900 605 occidere
916 531 1123 605 voluerunt.
1141 530 1210 604 Sed
1228 556 1302 605 mo-

236 653 333 724 riens
348 650 534 723 Richerius
550 651 579 721 ei
599 649 778 722 subvenit.
809 650 920 739 Nam,
951 648 1040 720 dum
1060 650 1196 722 vellent
1221 676 1301 723 eum

230 754 413 868 jugulare,
428 766 636 838 vulneratus
649 782 785 865 quanto
797 767 916 864 potnit
925 783 1057 838 conatu
1067 765 1300 839 exclamauit:

236 884 351 958 Sinite
364 883 469 956 illum
480 910 550 984 pro
560 909 683 955 ninere
698 885 781 954 nei.
795 886 964 956 Peccatis
974 887 1062 956 meis
1077 882 1301 982 exigentibus

233 1004 288 1075 sie
313 998 424 1071 debeo
452 1001 556 1071 niori.
585 997 673 1071 Mox
699 998 845 1070 dimisso
869 1023 1097 1097 percussore,
1129 997 1303 1098 lugendus

235 1115 340 1191 beros
355 1132 496 1215 peccata
514 1142 574 1187 sna
591 1115 770 1189 sodalibus
785 1117 856 1188 suis
871 1119 1052 1189 consessus·
1065 1133 1137 1206 est3
1156 1133 1194 1189 et
1207 1132 1304 1189 ante·

233 1260 343 1335 quum
363 1232 490 1305 urbem
517 1231 642 1306 adduci
672 1234 860 1332 potuisset,
884 1251 1047 1306 mortuus
1072 1250 1137 1306 est.
1168 1231 1304 1307 Deinde

235 1373 365 1449 corpus
396 1351 469 1450 ejus
495 1347 653 1422 delatum
683 1366 736 1421 est
764 1348 808 1420 ad
837 1349 1016 1449 quoddam
1041 1349 1303 1423 monachorum

233 1467 511 1550 monasterium,
527 1463 625 1563 quod
641 1465 864 1564 Engennllus
880 1481 982 1562 pater
998 1466 1072 1564 ejus
1089 1466 1126 1537 in
1143 1489 1205 1539 sua
1223 1489 1302 1563 pos·

233 1582 387 1656 sessione
404 1598 654 1656 construxerat
672 1584 708 1654 in
729 1582 868 1656 honore
883 1583 1003 1655 Sancti
1021 1583 1185 1681 Sulpitii,
1203 1607 1304 1681 proe-

233 1701 318 1775 sulis
345 1701 621 1774 Bituriceusium
652 1702 730 1797 (t),
768 1698 889 1800 ibique
920 1727 1002 1772 cnm
1034 1700 1171 1797 ingenti
1205 1699 1305 1772 luctu

234 1833 424 1917 parentum
453 1832 490 1888 et
519 1818 677 1889 affinium
709 1819 925 1889 tumulatum
948 1833 1001 1888 est
1029 1843 1048 1888 a
1077 1813 1302 1904 Gisleberto,

235 1932 431 2008 venerabili
449 1933 616 2032 episcopo
630 1933 919 2007 Ebroicensium.

284 2051 417 2127 Merito
449 2053 502 2123 uir
531 2053 595 2125 iste
622 2078 640 2123 a
667 2054 763 2125 notis
789 2050 1046 2150 plangebatur,
1072 2049 1156 2151 quis
1182 2049 1305 2122 multis

235 2167 342 2243 bonis
357 2171 394 2242 in
411 2171 482 2242 vita
498 2196 559 2241 sua
575 2167 826 2243 decorabatur.
845 2169 934 2240 Erat
951 2169 1049 2242 enim
1064 2192 1222 2266 corpore
1234 2165 1306 2240 lor·

237 2285 300 2373 tis,
329 2283 480 2383 pulcher
506 2302 542 2358 et
569 2285 691 2385 agilis,
716 2286 755 2358 in
783 2286 860 2384 lege
883 2286 947 2357 Dei
973 2283 1105 2372 fidelis,
1130 2283 1307 2384 religiosis

237 2399 445 2475 bominibus
460 2403 609 2501 supplex
625 2418 661 2475 et
674 2402 837 2490 humilis,
857 2404 894 2475 in
916 2402 1068 2501 negotiis
1085 2426 1172 2474 vero
1185 2400 1305 2474 saeculi

236 2533 359 2591 cautus
375 2535 411 2590 et
423 2517 612 2606 facundus,
629 2519 716 2591 etin
729 2521 830 2591 omni
847 2518 1118 2591 conversatione
1132 2544 1192 2589 sua
1211 2531 1307 2588 tran·

236 2636 369 2736 quillus
385 2651 421 2708 et
432 2635 589 2735 dapsilis.
607 2638 674 2710 Hic
688 2635 815 2708 habuit
827 2638 1016 2735 conjugem
1033 2633 1177 2721 iudith,
1197 2633 1306 2705 filiam

237 2751 380 2827 Ricardi
397 2752 667 2827 Abrincatensis
683 2769 927 2855 cognomento
945 2753 1039 2843 Goz,
1059 2778 1223 2827 sororem
1240 2751 1305 2824 sci-

237 2868 321 2942 licet
338 2870 500 2971 Hugonis
518 2871 760 2945 Gestrensium
777 2872 949 2968 comitis(
976 2872 1009 2968 ),
1032 2896 1076 2943 ex
1097 2896 1168 2971 qua
1183 2869 1309 2970 genuit

237 2984 480 3059 Gislebertum
495 2987 745 3088 Aquilcnsem,
765 3004 801 3060 et
816 2988 1083 3087 Engcnult'um,
1104 3002 1141 3059 et
1158 2982 1309 3058 Mathil-

236 3100 338 3190 dem,
363 3119 398 3174 et
419 3104 507 3176 alios
526 3105 646 3202 plures
663 3104 756 3177 lilios
773 3123 809 3177 et
826 3105 927 3176 filias.
948 3104 1170 3178 Gisleb'ertus
1188 3119 1309 3175 autem

237 3217 349 3308 solus,
362 3218 439 3290 aliis
454 3217 719 3306 decedentibus,
737 3236 895 3319 paternae
909 3221 1099 3319 probitatis
1111 3235 1147 3293 ct
1160 3216 1310 3292 honoris

238 3333 340 3409 heres
354 3337 533 3424 successit,
548 3336 788 3425 etJulianam,
807 3336 1042 3410 strenuissimi
1057 3337 1198 3411 comitis
1210 3333 1311 3408 lllau·

239 3471 379 3543 ritaniae
395 3468 570 3543 Goislredi
589 3468 699 3543 filiam
714 3474 785 3570 (ὅ),
802 3474 992 3572 conjugem
1008 3472 1130 3560 duxit,
1145 3496 1229 3571 quae
1242 3467 1311 3541 Ri-

272 3715 312 3786 (ι)
322 3713 693 3788 saint-Sulpiee·snr·llisle‚
710 3714 822 3788 prieure
830 3714 865 3769 de
875 3714 975 3784 Timo,
987 3716 1051 3787 pres
1062 3713 1165 3787 Laigle.
1180 3711 1206 3772 Il
1218 3711 1310 3785 pmit

239 3822 294 3878 que
307 3803 404 3859 celieu
416 3804 557 3878 s'appelait
570 3806 791 3878 primitirement
803 3805 921 3862 Nenilli.

274 3894 313 3964 (a)
334 3893 388 3948 Sur
408 3903 480 3948 cette
499 3894 602 3950 lamille
623 3895 671 3951 des
685 3897 817 3952 vicomtes
829 3896 1030 3963 d’Avrauches‚
1050 3912 1132 3967 voyez
1151 3891 1309 3960 ci-dessua,

241 3991 263 4035 t.
277 3999 315 4046 n,
353 3997 401 4034 ,αι
428 4020 433 4033 .

274 4068 313 4143 (3)
329 3998 474 4137 dulmine,
491 4068 546 4127 fille
562 4072 597 4128 de
611 4073 753 4143 Geoffroi,
769 4085 861 4133 comte
873 4074 909 4129 de
921 4075 1068 4147 Mortagne
1079 4089 1116 4127 ou
1128 4069 1168 4126 du
1183 4068 1310 4134 Perelio,

240 4174 267 4218 ut
280 4161 314 4216 de
330 4160 437 4215 Beatrix
449 4158 484 4215 de
496 4161 649 4218 Rochelort
661 4165 740 4234 (pres
754 4164 968 4232 llambouillet).
