2888 4934
188 417 249 480 stt
463 415 974 476 utsrounucctusns'r1ci.
1100 423 1104 431 ·
1147 419 1256 497 [1090]

186 565 281 639 erat,
296 565 332 621 et
344 575 427 648 erga
441 544 568 620 ducem
583 547 758 645 plurimos
772 544 952 646 adjutores
965 544 1133 621 habebat.
1148 547 1255 635 Nem,

185 665 289 738 sicuti
318 692 424 762 supra
448 662 585 742 dictum
603 680 673 752 est,
699 662 910 736 Guillelmus
933 688 997 735 rex
1022 663 1116 737 filios
1138 663 1256 737 Gisle-

185 780 281 855 berti
300 781 466 857 comitis:
485 780 678 854 Ricardum
694 797 729 852 et
747 779 962 852 Balduinum
985 806 1087 853 caros
1107 778 1252 868 babuit,

183 912 220 969 et
238 913 310 969 tam
328 923 394 994 pro
418 897 600 969 vicinitate
616 897 813 995 sanguinis,
833 921 943 994 quam
962 920 1029 992 pro
1043 897 1254 969 strenuitate

183 1013 375 1091 amborum
403 1039 462 1089 eos
493 1011 716 1100 sublimavit,
748 1029 784 1084 et
812 1010 976 1109 pluribus
1001 1011 1122 1084 suudis
1148 1029 1253 1112 atque

182 1129 383 1207 bonoribus
415 1148 452 1204 et
481 1130 713 1228 potestatibus
744 1132 781 1206 in
809 1129 939 1228 Anglia
965 1146 1003 1201 et
1028 1129 1250 1203 Normannia

182 1246 322 1320 ditavit.
339 1247 481 1320 Proesati
498 1271 643 1346 quoque
658 1249 786 1319 fratres
803 1245 908 1318 bonis
925 1245 1116 1331 uxoribus,
1137 1263 1174 1317 et
1189 1245 1251 1319 bo-

183 1363 340 1438 norabili
357 1364 482 1438 sobole
495 1365 619 1438 donati
639 1380 735 1436 suut.
755 1362 929 1435 Ricardus
943 1363 1039 1434 enim
1059 1361 1250 1447 Roaldem,

181 1481 356 1556 Gaulterii
382 1481 518 1554 Gisardi
547 1484 600 1581 (t)
624 1481 755 1571 filiam,
779 1482 932 1579 accepit,
959 1506 1040 1580 quae
1059 1479 1153 1553 filios
1168 1481 1201 1552 ei
1218 1496 1252 1553 et

182 1598 272 1673 filias
293 1601 458 1699 peperit:
475 1600 675 1698 Rogerium
692 1615 729 1672 et
745 1598 1008 1687 Gistebertum,
1028 1598 1252 1671 Gaulterium

183 1733 221 1791 et
233 1716 458 1791 Rodbertum
472 1733 579 1818 atque
592 1716 787 1790 Ricardum
798 1718 1009 1790 beccensem
1019 1716 1250 1804 monachum,

185 1835 241 1905 cui
271 1834 447 1906 Henricus
476 1858 540 1905 rex
570 1834 750 1906 commisit
776 1832 919 1905 Eliense
948 1831 1159 1905 coenobium
1184 1833 1200 1929 (
1223 1832 1250 1930 ).

185 1947 380 2021 Balduinus
391 1975 480 2022 vero
494 1946 619 2050 genuit
631 1948 858 2022 Rodbertum
871 1966 908 2020 et
919 1949 1157 2022 Guillelmum
1165 2003 1176 2037 ,
1196 1948 1253 2019 Ri-

185 2065 377 2154 chardum,
397 2067 621 2166 nothumque
645 2067 870 2166 Guigerium.
889 2067 950 2138 lsti
971 2067 1147 2138 nimirum
1165 2081 1253 2138 tem-

184 2209 274 2283 pore
299 2184 483 2258 Guittetmi
501 2186 595 2284 regis
613 2200 649 2256 et
673 2183 832 2257 filiorum
851 2185 924 2282 ejus
944 2180 1123 2255 laboriosa
1140 2180 1254 2254 saeculi

184 2299 367 2399 probitate
383 2302 597 2401 viguerunt,
624 2302 801 2400 variisque
826 2299 969 2372 ssatibus
989 2298 1166 2371 instabilis
1180 2301 1255 2371 sor-

186 2434 286 2488 tunae
304 2418 444 2516 agitati,
474 2419 510 2489 in
528 2418 656 2517 pelago
674 2416 777 2515 hujus
802 2418 928 2489 mundi
947 2416 1147 2514 periculose
1169 2415 1255 2487 ssuc-

185 2519 392 2607 tuaverunt.
413 2536 599 2634 Wigerius
612 2551 746 2623 autem,
762 2537 975 2607 novissimus
993 2534 1140 2620 horum,
1155 2559 1256 2604 mun·

186 2651 288 2726 dialis
311 2653 451 2726 militiae
467 2653 661 2727 discrimen
687 2671 815 2752 sponte
830 2652 1007 2740 deseruit,
1030 2655 1067 2725 in
1094 2652 1254 2726 Beccensi

188 2771 361 2846 coenobio
399 2798 539 2846 comam
573 2771 755 2871 deposuit,
791 2789 828 2844 et
863 2774 900 2844 in
935 2769 1154 2843 monachatu
1189 2770 1256 2842 sere

187 2912 234 2959 xt
252 2889 355 2960 annis
375 2889 440 2973 sub
467 2888 733 2962 venerabilibus
758 2888 1048 2961 archimandritis
1066 2887 1256 2960 Guillelmo

188 3018 226 3074 et
243 3003 383 3077 Bosone
403 3006 458 3104 (3)
475 3008 578 3079 vixit.

238 3118 1257 3223 XIV.PerstrcpentibusundiquepraeliisinNeustria‚se

187 3238 338 3311 curitate
350 3241 446 3338 pacis
456 3243 591 3339 pertrui
605 3268 680 3314 non
691 3243 809 3340 potuit
819 3241 1046 3314 Ebrnicensis
1059 3243 1254 3340 provincia.

193 3476 353 3548 Tomburge
366 3475 550 3549 (Tunbridge
563 3495 600 3531 ou
613 3477 791 3549 Tonbridge‚
807 3477 876 3531 dans
889 3477 914 3530 le
926 3479 1017 3531 comte
1029 3476 1064 3530 de
1076 3477 1167 3542 Kent;
1182 3428 1256 3546 edict

188 3566 340 3633 ci-dessus‚
360 3586 389 3639 p.
403 3566 485 3641 278),
503 3578 664 3622 asserentes
683 3570 795 3641 leugam
812 3569 922 3622 Brionir'
936 3587 999 3621 curn
1006 3567 1144 3639 funiculo
1161 3571 1257 3622 circum

188 3657 369 3730 cimasutsse
388 3668 592 3726 mensuratum,
614 3669 640 3712 et
660 3658 756 3714 eodem
765 3659 843 3731 sune
862 3662 891 3712 in
910 3660 1019 3732 Angliu
1040 3658 1135 3712 delato
1152 3659 1257 3730 leugam

192 3745 353 3818 Tomburge
368 3747 543 3802 tantumdem
557 3752 644 3820 spatii
655 3751 685 3802 iu
701 3748 839 3802 metiendo
853 3752 1001 3819 recepisse,
1019 3758 1158 3821 quaestum
1170 3748 1256 3801 haete-

188 3851 244 3888 πω
254 3826 409 3888 Brionense
424 3836 584 3891 milliarium
600 3837 739 3908 probatur
752 3840 880 3891 retinere.

223 3924 263 3995 (ι)
278 3922 395 3977 Gentier
406 3924 530 3995 uittam,
544 3928 667 4000 premier
680 3928 719 3981 du
734 3946 814 3994 nom,
830 3926 871 3981 tits
883 3926 1040 3982 d'Osberne
1053 3924 1089 3980 de
1102 3924 1213 3983 Bolbee.

223 4013 265 4080 (α)
277 4010 317 4065 1ae
328 4016 485 4069 monestere
497 4005 574 4089 u’Ety
588 4017 879 4092 (Cambridgeshire).

225 4094 261 4112 '¹
283 4096 446 4178 ‘'suillaume
464 4101 500 4159 de
520 4107 657 4162 ttontsort
677 4110 805 4178 (octobre
828 4106 948 4182 1093-16
964 4107 1032 4162 avril
1055 4109 1152 4179 nath
1175 4106 1256 4160 anon

331 4186 396 4271 pn
412 4189 504 4272 efflat·
