2888 4934
321 418 381 478 534
596 418 780 479 HISTORIA
802 418 1110 481 sscctttstlstlcs.
1192 423 1279 497 [nato
1296 425 1388 502 1098]

321 551 383 625 illo
396 547 585 638 servando,
602 577 684 625 cum
701 550 922 650 primoribus
938 550 1162 627 Francorum
1174 569 1307 650 pactus
1321 571 1384 627 cst.

319 665 449 739 Omnes
466 666 564 738 enim
578 666 636 738 alii
654 667 802 740 tutelam
819 666 1021 767 hujusmodi
1037 669 1304 742 refutaverunt.
1321 670 1388 744 Ex·

319 784 397 857 citis
414 784 532 882 itaque
544 782 850 859 commilitonibus
862 784 1133 885 fautoribusque
1147 786 1244 875 suis,
1261 788 1388 863 castel-

319 901 396 975 lum
412 903 563 991 muniit,
582 894 707 974 obesse
723 902 805 974 urbi
821 904 953 977 acriter
969 901 1129 990 obstitit,
1148 903 1228 976 vias
1242 919 1281 977 et
1296 904 1388 978 invia

320 1019 532 1118 irrequietus
549 1018 764 1092 observavit.
779 1019 939 1113 Quadam
954 1019 1012 1094 die
1025 1021 1199 1094 Surianos
1212 1036 1252 1093 et
1264 1021 1388 1095 Arme·

319 1136 415 1226 nios,
436 1137 649 1227 necessaria,
668 1154 709 1209 ut
732 1136 914 1226 solebant,
941 1137 978 1210 in
1001 1137 1131 1210 urbem
1158 1135 1388 1212 abundanter

317 1251 527 1342 deferentes,
540 1255 697 1343 invenit,
713 1255 879 1327 celeriter
891 1279 1089 1356 aggressus,
1104 1255 1230 1329 omnia
1241 1254 1388 1355 quoede·

317 1368 480 1443 ferebant
500 1369 666 1458 abstulit,
682 1370 876 1470 spoliisque
891 1373 1022 1469 opimis
1032 1387 1070 1443 et
1085 1370 1310 1445 victualibus
1318 1372 1388 1472 glo·

319 1487 412 1559 riose
422 1485 573 1577 ditatus,
587 1488 693 1559 sociis
708 1485 885 1558 subvenit.
904 1487 1123 1560 Antiocheni
1137 1512 1254 1586 ergo,
1273 1504 1310 1561 ct
1321 1513 1388 1560 om·

318 1603 540 1674 nesfautores
550 1600 786 1674 eorumvalde
795 1602 979 1698 perterriti
989 1618 1087 1692 sunt,
1094 1619 1131 1675 et
1139 1600 1387 1702 frequentibus

320 1719 525 1791 infortuniis
542 1735 580 1791 et
596 1717 856 1792 calamitatibus
873 1720 1032 1818 oppressi
1052 1735 1139 1793 sunt
1152 1721 1225 1817 (r).
1241 1719 1383 1804 Franci,

318 1832 479 1906 moribus
494 1836 704 1921 ferociores,
727 1851 854 1906 natura
879 1835 1133 1921 animosiores,
1149 1862 1219 1906 usu
1239 1837 1279 1907 in
1295 1833 1385 1906 bello

318 1947 554 2046 expeditiores
568 1965 690 2038 erant,
703 1949 795 2022 etad
807 1950 876 2023 hoc
890 1951 928 2021 in
940 1949 1157 2049 longinquas
1171 1951 1338 2049 regiones
1351 1964 1382 2020 et

317 2084 455 2142 exteras
467 2070 629 2142 nationes
640 2070 708 2141 iter
719 2068 1192 2166 arripuerantlonganimes.
1207 2068 1268 2140 Ad
1276 2070 1381 2142 Deum

320 2187 356 2257 in
381 2185 551 2285 angustiis
577 2184 820 2284 suspirabant,
848 2186 1033 2284 ipsumque
1056 2185 1091 2256 in
1119 2187 1383 2258 necessitatibus

318 2302 389 2373 suis
408 2302 610 2402 adjutorem
631 2302 864 2392 invocabant,
882 2303 986 2401 eique
1011 2303 1226 2402 frequenter
1243 2329 1313 2401 pro
1328 2303 1383 2375 bn·

317 2420 432 2491 manis
450 2419 648 2492 excessibus
665 2418 785 2492 devoti
804 2418 1075 2492 satisfaciebant.

366 2538 489 2609 Pirrus
507 2538 676 2610 Datianus
694 2539 763 2634 (2),
779 2535 925 2636 quidam
941 2535 1169 2626 Admiratus,
1184 2539 1383 2611 Tuscorum

319 2657 485 2757 prosapia*
497 2655 687 2743 oriundus,
708 2654 896 2727 inobsessa
913 2656 1053 2726 civitate
1065 2671 1139 2726 tres
1151 2670 1275 2728 turres
1289 2653 1383 2727 babe-

317 2773 397 2862 bat3
420 2774 481 2873 qui
499 2772 615 2845 foedus
636 2773 801 2845 amicitiae
819 2797 884 2870 per
902 2770 1022 2843 fideles
1038 2771 1289 2844 internuntios
1309 2797 1384 2844 cum

316 2891 527 2965 Buamundo
545 2890 692 2978 inierat3
712 2889 756 2960 de
772 2916 845 2988 quo
866 2891 956 2960 fama
975 2889 1097 2961 volans
1114 2888 1159 2959 ad
1176 2913 1262 2962 eum
1279 2889 1381 2961 multa

351 3134 389 3202 (r)
402 3131 489 3185 Notae
502 3140 601 3183 auteur
614 3148 630 3183 a
644 3127 753 3200 neglige
764 3128 815 3192 ici,
831 3127 931 3181 arecia
944 3127 1005 3199 plns
1020 3126 1125 3199 grande
1136 3127 1230 3198 partie
1240 3125 1291 3182 des
1302 3126 1380 3180 histo·

317 3221 390 3274 riens
406 3219 454 3272 des
470 3216 621 3284 croisades,
637 3216 672 3270 de
689 3215 780 3288 parler
797 3214 831 3268 de
850 3215 874 3269 la
889 3215 965 3269 treve
981 3213 1096 3268 concine
1113 3232 1179 3268 avec
1195 3214 1235 3268 les
1254 3216 1377 3286 assie'gc's,

316 3310 405 3383 etqui
420 3308 462 3362 fut
474 3325 654 3379 rompuepar
668 3305 693 3361 le
706 3316 829 3360 meurtre
841 3304 876 3359 de
890 3303 1002 3360 Walon.
1016 3305 1111 3376 Voyez
1124 3303 1236 3359 Robert
1248 3304 1285 3359 de
1297 3304 1378 3359 Saint-

318 3399 412 3464 Remi,
431 3397 450 3450 l.
469 3416 497 3449 v.
515 3399 567 3453 Cet
584 3399 746 3450 ‹ivdnement
764 3406 805 3449 est
825 3406 959 3467 pourtant
975 3394 1032 3450 l'nn
1050 3394 1099 3448 des
1119 3394 1251 3466 e'pisodes
1270 3395 1308 3450 fes
1326 3393 1378 3467 plns

316 3490 464 3546 touchants
479 3489 517 3542 du
534 3489 608 3559 siege
620 3487 797 3542 d’Antioche.
811 3486 926 3542 Suivant
940 3486 964 3539 la
977 3485 1093 3539 relation
1108 3504 1143 3539 en
1158 3504 1220 3540 vers
1237 3486 1275 3539 de
1287 3485 1377 3550 Gilon,

315 3579 341 3633 la
361 3580 462 3633 femme
483 3577 518 3631 de
539 3597 570 3631 ce
591 3578 716 3649 guerrier
733 3577 824 3631 aurait
840 3580 884 3629 ete
903 3595 957 3629 une
977 3575 1032 3629 fille
1052 3574 1086 3630 de
1106 3573 1378 3648 Hugue-lessmnd,

315 3671 443 3720 nominee
459 3666 633 3736 llumberge‚
651 3666 720 3719 dont
731 3664 771 3719 les
784 3665 982 3737 genealogistes
995 3665 1073 3719 n’ont
1085 3665 1166 3737 point
1179 3666 1269 3737 parle.

349 3759 388 3826 (a)
402 3758 475 3810 Lisez
489 3756 619 3809 Pluinna.
635 3755 727 3826 Voyrz
740 3754 809 3808 dans
821 3752 910 3807 Raoul
923 3753 957 3808 de
969 3754 1044 3808 Caen
1055 3752 1095 3806 fes
1107 3753 1204 3807 motifs
1217 3771 1276 3827 qne
1288 3764 1330 3808 oet
1338 3770 1378 3805 aa·

316 3856 378 3897 teur
390 3846 496 3918 allbgue
509 3846 544 3899 de
556 3865 585 3899 sa
599 3845 759 3900 resolution.
771 3843 991 3912 Romal-addin,
1006 3843 1143 3897 historica
1153 3842 1271 3917 d’Alep,
1283 3839 1377 3916 appelle

315 3934 436 3987 Plrironz
450 3936 572 4003 errad,
587 3954 623 3989 ou
634 3934 659 3988 le
672 3935 809 3989 fabricant
819 3933 854 3988 de
866 3935 1007 3988 cuirasses.
1020 3934 1098 3988 Nous
1110 3951 1146 3988 ne
1157 3952 1259 3988 savons
1271 3953 1302 3989 ce
1311 3933 1377 4005 qnia

314 4042 352 4095 pu
364 4042 485 4095 engagcr
498 4036 577 4079 notre
587 4037 686 4080 auteur
699 4030 714 4079 a
725 4026 832 4096 ajouter
841 4044 876 4078 au
887 4043 953 4079 nom
964 4025 998 4080 de
1008 4044 1039 4079 ce
1048 4042 1225 4097 personnage
1234 4025 1261 4079 le
1273 4037 1376 4079 surnom

315 4117 371 4169 tres
385 4133 438 4186 peu
452 4115 569 4169 oriental
584 4116 618 4168 de
631 4117 739 4171 Datien.
752 4118 832 4172 Cette
842 4117 1017 4182 innovation,
1031 4117 1078 4188 qui
1090 4116 1161 4170 n‘est
1172 4135 1223 4189 pas
1233 4117 1375 4174 bannense·

316 4205 436 4279 prnrirnt
454 4205 636 4276 nniqnemcnt
650 4206 746 4259 deson
761 4207 832 4259 eliel.
