2888 4934
191 429 251 488 338
469 422 652 485 ttlstottta
674 422 980 484 Etcttslasttcs.
1155 431 1262 505 [1090]

191 564 267 661 ejus
283 557 462 656 protervia
478 582 535 626 me
552 560 791 646 contristavit,
810 557 1041 656 monitusque
1055 583 1152 631 meos
1170 560 1261 630 mul·

191 676 315 747 totiens
334 673 562 774 contempsit.
587 672 847 774 Corripiendus
861 698 947 773 ergo
960 689 1052 762 erat,
1067 690 1104 747 et
1119 674 1260 748 docen-

190 793 260 866 dus
282 790 437 892 qrtnliter
451 790 553 890 loqui
570 791 701 863 debeat
722 792 880 865 dominis
896 793 974 864 suis
990 809 1025 863 et
1040 793 1257 893 majoribus.

237 910 322 982 Haec
345 924 382 980 et
401 908 468 980 alia
493 906 695 1006 hujusmodi
719 907 895 1008 Rogerius
916 906 960 980 ad
980 907 1141 983 savorem
1161 909 1258 983 ducis

187 1027 319 1100 leniter
330 1026 470 1100 locutus
482 1043 546 1100 est.
563 1026 613 1098 Et
627 1026 701 1113 ille,
715 1028 834 1099 sutura
849 1052 923 1100 non
939 1051 1161 1123 praecavens,
1175 1025 1257 1102 adu-

186 1146 276 1219 lanti
297 1145 565 1244 congratulatus
580 1160 647 1217 est.
669 1141 725 1215 Ad
742 1144 864 1218 omnia
879 1142 978 1216 ducis
994 1143 1143 1217 consilia
1160 1147 1256 1218 lami-

186 1262 325 1336 liariter
336 1263 410 1362 jam
424 1260 595 1334 admissus
611 1277 683 1348 est,
703 1263 801 1334 etsie
817 1260 1049 1360 postmodum
1063 1261 1109 1334 de
1126 1261 1255 1337 sobolis

185 1379 370 1477 ereptione
397 1377 595 1476 prudenter
622 1403 727 1476 agere
751 1380 846 1450 risus
876 1395 941 1450 est.
972 1378 1062 1451 Erat
1088 1381 1189 1453 enim
1213 1404 1253 1452 ex

184 1497 340 1597 antiquis
353 1512 389 1568 et
405 1497 597 1595 proecipuis
610 1495 785 1568 liodberti
801 1495 901 1570 ducis
914 1512 951 1568 et
963 1495 1151 1570 Guillelmi
1166 1499 1253 1598 regis

184 1612 437 1713 optimatibus,
459 1638 570 1712 gener
588 1612 807 1688 Gualeranni
823 1614 965 1687 comitis
982 1615 1203 1704 Mellentiei,
1220 1632 1254 1688 et

185 1731 346 1830 Hugonis
374 1731 429 1828 (ι)
458 1731 643 1821 sororius,
675 1730 756 1804 fidei
791 1749 828 1805 et
856 1732 1046 1831 legalitatis
1073 1732 1251 1831 probabili

185 1846 287 1920 laude
303 1847 452 1948 dignus,
473 1849 595 1920 amicis
611 1848 721 1921 sultus
746 1866 782 1921 et
807 1847 1037 1948 parentibus,
1062 1849 1198 1922 divitiis
1220 1867 1253 1923 et

183 1966 310 2065 amplis
323 1964 542 2055 honoribus,
562 1968 710 2039 munitis
724 1966 865 2066 oppidis
878 1985 985 2067 atque
1003 1966 1129 2066 probis
1142 1966 1252 2041 homi·

183 2083 309 2175 nibus,
338 2084 534 2186 validisque
554 2085 636 2157 filiis
659 2101 696 2157 et
719 2084 953 2173 sublimibus,
978 2110 1138 2184 quorum
1165 2111 1252 2159 unus

182 2203 345 2276 Mellenti
372 2228 490 2277 comes
519 2219 596 2276 erat
622 2204 660 2274 in
685 2202 820 2290 Gallia,
846 2203 938 2275 alter
963 2202 1179 2302 Gauguerici
1201 2202 1251 2299 (al

183 2319 306 2392 consul
322 2319 361 2392 in
374 2318 520 2419 Anglia.
535 2319 602 2392 Hic
619 2320 752 2418 itaque,
769 2344 874 2392 seusu
889 2335 926 2392 et
940 2317 1071 2417 opibus
1084 2335 1122 2392 et
1133 2317 1252 2393 amieis

183 2438 350 2535 stipatus,
378 2435 549 2510 accedeus
573 2437 617 2508 ad
643 2435 792 2522 ducem,
812 2436 904 2508 dixit
924 2436 1088 2527 :Debes,
1112 2439 1253 2510 domine

182 2555 281 2643 dccc,
309 2580 448 2628 mecum
467 2555 658 2626 clementer
672 2581 801 2655 agere,
827 2571 862 2626 et
875 2557 1091 2654 frequenter
1104 2554 1252 2628 recolere

182 2672 282 2772 quod
293 2674 393 2744 omni
405 2688 563 2771 tempore
566 2671 696 2771 fidelis
710 2673 1059 2767 extiterimfldominis
1073 2671 1251 2744 Norman·

182 2791 268 2859 nim.
295 2787 500 2886 Nunquam
522 2787 669 2860 domino
691 2813 769 2859 meo
780 2781 962 2886 fraudem
972 2783 1076 2883 feci,
1102 2786 1171 2860 sed
1187 2811 1251 2886 pro

183 2905 246 2976 illo
264 2932 416 3001 magnos
435 2921 469 2978 et
484 2905 713 3007 periculosos
731 2904 872 2977 labores
894 2907 1066 2977 sustinui.
1090 2906 1177 2978 Hoe
1196 2905 1251 2976 ni-

183 3024 313 3091 mirum
324 3037 431 3122 potes
446 3025 484 3093 in
498 3021 592 3094 bello
609 3038 671 3092 tuo
690 3023 827 3094 clarius
844 3021 925 3094 luce
936 3024 1088 3109 intueri,
1105 3021 1207 3120 qnod
1219 3023 1251 3091 in

180 3141 377 3236 prresentio
392 3138 510 3237 putris
528 3141 585 3208 tui
600 3154 727 3210 contra
744 3136 889 3209 rebelles
903 3143 1001 3236 gessi
1009 3195 1021 3226 ,
1039 3143 1077 3208 in
1093 3164 1168 3237 quo
1182 3163 1252 3210 cor·

183 3270 329 3325 ruerunt
345 3254 523 3350 Rogemus
544 3253 592 3325 de
611 3257 819 3354 Hispania,
844 3272 878 3326 et
887 3254 967 3354 filii
983 3256 1063 3353 ejus
1084 3254 1250 3326 Elbretus

182 3389 216 3442 et
235 3371 468 3461 Elinnntius,
491 3387 602 3471 atque
621 3373 745 3472 plnres
763 3374 831 3445 olii
858 3373 926 3470 (3)
953 3380 999 3444 In
1008 3371 1093 3471 side
1115 3395 1253 3471 semper

175 3491 371 3586 persistere
387 3488 436 3560 ab
456 3486 618 3587 insontia
635 3491 742 3588 elegi.
763 3492 816 3562 Et
831 3489 901 3562 ltoc
917 3488 1180 3593 bereditarium
1190 3489 1250 3588 jus

217 3757 256 3827 (r)
265 3757 397 3813 Waleran
405 3759 433 3813 Il
443 3760 478 3814 de
488 3760 600 3815 Meulan
610 3762 619 3829 (
626 3758 743 3814 rutil-8
752 3758 867 3813 octobre
878 3759 945 3832 1069
954 3776 990 3812 ou
1006 3759 1093 3831 ¹⁰7⁰l·
1105 3755 1247 3830 Huguell,

180 3862 232 3902 rou
243 3843 286 3901 sile
296 3856 325 3902 et
336 3864 387 3902 sou
399 3866 569 3922 successeur,
582 3849 719 3904 embrassa
731 3848 756 3902 la
769 3850 812 3902 vie
826 3849 1001 3920 monastique
1013 3866 1047 3901 au
1061 3847 1115 3901 bec
1128 3865 1165 3901 eu
1179 3862 1246 3920 ¹⁰77·

217 3937 256 4007 (a)
269 3936 424 3991 Vl'aravick.

215 4024 256 4098 (3)
273 4025 368 4098 Voyez
385 4044 434 4081 sur
451 4030 621 4096 ercombert,
639 4029 790 4097 ci·dessus‚
811 4041 831 4084 t.
847 4030 873 4095 1,
894 4048 921 4101 p.
940 4027 1002 4094 181,
1022 4039 1050 4081 et
1066 4038 1086 4081 t.
1101 4027 1144 4095 11,
1160 4045 1187 4097 p.
1202 4029 1244 4090 lot

180 4116 346 4193 royetautsi
358 4115 520 4173 Guillaume
533 4119 568 4175 de
576 4121 733 4194 iumieges,
749 4120 767 4174 l.
783 4138 833 4189 ur,
848 4120 928 4192 clrap.
943 4117 968 4176 3.
981 4117 1003 4172 ll
1017 4118 1076 4172 saut
1088 4117 1141 4172 lire
1150 4117 1244 4172 t'tto·

86 4236 91 4247 ·
181 4218 227 4266 tus
238 4205 451 4287 euticihenos.
