2888 4934
115 415 274 487 [beurunes
288 414 380 491 1098]
507 411 624 470 LlBER
646 411 784 471 NONUS.
1120 417 1179 473 58}

114 539 291 627 ascendit,
312 557 476 640 eiusque
497 542 533 612 in
554 567 699 612 murum
716 541 843 639 pedem
864 542 1025 615 tetendit.
1045 544 1182 616 Ascen-

113 657 246 729 derunt
264 675 346 756 post
359 684 441 730 eum
459 658 616 758 aliquot,
638 658 697 730 sed
717 681 791 732 non
810 661 929 732 multi.
953 661 1053 733 Scala
1068 663 1182 761 siqui-

113 775 195 848 dem
210 779 390 850 conlracta
406 775 569 849 dissiluit.
588 777 771 850 Gulserius
787 794 907 850 tamen
924 779 1080 851 viriliter
1095 805 1181 850 mu-

114 921 195 966 rum
208 893 428 984 defensabat,
447 912 484 967 et
500 897 644 995 paganis
660 897 891 995 expugnatis,
911 897 1025 969 socios
1037 912 1127 969 nutu
1148 912 1184 969 et

112 1035 199 1081 voce
233 1009 466 1083 convocabat.
502 1011 655 1085 interim
686 1011 792 1082 aliam
821 1013 949 1084 scalam
973 1013 1184 1085 festinanter

112 1142 326 1213 erexerunt,
350 1143 385 1199 et
399 1152 463 1225 per
480 1153 557 1199 eam
572 1128 704 1199 milites
721 1126 927 1225 peditesque
945 1143 999 1200 tot
1015 1125 1185 1201 ascende-

114 1258 220 1329 runt,
237 1258 278 1313 ut
294 1269 438 1314 murum
465 1269 595 1343 magna
622 1269 665 1316 ex
691 1259 793 1341 parte
816 1259 1131 1342 praeoccuparent,
1150 1259 1186 1316 et

115 1360 209 1430 cives
226 1358 467 1458 expugnando
485 1361 689 1459 rejicerent.
706 1359 837 1458 Pagani
857 1377 976 1433 tamen
996 1361 1080 1433 totis
1096 1362 1188 1432 raisi-

117 1470 181 1543 bus
212 1474 505 1563 insurrexerunt,
532 1491 568 1547 et
591 1474 814 1548 Christianos
841 1477 995 1575 aggressi
1022 1491 1125 1562 sunt,
1151 1490 1187 1548 et

118 1604 215 1660 unta
236 1590 315 1663 illos
337 1590 472 1663 virtute
498 1590 712 1690 aliquotiens
738 1592 989 1689 impetierunt,
1014 1607 1055 1663 ut
1076 1592 1188 1691 aliqui

117 1703 354 1794 Francorum,
370 1707 501 1780 timore
511 1707 662 1796 subacti,
677 1731 816 1780 cmuro
828 1706 1089 1781 sedimiserint.
1100 1706 1189 1779 Plu-

116 1845 172 1891 res
191 1837 310 1894 tamen
327 1823 362 1895 in
379 1849 485 1896 muro
502 1840 774 1914 remanserunt,
793 1824 855 1925 qui
873 1823 1009 1896 tamdiu
1022 1826 1188 1924 frequen-

116 1953 167 2009 tes
181 1939 334 2036 impetus
351 1941 617 2032 toleraverunt,
634 1966 820 2041 quousque
833 1940 1028 2014 Christiani
1040 1967 1186 2013 murum

115 2052 361 2147 suffodissent,
380 2055 588 2157 aditumque
615 2057 865 2156 patefacerent.
894 2057 975 2150 Quo
993 2058 1104 2129 Turci
1118 2075 1187 2131 ¹co'-

115 2171 236 2268 gnito,
258 2173 301 2244 ad
325 2173 612 2274 desperationem
637 2199 748 2275 usque
774 2176 992 2261 timuerunt,
1019 2191 1056 2247 et
1073 2175 1109 2247 in
1128 2176 1187 2246 lu-

115 2314 196 2386 gam
214 2289 498 2365 irrevocabiliter
515 2293 730 2390 praeeipitati
749 2309 846 2364 sunt.
868 2291 949 2364 ldus
974 2294 1093 2392 itaque
1118 2292 1186 2366 de-

115 2403 283 2496 cembris,
299 2431 444 2506 vespere
456 2406 595 2480 sabbati
614 2409 689 2506 (1),
705 2408 841 2497 Marra,
858 2408 981 2481 civitas
997 2408 1183 2506 opulenta,

115 2539 215 2620 capta
246 2540 310 2595 est.
335 2525 527 2599 Christiani
547 2526 677 2599 urbem
705 2527 883 2599 devictam
911 2528 1061 2626 ingressi
1082 2542 1183 2612 sunt,

115 2655 151 2710 ct
171 2641 346 2741 quidquid
361 2669 527 2742 gazarum
544 2645 580 2715 in
600 2643 767 2716 domibus
781 2644 838 2716 vel
857 2645 893 2714 in
908 2644 1020 2716 loreis
1038 2643 1185 2715 invene-

115 2773 220 2845 runt,
237 2760 416 2857 rapaciter
430 2759 657 2833 abstulerunt
672 2763 742 2859 (a).
752 2761 956 2833 Sarracenis
966 2759 1185 2859 perimendis

115 2887 193 2943 loto
210 2890 341 2945 conatu
357 2874 584 2964 institerunt,
603 2891 643 2946 ut
656 2877 717 2949 vix
732 2876 891 2976 aliquem
907 2875 1029 2947 vivere
1045 2876 1184 2974 permi-

114 2991 236 3061 serint.
249 2991 377 3063 Nullus
388 2992 423 3064 in
439 3008 513 3065 tota
524 2991 614 3065 urbe
631 2993 730 3066 locus
741 2991 888 3067 vacabat
903 3021 921 3065 a
938 2992 1182 3082 cadaveribus,

114 3132 253 3205 gressus
280 3134 423 3208 quoque
448 3110 623 3183 viantium
653 3112 812 3210 graviter
833 3108 1114 3183 offendebantur
1138 3108 1183 3181 ab

114 3224 281 3296 extinctis
316 3241 352 3297 et
389 3225 576 3299 condensis
607 3226 834 3325 corporibus.
877 3227 988 3326 Capta
1019 3226 1181 3312 civitate,

115 3338 248 3412 civium
275 3368 402 3441 magna
429 3369 531 3440 pars,
558 3369 639 3418 cum
663 3344 840 3420 uxoribus
856 3360 892 3416 et
919 3342 1019 3433 liliis,
1043 3344 1184 3443 suisque

114 3458 413 3552 supellectilibus,
435 3461 474 3532 in
488 3460 680 3559 palatium,
701 3458 799 3560 quod
813 3487 919 3558 supra
934 3476 1078 3558 portam
1091 3475 1181 3549 erat,

115 3575 303 3661 convenit,
318 3575 440 3668 ibique
453 3577 740 3651 Christianorum
755 3576 1075 3676 manuisubjacuit.
1091 3577 1185 3670 Quo·

114 3716 197 3770 rum
211 3692 269 3764 alii
284 3697 462 3794 perempti
480 3714 584 3786 sunt,
605 3698 664 3774 alii
679 3694 891 3774 Buamundo
899 3695 1049 3794 jubente
1063 3697 1097 3767 iu
1114 3693 1171 3768 An

150 4000 188 4066 (ι)
203 4000 276 4054 Lisez
293 4025 297 4052 :
314 4005 393 4055 lertio
407 4001 471 4056 idus
484 4002 651 4070 decembris,
666 4004 691 4058 lc
704 4003 808 4059 eanredi
825 4023 851 4058 ιι
868 4003 1024 4059 decembre.

149 4091 188 4158 (a)
205 4091 275 4144 Lcur
288 4092 408 4163 raqucitc'·
420 4092 473 4147 alla
483 4094 574 4148 meme
584 4094 729 4167 beaucoup
744 4094 805 4166 plus
816 4094 888 4163 loin,
904 4113 1011 4149 comme
1021 4111 1058 4150 ou
1069 4093 1094 4146 lc
1109 4109 1184 4147 serra

115 4180 182 4234 (lans
197 4181 220 4233 lc
237 4183 406 4255 paragrapho
420 4184 537 4238 suivant.
