2888 4934
190 105 416 184 [sust-10⁸5]
571 104 687 166 uam
706 104 908 167 cernuus.
1211 111 1264 170 uu

218 276 224 285 ·
249 233 499 338 Siebelguada‚
512 259 606 309 uxor
614 234 765 310 Roberti
778 235 973 326 wiscardi,
988 233 1060 335 filia
1075 253 1154 311 erat
1166 236 1271 312 Guai'·

184 352 340 428 malchi
362 352 462 428 ducis
485 351 813 452 Psalernitani(1),
838 378 1012 456 sororque
1035 353 1162 428 Gisulfi
1189 357 1245 454 (a)
1257 411 1268 444 ,

185 473 268 575 qui
290 470 423 546 ducatu
435 471 594 570 privatus
610 473 724 543 luerat
736 496 802 570 per
818 470 958 543 avidam
975 471 1194 545 invasionem
1207 498 1272 546 so-

184 590 300 664 rorii
317 589 384 661 sui.
399 590 486 661 Haec
501 587 752 660 Buamuudum
763 589 970 688 privignum
986 615 1087 660 suum
1106 587 1189 662 odio
1206 589 1272 661 ha-

183 706 336 796 hebat,
354 720 516 780 metuens
529 732 575 779 ue
587 732 653 804 per
665 733 763 790 eum,
780 707 862 807 quia
875 707 1089 780 sortiorerat
1098 761 1108 794 ,
1123 724 1158 779 et
1170 732 1274 779 sensu

184 823 391 924 multaque
426 820 607 920 probitate
640 819 821 919 pollebat,
862 821 1037 920 Rogerius
1070 821 1163 894 filius
1194 849 1274 894 suus

182 939 388 1012 amitteret
404 936 572 1010 ducatum
590 936 731 1034 Apuliae
747 952 784 1008 et
799 934 995 1024 Calabriae,
1011 934 1073 1036 qui
1090 935 1156 1008 sibi
1176 962 1275 1010 com-

186 1051 354 1154 petebat
371 1050 599 1145 boereditario
612 1053 706 1158 jure.
726 1049 830 1123 Unde
849 1052 921 1148 ipsa
940 1049 1139 1123 lethiferam
1152 1051 1276 1150 potio-

182 1196 289 1244 nem
314 1169 485 1259 confecit,
507 1183 542 1241 et
560 1167 810 1240 Psalernitanis
829 1166 1015 1240 archiatris
1037 1167 1155 1255 misit,
1182 1166 1277 1239 iuter

181 1313 295 1388 quos
307 1289 464 1360 enutrita
480 1288 616 1376 luerat,
635 1301 702 1359 eta
724 1284 855 1386 quibus
878 1284 1130 1358 veneficiorum
1153 1283 1277 1356 erudi-

182 1404 345 1479 tionem
366 1418 588 1502 perceperat.
606 1403 776 1475 Protinus
794 1402 857 1501 ipsi
881 1401 1103 1475 voluntatem
1119 1399 1276 1474 dominae

188 1536 237 1594 et
264 1520 422 1592 alumnae
451 1545 523 1590 suae
547 1535 819 1617 cognoverunt,
847 1534 883 1589 et
908 1515 1140 1605 Buamundo,
1168 1542 1277 1617 quem

196 1661 339 1711 curare
351 1633 570 1722 debuerant,
586 1635 684 1706 virus
697 1636 825 1708 mortis
844 1636 1076 1708 contulerunt
1082 1664 1093 1723 3
1111 1661 1184 1736 quo
1199 1661 1279 1734 per-

200 1746 338 1850 cepto,
357 1748 399 1821 ad
417 1766 572 1823 mortem
590 1751 797 1849 aegrotavit,
826 1751 991 1851 patrique
1011 1775 1075 1823 suo
1097 1776 1164 1848 per
1179 1777 1278 1823 nun-

200 1872 301 1944 tium
328 1869 541 1969 languorem
570 1895 674 1940 suum
700 1871 866 1967 protinus
900 1869 1091 1940 intimavit.
1123 1867 1279 1940 Callidus

199 2011 296 2061 vero
306 1983 380 2058 dux
393 1984 495 2059 dolos
506 1985 629 2057 uxoris
640 2010 712 2057 suae
729 1983 849 2058 subito
868 1982 1138 2073 animadvertit,
1150 1984 1279 2084 ipsum·⁴

200 2126 281 2204 que
292 2116 377 2174 ante
391 2127 427 2174 se
441 2101 552 2173 tristis
566 2103 774 2187 accersiens,
790 2102 839 2174 sic
857 2102 1116 2201 interrogavit:
1134 2103 1279 2174 Vivitne

205 2218 475 2308 Breamundus,
490 2218 659 2291 dominus
672 2217 894 2311 meusPQuae
906 2217 1093 2316 respondit
1106 2247 1114 2288 ε
1129 2218 1276 2302 Nesci0,

205 2335 368 2410 domines
388 2334 438 2405 At
459 2335 520 2406 ille
538 2365 546 2405 :
563 2336 702 2434 Afferte
713 2391 723 2422 ,
744 2336 880 2435 inquit,
900 2335 990 2406 mebi
1005 2351 1146 2406 textum
1160 2338 1279 2405 settcti

204 2453 423 2550 Evangelii,
444 2469 477 2524 et
488 2453 669 2548 gladium.
690 2452 826 2545 Quibus
839 2451 973 2537 allatis,
995 2449 1153 2551 gladium
1174 2474 1279 2523 acce-

203 2569 282 2668 pit,
298 2585 337 2642 ct
356 2593 465 2666 super
479 2593 575 2640 sacra
593 2569 643 2641 sic
655 2568 791 2669 juravit
809 2599 817 2639 :
838 2568 978 2658 Audis,
998 2566 1275 2667 Siclzelguoda:

200 2712 276 2786 per
292 2686 362 2760 hoc
378 2703 547 2760 setectum
561 2686 805 2787 Evangelium
817 2688 905 2786 juro
923 2685 1025 2784 quod
1037 2688 1071 2758 si
1083 2687 1279 2759 Buamun-

207 2803 281 2878 dus
286 2805 397 2907 filius
415 2832 514 2878 meus
538 2804 607 2877 doe
633 2804 775 2892 morbo,
804 2831 874 2905 quo
898 2804 1091 2893 detinetur,
1118 2820 1278 2876 mortuus

187 2919 337 3016 suerit,
364 2921 433 2995 doe
449 2949 532 2994 ense
553 2911 765 3021 interficiam
783 2939 826 2992 te.
854 2922 970 2994 Porro
988 2921 1047 2993 illa
1064 2921 1124 2992 tali
1143 2921 1279 3019 allega-

208 3039 309 3113 tione
321 3039 428 3111 nimis
441 3040 585 3128 territa,
604 3039 756 3110 salutare
769 3036 970 3111 antidotum
986 3039 1222 3136 praeparavit,
1243 3053 1279 3108 et

208 3153 356 3228 medicis
374 3155 464 3241 suis,
481 3179 546 3253 per
561 3179 651 3256 quos
664 3170 819 3228 mortem
838 3168 1045 3252 paraverat,
1059 3152 1278 3224 Psalerniam

212 3272 399 3344 confestim
412 3272 609 3344 transmisit
622 3271 813 3358 nuntium,
834 3272 895 3371 qui
915 3287 954 3341 ut
974 3267 1039 3341 sibi
1059 3269 1277 3368 periclitanti

214 3384 570 3476 adminicularentur,
592 3387 777 3460 blanditiis
798 3405 834 3459 et
851 3387 1017 3486 precibus
1038 3386 1183 3459 obnixis
1200 3388 1278 3460 sol-

246 3632 283 3704 (ι)
294 3631 430 3687 Gaimard
445 3633 497 3698 lV,
512 3632 608 3706 prince
622 3633 656 3687 de
670 3633 782 3689 Salerue
793 3632 985 3706 (may-1052).

244 3720 281 3792 (a)
292 3721 405 3776 Gisolle
419 3724 461 3789 ll,
476 3723 518 3777 fils
531 3724 617 3797 puine'
634 3724 669 3777 de
682 3721 816 3778 lisimard
830 3723 872 3778 lV
889 3725 898 3793 (
904 3724 1079 3800 1052-1077).
1095 3727 1135 3780 Ce
1150 3728 1278 3799 seigneur

216 3811 298 3880 panti
311 3812 386 3867 avoir
397 3816 527 3868 conserui·
540 3813 564 3868 la
577 3815 769 3869 souverainete
780 3813 908 3870 d’Arnalli
919 3814 1049 3890 jusqu’en
1063 3815 1142 3883 1088,
1154 3826 1181 3869 et
1191 3815 1278 3872 n’itre

218 3913 287 3957 tuost
298 3903 381 3976 qu'eu
400 3920 473 3974 1092.
