2888 4934
59 394 167 472 [1093]
435 392 551 452 LIBER
572 393 759 452 OCTAVUS.
1071 394 1133 454 399

59 522 212 612 Brudei‚
231 524 325 623 regis
338 523 541 612 Pictorum,
561 522 625 595 lilii
639 522 840 612 Meilocon,
861 537 1131 613 construxerat,

58 641 121 715 sed
144 657 351 741 tempestate
372 641 584 739 praeliorum
605 667 687 713 cum
709 641 816 741 longa
835 655 1009 713 vetustate
1028 640 1134 714 diru-

59 775 140 832 tum
156 760 289 847 luerat,
308 756 421 830 fidelis
434 759 556 858 regina
572 757 820 847 reaedificavit,
839 756 1000 859 datisque
1017 785 1136 858 sump-

61 876 157 949 tibus
175 876 310 949 idoneis
326 875 371 947 ad
387 902 476 974 opus
493 876 640 949 Domini
657 873 863 962 monachis,
883 876 1076 974 reparavit.

108 995 204 1069 Duas
221 995 309 1067 filias
332 1025 340 1066 :
363 993 476 1067 Edith
499 1012 535 1068 et
557 996 730 1084 Mariam,
757 994 992 1083 Christianae‚
1016 995 1134 1068 sorori

59 1139 148 1200 suae,
163 1139 245 1213 quae
262 1113 502 1185 llumesiensis
516 1112 668 1185 abbatiae
682 1112 961 1185 sanctimonialis
972 1128 1049 1184 erat
1064 1115 1077 1206 (
1086 1113 1133 1208 1),

59 1228 278 1319 educandas,
301 1232 480 1331 sacrisque
501 1232 629 1304 litteris
646 1230 855 1303 imbuendas
877 1230 1034 1302 miserat.
1058 1229 1137 1303 lllic

59 1345 194 1420 diutius
213 1348 310 1421 inter
326 1348 518 1422 monachas
533 1350 702 1421 enutritae
720 1365 821 1439 sunt,
847 1365 882 1422 et
902 1366 976 1421 tam
996 1348 1136 1421 littera-

59 1466 192 1538 toriam
216 1483 331 1539 artem
355 1493 464 1567 quam
489 1467 673 1540 bonorum
699 1466 964 1540 observantiam
991 1493 1137 1540 morum

59 1579 310 1669 edidicerunt,
329 1582 563 1684 nubilemque
586 1600 729 1657 aetatem
747 1585 1012 1684 pertingentes,
1038 1585 1136 1657 sola-

60 1701 153 1773 tium
170 1701 234 1773 Dei
252 1700 390 1775 devotae
408 1704 566 1802 virgines
583 1703 800 1800 praestolatae
817 1719 914 1774 sunt.
928 1703 1022 1775 Nam
1035 1717 1138 1775 utro·
1198 1716 1200 1720 ‘

59 1844 150 1918 que,
169 1835 209 1891 ut
225 1818 362 1892 dictum
378 1838 447 1910 est,
467 1838 616 1919 parente
629 1820 786 1908 orbatae,
806 1837 842 1893 et
858 1822 1030 1908 fratrum,
1044 1821 1137 1896 alio·
1215 1824 1219 1837 ’

60 1962 217 2036 rumque
241 1939 440 2010 amicorum
466 1962 527 2010 seu
559 1954 752 2037 parentum
779 1939 913 2010 auxilio
936 1937 1135 2023 destitutae,

61 2068 192 2126 cuncta
208 2052 301 2127 bene
321 2056 545 2155 disponentis
562 2056 627 2127 Dei
647 2055 875 2127 clementiam
896 2053 964 2126 sibi
983 2079 1139 2152 promp-

62 2186 139 2244 tam
150 2172 409 2246 auxiliatricem
424 2198 643 2272 persensere.
662 2171 799 2245 Alanus
811 2173 908 2245 enim
922 2171 1048 2261 Rufus,
1062 2171 1140 2243 Bri·

61 2478 174 2534 Maleas
178 2521 186 2547 ,
200 2479 310 2533 ensuite
320 2497 384 2533 sous
397 2479 469 2534 celui
480 2478 679 2552 ‹lapi-Dium,
694 2478 762 2533 dans
773 2478 864 2552 lequel
877 2496 914 2532 ou
925 2496 1073 2551 remarque
1084 2495 1140 2534 une

61 2573 189 2648 analogie
202 2573 321 2629 sensible
333 2592 397 2629 avec
410 2573 482 2629 celui
493 2574 661 2649 qu’emploic
673 2573 793 2628 l’auteur
802 2573 838 2628 de
847 2572 873 2627 la
885 2572 1014 2646 Legenda
1024 2573 1059 2628 de
1069 2574 1141 2628 saint

60 2662 220 2720 Columba:
236 2661 288 2716 Ad
305 2662 475 2718 Dei-Ionam
497 2664 722 2735 transnavigavit
738 2663 870 2716 insulam.
889 2659 1034 2732 L’adjectil
1050 2659 1161 2715 Sodo-'

61 2756 166 2820 nensis,
179 2753 330 2825 emprunte
339 2771 393 2807 aux
402 2752 517 2827 langues
527 2752 712 2809 scandinaves
727 2750 915 2822 (sodor-lact
928 2775 935 2802 .·
950 2749 1141 2805 meridionalis

61 2843 188 2916 insula),
204 2842 335 2898 s’attacha
347 2844 419 2898 aussi
433 2846 448 2898 a
461 2853 533 2897 cette
546 2842 596 2910 ile,
613 2853 641 2896 et
655 2842 761 2908 meme,
776 2860 826 2914 par
842 2840 914 2895 suite
927 2840 975 2894 des
989 2841 1141 2914 conquetas

29 2999 37 3008 .
62 2931 113 2987 des
126 2931 324 3005 Norwegieus‚
340 2936 430 2988 itaut
441 2932 585 3004 l’arcliipel
599 2933 703 2998 asisin,
715 2932 832 3005 jusques
842 2942 895 3003 ety
905 2932 1027 3004 compris
1040 2930 1094 2985 l'ile
1106 2930 1141 2986 de

61 3023 139 3079 Men.
153 3023 236 3079 Ausci
245 3023 382 3098 l'evequc,
394 3025 443 3098 qui
454 3023 569 3097 residait
578 3023 647 3078 dans
659 3021 771 3076 l'enclos
781 3021 820 3075 du
831 3022 988 3075 monestere
1000 3020 1035 3075 de
1046 3020 1140 3076 Saint-

61 3112 215 3182 columba,
230 3113 372 3188 premit-il
385 3113 411 3168 le
423 3114 490 3168 titre
502 3114 677 3187 d'episcopus
690 3111 870 3179 Sodorensis‚
882 3129 919 3164 ou
928 3109 992 3184 plus
1002 3120 1141 3165 rarement

61 3206 211 3276 episcopas
227 3203 356 3258 Manniae
370 3213 397 3258 et
411 3205 577 3258 insularum.
592 3202 646 3258 Cet
662 3201 778 3267 creche',
795 3211 859 3256 tout
871 3200 1040 3273 Norwegien
1054 3199 1141 3255 d'ori-

63 3293 144 3366 gine,
156 3302 229 3347 resta
238 3293 342 3347 soumis
351 3296 366 3346 Ι
375 3292 400 3346 la
411 3292 565 3366 metropole
573 3291 608 3347 de
617 3289 919 3364 Drontlreim,jusqu’t
929 3289 1051 3363 cequ'en
1063 3288 1140 3354 1260,

61 3381 90 3438 le
112 3383 156 3438 roi
176 3383 296 3456 Magnus
312 3383 355 3440 lv
373 3382 410 3438 de
429 3383 568 3456 Norwege
586 3382 666 3438 cedit
683 3392 727 3437 cet
747 3380 873 3453 archipel
893 3399 928 3435 au
950 3381 993 3434 roi
1014 3367 1142 3434 d’Ecosse

63 3470 222 3528 Alexandro
239 3474 292 3529 III.
311 3474 382 3529 Sous
399 3461 530 3528 Edonard
543 3474 600 3542 111,
616 3473 671 3529 l'lle
684 3473 719 3529 de
732 3474 797 3527 Mau
810 3482 893 3544 ayant
906 3473 950 3526 ete
964 3469 1075 3524 enlevce
1089 3489 1142 3524 aua

64 3548 207 3631 Eunaia,
231 3573 260 3618 et
283 3563 374 3618 meme
395 3565 489 3637 erige'e
509 3582 545 3618 en
567 3582 715 3637 royaume‚
737 3573 782 3618 cet
802 3562 905 3617 eveche
927 3561 971 3615 lut
992 3559 1142 3634 suffragant

64 3651 181 3710 d'Yark.
193 3654 386 3726 Aujourd’hui
396 3673 511 3724 encore,
526 3655 650 3730 l'e'veque
661 3655 697 3710 dc
707 3653 763 3709 l'lle
772 3653 808 3710 de
818 3653 884 3708 Man
895 3650 1030 3707 s’intitule
1039 3651 1142 3726 oreque

64 3741 103 3800 tle
115 3743 207 3800 Sudor
218 3756 248 3800 et
261 3746 338 3801 Man.

35 3852 38 3857 ·
65 3834 69 3858 ¹
100 3831 822 3908 (1)L¹abbayedeRamsey(Hampshire)‚sondce
842 3850 878 3885 en
896 3849 962 3905 907,
984 3850 1034 3903 par
1053 3829 1080 3886 le
1101 3833 1143 3885 roi

65 3922 171 3999 lidgar.
192 3924 275 3981 cette
291 3926 431 4000 princesse
446 3925 586 3981 embrassa
601 3924 627 3979 la
644 3925 688 3979 vie
705 3924 880 3997 monastique
900 3940 961 3976 vers
981 3919 1062 3998 1067,
1081 3933 1109 3977 ct
1127 3942 1143 3993 y

66 4023 184 4069 mourut
195 4030 232 4069 en
244 4013 334 4069 odeur
345 4014 380 4069 de
391 4015 508 4069 saintet&
519 4031 580 4068 vers
593 4030 668 4067 1100.
685 4011 744 4067 Elle
755 4022 797 4066 est
809 4008 1048 4066 indifferemment
1059 4029 1144 4084 appe-

66 4099 112 4157 l&
123 4100 283 4171 mantne,
298 4102 421 4157 Cristine
435 4113 464 4156 et
477 4102 665 4169 Chretienne‚
680 4100 748 4156 dans
765 4100 803 4154 les
818 4100 983 4156 documenis
995 4110 1023 4153 et
1036 4099 1075 4153 les
1087 4099 1144 4151 his·

66 4190 174 4251 torieas
186 4193 422 4265 contemporaius.
