2888 4934
197 386 298 461 [roes]
553 380 669 442 nam
689 380 896 444 seminus:
1195 390 1253 452 1⁸3

195 513 321 610 Capnae
333 513 552 610 prinoipem,
562 509 821 584 consobrinum
830 538 947 601 suum,
962 518 1121 615 confugit
1126 548 1137 608 ς
1149 546 1169 590 a
1181 546 1255 620 quo

192 627 428 701 amicabiliter
446 644 630 726 receptus,
652 626 790 700 fraudes
808 644 844 700 et
858 630 973 702 minas
996 656 1159 705 novercae
1181 661 1253 708 suae

191 745 314 817 evasit.
338 743 402 815 illa
421 768 526 831 vero,
552 761 589 815 ut
607 744 824 816 Psalerniam
848 747 1029 841 pervenit,
1058 765 1092 821 et
1114 775 1254 849 egresso

190 887 299 963 quem
326 860 532 962 quaerebat,
559 859 717 934 delusam
746 886 782 932 se
810 864 1004 960 comperit,
1027 863 1256 940 vehementer

191 980 400 1055 oontristata
422 995 474 1052 est
483 1034 494 1069 ,
523 996 559 1052 et
579 979 754 1078 Rogerius
782 977 876 1051 filius
895 981 988 1079 ejus,
1016 1002 1256 1080 cognomento

192 1093 391 1180 Crumena,
405 1094 565 1193 amplum
581 1095 669 1167 citra
686 1118 785 1166 mare
800 1093 969 1167 ducatum
983 1121 1027 1169 ex
1039 1100 1256 1172 successione

191 1210 370 1309 majorum
387 1207 534 1307 adeptus
551 1225 604 1280 est
622 1210 637 1306 (
663 1209 692 1305 ).

241 1323 412 1417 Undique
429 1326 549 1398 nimiis
560 1325 798 1398 anxietatibus
813 1331 993 1427 aggravati
1007 1347 1091 1403 suut
1106 1332 1143 1402 in
1160 1355 1260 1429 pere-

193 1444 295 1544 grina
314 1443 462 1542 regione
474 1443 677 1517 Normanui
686 1498 697 1533 ,
713 1442 801 1517 dum
814 1446 1010 1518 maximum
1023 1475 1064 1521 ac
1082 1450 1258 1521 strenuis·
1305 1459 1320 1487 ’-

193 1562 325 1635 simum
341 1559 468 1633 ducem
489 1587 593 1633 suum
611 1560 734 1634 vident
748 1561 917 1635 muliebri
937 1562 959 1634 d
987 1564 1023 1636 lo
1041 1565 1256 1662 periclitari,

194 1694 229 1753 et
246 1676 363 1753 robur
376 1672 551 1751 exercitus
567 1680 618 1750 sui
632 1677 829 1753 desectione
841 1591 1182 1779 Langobardorum,
1197 1685 1259 1782 qui

196 1821 277 1868 eum
305 1794 452 1870 domina
477 1823 538 1869 sua
565 1797 657 1870 elam
681 1795 931 1887 discesserant,
952 1800 1139 1886 imminui,
1168 1817 1204 1873 et
1224 1826 1261 1873 se

196 1938 268 1987 non
296 1913 461 2012 possein
489 1914 646 2003 ltaliam,
669 1915 753 2014 quia
780 1939 886 1987 naves
909 1940 1034 1988 eorum
1065 1916 1259 1990 combustae

195 2046 321 2118 erant,
344 2032 421 2103 sine
443 2032 541 2129 gravi
560 2057 661 2104 mora
683 2048 720 2104 et
746 2029 952 2105 difficultate
977 2032 1167 2131 proficisci.
1188 2035 1261 2106 Ma·

195 2150 386 2249 gnanimus
399 2150 517 2250 itaque
526 2148 599 2221 dux
607 2148 809 2222 Robertum
823 2151 993 2238 comitem
1003 2150 1176 2224 Lorotelli
1189 2151 1205 2248 (
1208 2152 1259 2248 2),

192 2284 229 2341 et
240 2266 470 2342 Goissredum
483 2265 528 2339 de
540 2267 765 2341 conversana
780 2268 849 2364 (ὅ),
868 2283 1015 2366 nepotes
1026 2293 1125 2354 suos,
1143 2268 1263 2366 Hugo-

191 2409 278 2459 nem
305 2385 538 2458 monoculum
560 2383 604 2456 de
623 2385 856 2459 claromonte
877 2391 945 2482 (ᾤ,
969 2401 1006 2456 et
1027 2384 1261 2457 Guillelmum

185 2501 237 2576 de
264 2502 602 2591 Grentemaisnilio,
631 2502 795 2576 Odonem
822 2529 966 2602 quoque
994 2504 1262 2575 Bonum-Mar-

183 2617 352 2709 obisum,
368 2620 549 2693 sororium
565 2646 668 2691 suum
686 2620 759 2717 (5),
778 2619 937 2717 aliosque
952 2635 1125 2716 cognatos
1141 2641 1263 2715 proce·

183 2759 323 2836 mque
338 2762 418 2810 suos
433 2734 478 2809 ad
492 2760 527 2807 se
544 2736 772 2824 convocavit,
786 2733 920 2835 etquid
936 2734 1050 2806 acturi
1073 2749 1188 2807 essent
1202 2734 1262 2806 in·

184 2845 406 2950 terrogavit.
434 2851 595 2951 Cumque
612 2877 736 2924 omnes
759 2853 864 2923 iuter'
877 2876 913 2922 se
930 2851 1177 2938 mussitarent,
1197 2875 1263 2923 nec

185 2984 336 3043 eertum
351 2967 439 3068 quid
453 2969 674 3065 proferrent,
692 2970 742 3041 ait
762 3000 770 3039 ε
793 2969 889 3048 Ultio
903 2970 1029 3042 divina
1042 2996 1112 3069 pro
1127 2996 1264 3068 pecco-

191 3088 242 3159 tis
260 3091 392 3160 nostris
405 3114 467 3158 nos
482 3089 654 3185 percutit,
671 3104 705 3158 et
724 3115 749 3158 a
763 3089 887 3160 nimias
903 3088 1166 3187 cupiditatibus
1181 3114 1264 3160 nos-

232 3360 272 3430 (ι)
285 3358 311 3414 ΙΙ
324 3359 397 3431 n'ya
416 3360 452 3415 de
463 3361 535 3424 arai,
553 3359 623 3415 dans
636 3379 680 3415 ces
698 3360 771 3416 deux
792 3362 993 3435 paragr-aphes,
1014 3379 1070 3434 qne
1091 3360 1116 3414 la
1137 3370 1210 3414 mort
1231 3360 1267 3415 de
1309 3381 1311 3384 ·

200 3445 457 3504 RobertGuiseaid
469 3450 518 3521 qni
532 3449 621 3503 arriva
629 3449 655 3504 le
672 3468 701 3522 ¹7
714 3449 809 3520 juillet
826 3451 891 3505 1085
901 3449 970 3503 dans
981 3448 1036 3502 l’iie
1049 3446 1085 3503 de
1095 3447 1266 3519 cephalonie

202 3537 249 3604 (od
256 3534 399 3590 uoe'mond
406 3547 433 3591 et
442 3536 604 3610 Sicholgade
614 3539 716 3592 etaient
726 3556 810 3592 venus
819 3537 941 3593 receuoir·
948 3555 990 3591 ses
998 3537 1125 3592 derniers
1134 3537 1265 3610 soupirs),

204 3625 265 3679 etia
279 3636 342 3698 part
354 3625 389 3680 do
398 3626 581 3698 predilection
595 3627 691 3699 qu’eut
701 3626 795 3698 Roger
809 3627 876 3680 (iaus
888 3626 913 3681 le
925 3623 1091 3708 partagegde
1105 3643 1146 3679 ses
1160 3627 1240 3683 e'tats.

235 3716 273 3786 (a)
287 3714 409 3780 Robert,
424 3727 515 3771 comte
527 3716 562 3770 de
575 3715 696 3770 Roteiio.
712 3717 805 3788 Voyez
820 3713 969 3781 ci·dassus,
982 3725 1004 3769 t.
1015 3714 1060 3782 ΙΙ,
1075 3733 1103 3787 p.
1121 3733 1179 3789 ¹⁰9·

237 3803 274 3877 (ὅ)
284 3808 411 3864 Geoffroi
425 3808 460 3862 de
475 3809 657 3862 Coniersana.
1121 3825 1123 3828 ·

237 3897 275 3968 (A)
294 3897 588 3973 Hugae·paenaie1·‹lu
607 3915 689 3962 nom,
711 3905 801 3949 comto
820 3894 854 3948 do
875 3894 1020 3948 Ciermont
1040 3912 1075 3949 en
1097 3894 1267 3964 Beauaoisis,

212 3988 310 4044 uistait
322 3993 337 4044 a
350 4000 422 4045 cette
431 3993 553 4064 epoque3
568 3989 636 4042 mais
650 4006 720 4041 nous
734 4005 768 4041 ne
784 4004 902 4059 pensons
917 4003 1029 4059 pasqua
1043 4005 1073 4040 co
1084 3984 1137 4040 soit
1149 3985 1189 4040 lui
1199 3984 1269 4040 dont

214 4087 284 4132 notre
295 4090 395 4133 auteur
406 4079 445 4132 ait
456 4077 538 4132 vonlu
552 4076 652 4150 parier.

242 4166 278 4236 (5)
293 4169 647 4240 ()ἀοῐι·Ιε-Βοιι-Μαιηυίε.
663 4169 727 4240 pero
740 4166 777 4219 dn
790 4167 898 4221 fanieux
911 4163 1066 4219 'l'ancr'ede.
