2888 4934
169 426 262 501 1087]
521 422 862 485 crncnsnrnnus.
1169 425 1230 486 ns

176 576 181 583 ·
298 553 426 621 Efficere,
441 565 469 611 et
482 565 591 611 tentum
604 557 644 611 sic
657 556 759 611 violare
771 556 884 611 locum?

264 649 301 703 Et
312 647 384 702 mele
394 647 524 703 trectevit
534 647 614 717 cujus
625 647 770 702 temerarie
782 645 897 700 dextre?

300 736 378 793 Fecit
390 747 418 793 et
430 736 484 791 hoc
497 736 604 792 furtum
617 738 681 813 quis
695 737 780 793 modo
791 736 959 810 sacrilegus?

265 828 320 886 sed
332 828 481 893 fortunati,
496 829 544 902 qui
558 828 678 902 predam
690 828 768 884 fertis
780 828 916 900 opimem!

292 920 357 975 'Nos
370 919 495 975 infelices
507 929 625 993 occupet
637 937 720 974 omne
733 917 852 973 melum!

165 1059 290 1159 dyreis
314 1059 434 1161 itaque
457 1059 612 1132 nimium
640 1058 865 1159 lugentibus,
892 1057 1100 1158 luctumque
1130 1081 1234 1129 suurn

165 1176 281 1250 dcisci
300 1201 375 1250 non
394 1174 614 1265 veientibus,
639 1175 712 1248 laeti
730 1175 900 1248 Berenses
918 1175 1085 1248 celeriter
1102 1172 1237 1247 ruden-

165 1318 209 1366 es
225 1292 437 1382 exsolvunt,
462 1308 498 1364 et
520 1293 737 1392 remigantes
755 1306 862 1365 nocte
882 1291 941 1364 ille
961 1291 1135 1381 insulam,
1153 1316 1235 1391 quae

165 1410 337 1486 lucabum
350 1409 485 1484 dicitur
502 1413 517 1508 (
526 1420 574 1504 s),
590 1409 737 1498 adeunt,
756 1427 792 1482 et
810 1408 891 1483 inde
907 1410 1093 1483 Maiestras
1109 1406 1154 1482 ed
1176 1410 1237 1481 in-

165 1530 249 1604 ulas
272 1531 327 1628 (ι)
354 1531 506 1629 profecti
532 1545 630 1602 sunt.
658 1530 752 1602 Hinc
773 1553 860 1602 vero
885 1526 1105 1602 discedentes
1126 1528 1236 1600 nimia

165 1674 239 1721 nm
255 1648 484 1721 festinatione
501 1673 708 1735 remorum,
726 1644 771 1720 ed
786 1647 883 1736 loce,
903 1646 965 1720 ubi
980 1646 1094 1719 Macri
1108 1643 1238 1719 dicun-

165 1791 218 1837 nr
239 1765 315 1864 (3),
335 1765 608 1863 applicuerunt,
629 1762 751 1865 ibique
776 1763 898 1837 triduo
915 1780 1068 1862 propter
1084 1763 1238 1837 Boream

165 1879 224 1954 ibi
242 1882 469 1954 contrarium
486 1897 777 1981 permenserunt.
800 1879 906 1955 Unde
925 1882 1080 1955 nimium
1101 1879 1237 1953 turbati

165 2013 262 2086 tunt,
279 2014 317 2070 et
327 1996 494 2072 dubitere
507 2015 680 2072 utrumne
693 2022 824 2099 corpus
837 2000 950 2073 sancti
964 1999 1104 2073 Nicolai
1118 2024 1239 2072 secum

165 2114 355 2207 heberent,
374 2142 420 2190 en
440 2117 513 2217 ipse
531 2115 643 2190 abeis
664 2118 758 2190 ultre
776 2118 863 2191 ferri
882 2118 1009 2207 vellet,
1029 2134 1236 2217 coeperunt.

165 2230 268 2306 'hunc
282 2232 470 2306 Eustecius
487 2234 557 2332 (4),
571 2259 664 2306 unus
677 2258 721 2306 ex
739 2234 823 2324 illis,
844 2259 911 2333 per
923 2232 1100 2306 visionem
1111 2230 1156 2307 de
1167 2231 1239 2306 du-

168 2344 296 2422 bietate
312 2365 500 2449 correptus
515 2366 589 2438 est,
613 2366 649 2423 et
667 2351 792 2441 nimis,
810 2351 954 2424 durnin
969 2351 1048 2424 visu
1068 2348 1240 2424 hirundi-

171 2488 252 2541 num
265 2466 447 2540 morsibus
464 2466 587 2568 lingue
604 2469 679 2569 ejus
696 2485 963 2558 cruentaretur,
982 2469 1130 2543 territus
1146 2485 1212 2544 est.

206 2583 350 2657 Deinde
365 2586 547 2657 communi
566 2584 712 2660 decreto
728 2587 885 2659 minutas
901 2586 1139 2688 reliquiarum
1157 2613 1241 2686 por·

168 2693 359 2790 timentes,
385 2726 472 2800 ques
491 2701 619 2774 furtim
641 2700 708 2773 sibi
731 2700 878 2802 qnidam
896 2727 1024 2776 eorum
1047 2701 1239 2775 subtraxe-

165 2832 264 2907 rent,
282 2818 535 2918 protulerunt,
556 2834 592 2892 et
606 2845 690 2892 cum
702 2818 956 2919 jurejurando,
975 2818 1074 2918 quod
1090 2818 1181 2893 nihii
1195 2820 1239 2893 de

185 3062 237 3134 (ι)
247 3062 315 3119 utto
328 3063 451 3131 naum,
466 3063 492 3118 le
515 3062 671 3119 Dolichiste
690 3063 740 3118 des
759 3062 885 3130 enciens,
902 3063 1040 3137 tres-pres
1052 3074 1081 3119 et
1094 3081 1130 3119 en
1147 3064 1235 3121 s.-0.

165 3163 196 3203 e
212 3152 303 3226 Myse.

186 3244 237 3315 (a)
255 3242 473 3300 Probshlement
485 3240 540 3297 itte
552 3241 588 3297 de
607 3241 727 3316 Megiste
739 3245 755 3298 t
767 3241 867 3298 l’onest
878 3240 914 3297 de
925 3241 1049 3310 Kaisesa,
1062 3253 1092 3298 et
1105 3243 1144 3298 les
1157 3262 1238 3299 nom-

165 3340 247 3391 Pus
259 3332 325 3389 tlon
335 3333 385 3407 qui
396 3331 578 3388 l’entourent.
593 3332 674 3388 Cette
686 3333 733 3402 ile,
747 3333 797 3408 qui
808 3333 872 3391 s’est
882 3331 997 3406 eppeiec
1006 3334 1079 3389 aussi
1092 3333 1236 3400 Cisthenc,

165 3431 241 3481 Dte
251 3422 433 3496 snjourd’hui
451 3421 478 3478 le
490 3441 557 3478 nom
575 3422 612 3478 de
629 3423 801 3479 Cestelorizo
813 3441 849 3477 on
864 3422 1110 3480 casselensem
1126 3426 1238 3498 navige-

165 3522 237 3571 Ιιπ
252 3513 289 3570 dc
306 3512 369 3571 Buri
384 3513 501 3568 ellerent
515 3531 533 3586 y
551 3513 690 3569 chercher
704 3532 742 3567 un
755 3512 917 3586 mouiliege,
934 3510 988 3567 i'iie
1001 3511 1037 3567 de
1052 3513 1161 3568 Kaisesa
1175 3516 1238 3570 n’en

165 3607 332 3663 *ueniunt
343 3604 434 3678 point.
450 3605 492 3659 De
506 3605 531 3659 le
541 3604 575 3659 ils
590 3606 746 3678 gegnerent
758 3605 866 3670 Petere,
883 3603 972 3676 patrie
986 3602 1021 3658 de
1033 3604 1105 3659 seint
1116 3604 1236 3677 Nicoles,

165 3704 239 3751 m
251 3714 282 3753 se
297 3712 394 3750 ecesse
409 3695 507 3750 veluto
529 3695 598 3768 egli,
614 3693 657 3750 dit
672 3695 698 3750 le
713 3696 780 3768 pere
793 3692 924 3759 Beatillo,
943 3694 1037 3764 prima
1054 3693 1087 3748 di
1097 3699 1193 3751 venire
1209 3702 1239 3753 in

165 3773 262 3856 luth,
281 3787 385 3842 visitur
407 3786 436 3839 la
452 3804 506 3839 sua
517 3787 628 3857 patria.
651 3784 856 3856 eprenderne,
872 3801 949 3838 come
970 3786 997 3838 si
1016 3783 1091 3852 dice,
1108 3797 1193 3858 grata
1205 3790 1240 3843 11·-

165 3876 369 3934 mnam
381 3885 423 3931 est
438 3874 543 3950 prende
556 3873 767 3932 Pensbouchure
779 3873 819 3930 du
833 3874 982 3941 Xanthus,
999 3877 1015 3930 t
1027 3875 1191 3935 1’0.-1t.·0.
1204 3879 1240 3934 de

165 3953 343 4025 husterin

201 4051 242 4129 (5)
259 4056 296 4112 Ῑιι
317 4054 390 4130 guise
403 4055 438 4111 de
451 4055 548 4128 Mekry
562 4056 708 4123 (Glaucus
722 4055 808 4111 Sinus
821 4054 870 4110 des
885 4055 1025 4130 enciens),
1045 4075 1081 4111 eu
1093 4057 1118 4113 N
1123 4060 1171 4112 .·N
1175 4060 1238 4117 .·O.

165 4145 197 4196 e
207 4146 342 4220 tres-pres
349 4145 385 4200 de
396 4147 506 4203 Petere.
516 4144 616 4217 Mekry
627 4156 669 4201 est
680 4145 706 4201 le
723 4145 880 4201 Telmissus
892 4144 941 4200 des
953 4147 1075 4202 enciens.

202 4237 240 4308 (4)
252 4235 338 4294 Statio
348 4237 520 4311 (Eustache)
529 4236 675 4306 Stenurie,
689 4236 774 4294 d'une
787 4235 891 4293 familie
902 4236 968 4293 bien
979 4255 1090 4294 connue
1101 4237 1137 4294 de
1149 4239 1221 4295 Beni.
