2888 4934
583 430 703 490 LIBER
724 430 864 491 NONUS.
1167 482 1171 491 .
1200 432 1260 494 459

181 563 297 654 ducis,
308 565 527 664 capellanus,
536 565 597 664 qui
608 562 794 637 laboribus
804 579 840 636 et
850 563 1264 662 periculispraedieabilis

182 681 421 781 expeditionis
449 683 630 771 interluit,
658 698 798 754 certum
830 697 867 754 et
891 707 1000 753 verax
1025 682 1194 755 volumen
1218 683 1264 756 de

182 799 352 874 laudabili
366 801 497 872 militia
517 799 695 873 exercitus
711 798 842 871 Christi
862 797 986 870 edidit.
1005 799 1190 873 Baldricus
1205 801 1263 899 (t)

182 943 343 1020 quoque,
368 919 534 993 Dolensis
552 917 853 1016 archiepiscopus,
875 943 911 989 tv
931 915 1043 990 libros
1062 917 1264 990 luculenter

184 1035 412 1134 conscripsit,
431 1036 468 1109 in
484 1034 615 1136 quibus
631 1037 808 1135 integram
823 1035 1085 1124 narrationem,
1098 1034 1144 1106 ab
1160 1036 1264 1109 initio

182 1153 486 1253 peregrinationis
500 1179 613 1253 usque
628 1153 672 1225 ad
692 1153 851 1251 primum
872 1150 1010 1224 bellum
1028 1166 1109 1250 post
1123 1169 1265 1251 captam

183 1270 405 1357 Jerusalem,
419 1271 596 1342 veraciter
614 1286 650 1342 et
666 1269 876 1369 eloquenter
891 1266 1128 1365 deprompsit.
1156 1268 1263 1340 Multi

184 1387 294 1458 etiam
305 1386 367 1458 alii
380 1387 596 1459 Latinorum
610 1403 646 1459 et
656 1387 869 1460 Graecorum
882 1384 926 1457 de
941 1401 1014 1456 tam
1027 1383 1264 1458 memoranda

184 1529 225 1576 re
244 1519 512 1592 tractaverunt,
531 1521 567 1577 et
583 1504 783 1603 posteritati
801 1503 917 1575 claros
939 1518 1086 1574 eventus
1111 1501 1266 1576 heroum

182 1619 367 1694 vivacibus
381 1623 524 1721 scriptis
536 1623 809 1695 intimaverunt.
823 1621 904 1720 Ego
916 1645 1074 1720 quoque,
1091 1620 1266 1693 minimus

184 1739 369 1827 omnium,
388 1738 451 1839 qui
470 1739 656 1838 religionis
674 1740 710 1811 in
729 1736 855 1810 babitu
877 1738 950 1808 rita
972 1755 1172 1838 sequuntur
1189 1740 1268 1812 Do-

184 1857 344 1945 minum,
363 1857 448 1958 quia
466 1873 632 1930 strenuos
650 1857 782 1929 Christi
801 1856 1034 1957 agonothetas
1052 1857 1107 1955 (a)
1129 1855 1263 1956 diligo,

183 1990 221 2048 et
238 2000 365 2048 eorum
383 1974 520 2073 probos
537 1990 635 2049 actus
657 1977 826 2049 attollere
844 1977 976 2074 gestia,
996 1975 1034 2047 in
1055 1973 1143 2062 hoe,
1168 1974 1267 2075 quod

185 2093 283 2188 coepi
296 2088 341 2163 de
352 2091 596 2165 ecelesiasticis
610 2092 764 2184 actibus,
774 2091 962 2189 opusculo,
978 2088 1268 2164 Christianorum

185 2205 454 2306 expeditionem
469 2209 505 2282 in
518 2210 677 2283 Domino
693 2211 776 2281 lesu
790 2208 905 2281 ordiri
918 2223 1062 2305 appeto.
1079 2208 1267 2307 lntegrum

185 2352 276 2425 opus
290 2328 592 2424 peregrinationis
603 2328 708 2399 almae
722 2326 867 2427 aggredi
882 2327 1012 2414 timeo,
1025 2323 1175 2397 arduam
1189 2351 1269 2398 rem

184 2442 349 2541 polliceri
370 2468 447 2516 non
465 2443 597 2535 audeo;
618 2444 678 2517 sed
693 2445 851 2545 qualiter
867 2446 1042 2515 intactum
1058 2460 1131 2515 tam
1145 2442 1269 2517 nobile

187 2557 306 2633 thema
332 2578 565 2660 praeteream,
591 2564 724 2636 neseio.
759 2562 971 2660 Praepetlior
992 2563 1112 2651 senio,
1142 2578 1269 2661 utpote

186 2887 281 2961 quelle
295 2888 408 2943 s’arrete
425 2906 475 2943 son
492 2890 571 2943 recit.
587 2889 665 2942 Nous
680 2905 794 2943 verrom
812 2887 873 2960 plus
890 2887 946 2941 loin
962 2887 1031 2961 qu’il
1045 2906 1062 2959 y
1075 2897 1125 2941 eut
1137 2889 1152 2941 a
1165 2887 1190 2941 la
1204 2906 1269 2961 pre·
1288 2935 1290 2940 .

187 2977 276 3033 mitre
291 2978 414 3033 croisade
431 2997 465 3032 au
485 2980 577 3033 moins
592 2989 691 3053 quatre
707 2978 849 3033 individus
864 2988 977 3052 portant
990 2977 1030 3032 les
1043 2978 1147 3032 memes
1161 2996 1227 3032 nom
1242 2988 1271 3032 et

188 3085 317 3122 aurnum.

223 3156 266 3227 (ι)
281 3156 399 3223 baudri,
413 3158 449 3210 ne
461 3158 476 3210 lt
488 3156 752 3224 Mean-sur·Loire,
768 3175 830 3212 vers
841 3157 867 3212 le
881 3157 977 3213 milieu
989 3156 1027 3212 dn
1041 3169 1079 3212 ιι·
1091 3155 1188 3224 siecle,
1201 3155 1272 3210 abbe

188 3245 226 3300 (le
237 3245 390 3318 Bourgueil
404 3264 440 3300 en
454 3264 535 3320 1079,
552 3246 726 3320 arebeveque
738 3248 773 3302 de
784 3248 837 3302 Dol
850 3268 886 3304 en
904 3266 985 3324 1107,
1001 3248 1095 3303 habita
1110 3257 1240 3313 sonvrnt,
1256 3249 1272 3300 a

188 3336 279 3408 partir
299 3335 334 3389 de
356 3353 437 3402 1120,
458 3335 483 3389 la
504 3336 693 3405 Normandie,
709 3348 737 3392 et
751 3339 1011 3411 partientitrement
1026 3339 1051 3393 le
1066 3340 1220 3393 monestere
1234 3337 1270 3392 tle

188 3425 401 3481 Saint-Samson
417 3425 580 3500 (Pentele),
597 3427 671 3481 sitne
684 3429 700 3481 a
714 3427 926 3483 l'embouelture
943 3428 979 3483 de
994 3427 1019 3482 la
1034 3427 1124 3494 Risle,
1140 3427 1188 3501 qui
1204 3427 1272 3482 etait

188 3513 248 3568 l’uu
259 3512 306 3568 des
317 3513 463 3569 domaines
471 3515 506 3568 de
517 3533 567 3568 son
578 3515 655 3588 siege
665 3517 749 3590 etqui
757 3527 800 3571 est
809 3520 882 3571 reste
890 3517 915 3571 le
924 3515 1058 3571 chef-lieu
1069 3515 1272 3587 d’uneexemp·

189 3604 251 3658 tion
269 3603 304 3658 de
323 3604 392 3673 Dol,
408 3606 520 3679 jusqu’a
533 3604 560 3660 la
583 3605 751 3661 revolution.
768 3607 792 3661 ll
806 3627 824 3680 y
840 3607 870 3661 fit
885 3607 910 3661 la
924 3607 1055 3661 dedicace
1069 3605 1104 3660 de
1119 3605 1222 3678 l’eglise
1238 3605 1272 3660 de

190 3694 403 3751 Salat-Samson
423 3697 449 3751 le
472 3696 504 3751 16
522 3696 670 3753 de'cembre
690 3715 769 3772 1129,
793 3709 822 3753 et
840 3697 908 3752 celle
925 3697 960 3751 de
978 3696 1082 3770 l’e'glise
1100 3696 1139 3749 du
1155 3695 1272 3750 Marais·

192 3785 316 3842 Vernier
335 3786 360 3842 le
379 3788 601 3857 surlendemain,
621 3790 685 3863 puis
703 3801 819 3845 mourut
835 3788 862 3844 le
880 3806 896 3862 7
911 3789 1018 3860 janvier
1035 3789 1154 3843 suivant.
1173 3789 1213 3843 Ce
1230 3788 1274 3843 sut

191 3893 254 3931 vere
270 3896 338 3933 1110
352 3879 422 3954 qu'il
438 3898 570 3952 composa
589 3898 639 3935 son
654 3881 725 3936 recit
739 3880 775 3936 de
787 3880 812 3935 la
827 3899 928 3953 guerre
940 3880 1028 3935 sainte
1042 3903 1048 3935 ε
1063 3879 1204 3948 Baldriei,
1225 3899 1274 3933 ar«

192 3964 365 4040 clu'episeopi
378 3969 511 4025 Dolensis
523 3971 649 4026 Historia
660 3971 928 4044 Jlterosolymitana.

229 4057 269 4129 (a)
290 4060 489 4132 Agonithetas.
505 4061 558 4116 Ms.
573 4060 608 4115 de
621 4049 841 4116 saint-Erroult.
860 4060 949 4115 Notre
968 4070 1067 4116 auteur
1081 4058 1202 4134 emploie
1220 4059 1272 4125 ici,

193 4144 272 4202 selon
286 4165 337 4203 son
354 4149 504 4219 habitudo,
522 4150 591 4206 dans
607 4152 633 4205 la
649 4151 836 4226 signification
848 4150 884 4206 de
898 4152 1062 4225 champiou,
1080 4171 1111 4208 oe
1128 4160 1187 4205 mot
1202 4148 1272 4203 dont

193 4234 294 4292 lesem
307 4258 409 4312 propre
424 4251 466 4295 est
480 4240 551 4296 celui
566 4241 601 4297 de
612 4242 681 4317 juge
693 4261 729 4298 ou
744 4242 887 4317 president
900 4242 949 4299 dea
959 4243 1035 4314 jeus.
