2888 4934
185 431 292 505 [ross]
564 427 680 489 trees
699 429 857 493 sexsus.
947 438 965 451 ’·
1207 437 1246 495 rs

130 614 134 621 -
184 559 314 658 opibus
337 561 372 631 in
395 559 510 632 aliena
531 561 677 660 regione
699 562 875 635 violenter
895 562 1100 663 adquisitis,
1125 583 1166 637 ut
1190 569 1247 639 io-

184 679 299 752 rensis
316 680 418 752 saror
434 678 572 776 appetit
590 678 757 753 honorati
776 696 872 752 sunt.
889 681 963 753 Rex
981 682 1100 781 itaque
1115 699 1152 755 et
1167 710 1248 754 ms-

184 797 285 896 gnati
312 793 442 868 fundos
471 810 508 867 et
532 798 698 894 pecunias
725 824 766 870 sc
788 815 937 871 ornatus
969 799 1125 873 ccclesia
1167 826 1249 875 cum

184 911 316 1014 gaudio
326 913 376 985 eis
386 911 576 1002 dederunt,
589 931 625 985 et
635 914 861 987 orationibus
872 915 1082 990 commisse
1095 916 1249 991 fideliter

184 1045 221 1101 et
242 1027 370 1101 devote
396 1027 709 1101 commendarunt.
742 1030 980 1104 Possessiones
1008 1049 1046 1104 et
1069 1033 1246 1122 ccclesia,

183 1146 420 1246 decimaeque,
437 1172 523 1247 quas
537 1148 641 1219 amici
666 1165 702 1220 et
712 1149 843 1244 'affines
856 1150 1080 1223 Uticensium
1095 1152 1145 1223 eis
1158 1177 1250 1224 con-

183 1264 385 1352 donarunt,
411 1263 456 1336 ad
474 1265 642 1337 notitiam
662 1267 792 1338 suturae
818 1268 1049 1365 posteritatis,
1072 1270 1110 1341 in
1126 1269 1248 1341 charta

184 1383 402 1483 consignatas
419 1399 515 1455 suut.
534 1383 744 1482 Magnificus
756 1385 855 1456 enim
864 1384 1076 1458 Guilielmus
1087 1384 1251 1486 hujusce-

183 1501 281 1576 modi
305 1517 556 1574 testamentum
572 1501 610 1571 S.
628 1499 782 1574 Ebruiso
805 1501 988 1589 condidit,
1009 1503 1046 1574 in
1075 1525 1247 1602 quosue,

184 1618 443 1719 hominumque
459 1644 606 1691 suorum
622 1617 715 1692 dona
740 1620 776 1691 in
794 1618 848 1691 his
860 1617 980 1692 verbis
995 1620 1107 1720 regali
1122 1637 1250 1693 aucto-

182 1736 288 1806 ritate
304 1751 488 1833 gratanter
499 1734 740 1807 confirmavit.

234 1851 467 1941 Gnillelmns,
481 1852 556 1926 Dei
562 1854 700 1950 gratia,
716 1878 785 1924 rear
793 1853 999 1952 Angloram
1011 1869 1046 1924 et
1053 1853 1136 1925 dua
1146 1852 1250 1926 Nor-

182 1994 400 2042 mannorum
411 1984 522 2067 atque
536 1969 710 2069 pn'nceps
730 1969 1066 2058 Cenomannoram,
1084 1967 1251 2040 omnibns

177 2085 272 2181 fidei
299 2085 492 2160 catholicae
506 2083 744 2185 fautoribus,
775 2112 976 2187 pacemque
1006 2089 1044 2158 in
1074 2080 1246 2159 Ecclesia

180 2203 425 2292 servantibus,
439 2231 619 2277 sranmum
631 2221 666 2276 et
680 2200 942 2306 inexplicabile
952 2203 1088 2303 gaudii
1100 2230 1245 2276 manas.

186 2322 375 2419 Quoniam
390 2320 503 2394 brevis
522 2338 575 2394 est
594 2321 758 2394 mortalis
781 2323 880 2410 vita,
898 2337 934 2392 et
950 2321 998 2393 de
1012 2326 1252 2421 generatione

183 2440 222 2508 in
241 2437 477 2537 generatione
498 2448 683 2511 transeunt
699 2439 843 2527 omitia,
861 2435 1030 2509 volamus
1048 2428 1255 2535 litterarum*

182 2555 383 2627 testimonio
400 2555 566 2652 temporis
577 2546 693 2627 nostri
705 2552 850 2627 decreta
865 2554 1092 2653 confirmare,
1110 2571 1149 2628 ut
1165 2580 1251 2654 quoe

184 2666 539 2768 nosreetefncrnsus
561 2688 722 2743 anostra
738 2672 846 2770 jure,
863 2687 899 2741 et
922 2697 970 2743 ea
996 2671 1091 2742 data
1114 2698 1141 2741 a
1168 2671 1249 2740 Deo

180 2802 377 2888 potestate,
397 2809 501 2859 nemo
529 2808 775 2860 successorum
801 2803 1001 2859 nostrornm
1019 2785 1159 2858 audeat
1173 2789 1249 2858 aio·

186 2903 283 2990 lore,·
301 2929 345 2975 ne
362 2901 501 2975 scilieet
517 2904 552 2976 ei
566 2900 814 3003 contradicat,
828 2904 894 3001 qui
907 2903 1033 2975 omnia
1049 2900 1165 3005 iegna
1185 2929 1249 2974 sna

185 3020 333 3092 arbitrio
350 3019 551 3118 dispensat.
563 3018 649 3119 Ego
666 3021 790 3118 itaque
805 3015 1036 3106 Guillelmus,
1050 3023 1114 3091 Dei
1122 3022 1250 3118 gratia

184 3162 274 3228 rea,
289 3144 328 3209 in
343 3162 453 3234 regno
467 3136 557 3208 mitt
567 3135 739 3210 divinitas
756 3141 948 3210 commisso
964 3137 1249 3232 eleemosynam,

185 3280 268 3352 qnae
285 3251 375 3324 milti
383 3253 593 3354 perenniter
600 3254 742 3356 prosit,
762 3250 925 3326 coenobio
944 3252 989 3324 B.
1007 3250 1154 3346 Ebrulst
1171 3267 1252 3323 tra-

185 3371 272 3444 dere
286 3371 439 3472 dispono
443 3424 457 3458 ,
479 3387 515 3444 et
531 3397 576 3444 sa
594 3368 818 3470 qnaefideles
836 3373 969 3458 nostri,
982 3397 1050 3470 pru
1067 3371 1253 3443 aamnsrcni

185 3489 349 3560 omniurn
364 3485 495 3577 sainte,
513 3486 560 3558 de
569 3487 872 3589 possessionibus,
886 3512 978 3587 quas
990 3491 1042 3558 eis
1052 3484 1155 3574 dedi,-
1169 3485 1251 3583 Iegi-

187 3604 270 3675 time
281 3603 359 3676 Deo
373 3602 476 3694 dant,
493 3602 669 3691 conceda,
679 3609 921 3705 prasentiqne
934 3600 1151 3706 cirographo
1164 3629 1260 3715 ⁶012ss

176 3720 425 3818 firmationem
447 3738 606 3794 nostram
615 3722 858 3823 praesentibus
875 3739 908 3793 et
917 3716 1062 3819 futuris
1085 3721 1251 3795 omnibus

187 3839 262 3910 Dei
261 3837 442 3937 fidelibus
455 3837 614 3937 noafieo.
629 3840 813 3940 Inprimis
826 3841 941 3936 igitur
950 3840 1111 3912 Uticensi
1125 3864 1251 3913 mona·

187 3957 296 4030 sterio
303 4012 316 4044 ,
343 3957 445 4058 qnod
463 3955 588 4028 beatas
615 3955 752 4030 Citrr‘sti
767 3956 949 4059 confessor
967 3954 1145 4058 Ebriosus
1163 3979 1257 4059 con-⁸

189 4077 322 4146 struait
346 4081 384 4149 in
408 4101 548 4167 eremo,
576 4070 623 4149 de
645 4071 810 4171 dominio
833 4104 910 4149 meo
934 4104 1003 4176 pro
1031 4064 1155 4166 amore
1174 4066 1258 4161 Dei,

189 4192 355 4264 donastis
369 4193 591 4266 Glaucestrra
602 4197 699 4266 seim
711 4195 849 4284 nilion
862 4195 1135 4293 qaottasettn,
1148 4193 1254 4266 idest
