2888 4934
280 457 341 515 ore
499 451 685 514 ursrorus
707 452 1015 514 accessurum.
1039 424 1357 532 [salmunciaco]

280 597 387 670 runt,
406 597 444 654 et
458 580 598 655 duobus
614 607 658 655 ex
677 581 759 681 ipsis
776 581 1027 683 apprehensis,
1045 581 1227 683 usquead
1246 607 1356 657 exer-

279 699 392 772 citum
410 724 515 771 suum
531 700 757 799 fugaverunt.
773 699 981 789 Christiani,
996 716 1079 800 post
1090 699 1200 774 illum
1218 725 1356 774 excur-

279 841 358 888 sum
370 813 415 888 ad
427 831 540 889 castra
554 816 710 905 reversi,
725 833 832 891 nocte
845 817 904 889 illa
918 816 1153 916 quieverunt,
1169 817 1244 890 nisi
1254 817 1353 918 quod

279 932 398 1032 potius
429 955 552 1006 omnes
580 933 738 1006 excubiis
768 950 805 1008 et
832 933 1056 1008 orationibus
1086 933 1347 1008 incubuerunt.

279 1049 368 1123 Sero
384 1050 504 1148 palam
519 1050 687 1124 omnibus
704 1078 725 1124 a
749 1049 948 1151 patriarcha
974 1048 1212 1124 interdictum
1227 1068 1282 1126 est
1306 1079 1350 1126 ne

279 1168 377 1266 quis,
407 1167 443 1240 iu
469 1168 667 1240 crastiuum
689 1185 932 1269 pugnaturus,
950 1184 1033 1242 aute
1059 1167 1201 1241 bellum
1226 1169 1350 1268 spoliis

279 1283 457 1356 ullatenus
476 1282 679 1357 intenderet
695 1283 919 1385 diripiendis.

281 1428 285 1435 ·
330 1399 540 1474 XVll.Sole
549 1417 647 1490 orto,
658 1399 775 1501 pridie
785 1400 1036 1502 idusangnsti(
1043 1403 1091 1500 r),
1104 1425 1206 1475 sacra
1216 1399 1347 1475 Christi

279 1515 409 1591 cohors
420 1516 552 1588 vallem
570 1542 668 1590 secus
681 1497 794 1606 mare,
807 1519 962 1592 formosa
977 1518 1126 1616 planitie
1140 1534 1346 1606 venustam,

279 1635 446 1720 intravit,
473 1650 510 1707 et
535 1634 609 1707 illic
629 1660 690 1708 sex
722 1637 812 1709 acics
841 1631 1036 1710 ordinavit.
1063 1634 1142 1708 Rex
1171 1651 1209 1707 et
1232 1661 1348 1709 comes

279 1749 576 1822 Normannorum
587 1803 596 1836 ‚
625 1748 841 1838 Tolosanus,
862 1748 1091 1822 flandrensis
1110 1764 1149 1823 et
1169 1749 1345 1837 Guaston,

278 1863 490 1938 Eustachius
524 1881 561 1938 ct
594 1865 823 1958 Tancredus,
859 1867 988 1939 turmis
1028 1867 1275 1967 praeluerunt,
1311 1882 1348 1939 et

278 1982 523 2083 unusquisque
550 1983 751 2082 sagittarios
773 1982 980 2085 peditesque
1001 2009 1084 2057 suos
1107 1985 1264 2058 solerter
1289 1985 1348 2057 in-

230 2142 236 2154 ·
279 2100 424 2173 struxit.
448 2098 537 2197 lpsis
553 2100 673 2198 itaque
685 2097 905 2199 praemissis,'
919 2098 1143 2200 pedetentim
1160 2116 1347 2202 pergentes

279 2216 477 2290 edocebant
502 2217 658 2316 qualiter
682 2218 943 2305 occlamarent,
967 2218 1120 2318 qualiter
1139 2218 1344 2307 obstarent,

278 2333 434 2429 qualiter
446 2333 738 2428 impenetrabiles
751 2337 914 2410 inimicos
925 2335 1087 2410 feriendo
1098 2353 1346 2435 penetrarent,

278 2473 320 2520 ac
337 2461 378 2518 ut
393 2443 436 2518 ad
452 2472 513 2518 sua
530 2446 629 2546 signa
645 2447 737 2520 nihil
756 2467 960 2525 reverentes
975 2455 1181 2554 frequenter
1193 2455 1350 2551 respice·

278 2580 381 2654 rent,
403 2579 440 2635 et
459 2563 591 2662 seipsos
614 2564 658 2638 ad
680 2566 769 2638 ictus
787 2566 932 2641 hostiles
947 2567 1169 2643 sufferendos
1183 2569 1347 2643 obdura-

277 2695 381 2772 rent,
404 2680 490 2797 licet
506 2679 583 2753 haec
598 2683 720 2755 omnia
738 2682 775 2756 in
792 2685 870 2756 aliis
885 2683 990 2758 bellis
1010 2684 1103 2759 bene
1128 2689 1238 2787 gestis
1259 2686 1345 2760 didi·

277 2798 420 2870 cissent.

325 2914 401 2986 Nec
417 2915 537 2988 minus
553 2943 573 2989 e
589 2918 737 3017 regione
751 2918 902 3016 gentiles
914 2920 1093 2992 cuneatim
1110 2920 1224 2993 stellis
1241 2922 1344 2994 innu-

276 3030 522 3105 merabiliores
547 3030 801 3121 densabantur,
830 3048 867 3105 et
889 3060 955 3131 per
977 3035 1121 3134 agmina
1145 3036 1344 3108 innumeras

274 3148 479 3246 legionesa
504 3147 615 3219 latere
642 3148 679 3219 in
710 3148 801 3222 latus
829 3148 1131 3222 extendebantur.
1157 3150 1344 3249 AEthiopes

272 3281 394 3338 autem
414 3264 685 3363 praemiserunt,
710 3289 800 3364 quos
821 3263 858 3336 in
877 3264 957 3338 loco
973 3281 1197 3357 statuerunt,
1217 3289 1343 3366 eosque

270 3383 443 3456 immotos
459 3405 606 3454 manere
617 3380 894 3454 mandaverunt.
911 3383 971 3470 Hi,
988 3381 1142 3482 genibus
1160 3383 1263 3455 humi
1278 3383 1343 3455 de-

269 3498 370 3587 fixis,
394 3496 523 3571 dextro
539 3513 659 3569 tamen
674 3499 894 3595 postposito,
915 3490 1092 3571 ancilibus
1105 3523 1266 3602 corpora
1286 3527 1340 3572 su-

304 3769 343 3836 (ι)
357 3768 395 3824 Le
407 3767 541 3824 vendredi
558 3786 587 3822 rr
604 3767 679 3823 aoht.
693 3770 737 3822 Au
752 3766 808 3822 lieu
823 3768 858 3822 de
872 3778 946 3823 cette
960 3768 1036 3836 date,
1053 3768 1118 3823 lisez
1133 3793 1138 3821 ε
1154 3769 1181 3825 le
1195 3771 1341 3825 dimancbe

269 3860 300 3924 ιζ
317 3858 392 3911 aoirt.
414 3861 501 3914 Notre
520 3869 629 3926 auteur,
649 3859 728 3931 apres
745 3876 815 3912 nous
832 3859 909 3912 avoir
923 3858 1000 3932 parle
1016 3857 1052 3912 de
1068 3860 1109 3913 six
1123 3877 1208 3934 corps
1223 3860 1340 3915 d’armee

264 3944 437 4011 seulement,
454 3967 523 4003 nous
538 3948 644 4021 signalc
659 3959 720 4020 sept
735 3947 823 4003 chela.
836 3946 860 4001 ll
875 3949 1032 4022 parcitque
1046 3947 1249 4023 lecinquieme
1264 3968 1340 4023 corps

262 4035 310 4090 lut
322 4032 398 4105 place
408 4050 472 4088 sous
484 4035 522 4089 les
533 4035 630 4091 ordros
639 4035 817 4103 d’Eustache,
833 4047 924 4091 comte
935 4036 970 4091 de
980 4035 1135 4108 Boulognc,
1150 4047 1181 4093 et
1191 4037 1217 4092 le
1229 4039 1339 4093 sixieme

261 4141 326 4178 sous
350 4142 419 4178 ceux
439 4123 473 4178 do
492 4125 637 4181 'leucinde
657 4138 685 4183 ct
705 4125 740 4182 de
759 4126 867 4183 Gaston
889 4128 996 4193 renuis,
1018 4144 1126 4182 comme
1146 4131 1162 4181 ἐι
1185 4127 1211 4184 la
1233 4128 1341 4184 bataillc

267 4211 438 4270 '‘tntiochr.
