2888 4934
167 448 258 523 [etam
278 446 370 522 1090]
532 440 649 503 LtssEtt
670 440 857 500 OCTAVUS.
1174 441 1234 504 325

165 593 338 667 renunt,
365 576 480 675 longis
507 575 656 674 latisque
683 565 834 646 manicis
854 574 898 647 ad
927 577 1049 649 omnia
1077 572 1235 646 facienda

165 721 292 769 manns
315 694 507 793 operiunt,
526 709 562 766 et
584 691 639 765 his
655 691 962 790 superfluitatibus
976 693 1095 766 onusti
1113 690 1237 765 celeri-

165 829 221 886 ter
236 810 442 899 ambulare,
461 809 517 883 vel
534 806 669 909 aliquid
684 809 822 881 utiliter
838 810 980 908 operari
998 806 1057 881 vix
1071 823 1233 906 possunt.

165 927 339 1026 iincipite
355 926 507 1000 scalciati
535 940 619 998 sunt
642 941 684 996 ut
704 927 821 1012 fures,
841 920 993 1022 occipite
1017 938 1135 997 autem
1153 949 1237 1022 pro·

165 1044 256 1118 lixas
271 1043 441 1115 nutriunt
464 1066 582 1115 comas
594 1056 636 1112 ut
647 1041 868 1113 meretrices.
885 1040 980 1113 Olim
998 1040 1234 1138 poenitentes,

165 1173 198 1232 at
212 1158 331 1255 eapti,
351 1183 392 1231 ac
407 1157 591 1256 peregrini
612 1155 783 1228 usualiter
801 1156 934 1229 intonsi
957 1169 1080 1243 erant,
1100 1152 1238 1252 longas·

165 1297 237 1375 pue
261 1271 392 1345 barbas
421 1270 623 1373 gestabant3
652 1270 854 1371 indicioque
879 1271 940 1343 tali
964 1270 1236 1369 poenitentiam,

165 1414 230 1467 seu
246 1390 471 1489 captionem,
487 1391 543 1463 vel
555 1389 883 1489 peregrinationem
897 1387 1139 1489 spectantibus
1149 1415 1241 1487 prae-

165 1503 379 1580 tendebant.
400 1505 506 1579 Nunc
522 1530 609 1578 vero
627 1529 718 1603 pene
733 1505 891 1577 universi
909 1505 1102 1603 populares
1116 1504 1239 1576 cerriti

165 1638 307 1695 suntet
324 1621 526 1712 barbatuli,
547 1622 666 1721 palam
683 1621 947 1695 manifestantes
966 1622 1159 1720 specimine
1178 1622 1239 1696 tali

165 1855 336 1956 Crispant
361 1858 476 1930 crines
502 1857 717 1931 calamistro.
750 1857 866 1957 Caput
887 1859 1008 1931 velant
1036 1859 1144 1944 vitta,
1164 1858 1240 1930 sine

167 1972 279 2071 pileo.
307 1974 378 2048 Vix
403 1976 530 2076 aliquis
559 1976 773 2048 militarium
797 1974 960 2076 procedit
985 1977 1022 2049 in
1055 1974 1241 2076 publicum

167 2090 286 2190 cupite
311 2092 560 2191 discooperto,
594 2093 823 2195 legitimeque
853 2092 1049 2167 secundum
1087 2092 1240 2192 apostoli

167 2225 392 2308 praeceptum
404 2226 509 2284 tonso
529 2211 597 2311 (1).
613 2211 782 2284 Exterius
801 2213 919 2311 itaque
934 2210 1057 2283 habitu
1069 2226 1240 2310 gestuque

167 2341 394 2418 monstrant,
426 2328 548 2427 quales
573 2329 722 2401 interius
746 2328 978 2403 conscientias
1002 2325 1176 2416 habeant,
1204 2344 1241 2400 et

168 2442 325 2543 qualiter
338 2469 405 2542 per
417 2461 557 2518 arctum
570 2445 708 2519 cultum
724 2444 768 2518 ad
785 2446 900 2518 Deum
912 2461 1139 2543 percurrant.

218 2558 420 2633 Altissimus
440 2562 551 2661 igitur
575 2560 710 2651 ludex,
730 2578 766 2635 et
782 2561 926 2634 sublimi
951 2559 1108 2635 residens
1126 2561 1235 2649 solio,

168 2674 268 2776 quod
290 2679 442 2750 nimium
468 2677 611 2779 flagitiis
631 2679 784 2754 inhaeret
807 2678 960 2751 humana
986 2678 1158 2768 intentio,
1176 2703 1239 2776 po-

167 2792 296 2892 pulum
315 2793 555 2885 ineruditum,
574 2794 789 2897 plebemque
804 2795 1102 2893 indisciplinatam
1121 2794 1240 2867 multi-

169 2908 255 3007 plici
269 2911 426 3007 percutit
439 2909 594 3010 flagello.
611 2910 752 2985 Morbis
767 2913 865 2985 enim
877 2912 1070 2999 macerari,
1084 2927 1120 2983 et
1136 2908 1239 2984 bellis

171 3023 364 3124 inquietari
392 3027 588 3128 terrigenas
614 3028 811 3126 permittit,
830 3006 1129 3127 hypociiticisque
1147 3053 1239 3126 prae·

169 3136 303 3213 sidibus
329 3141 490 3242 subjicit,
518 3169 608 3245 quos
636 3142 703 3217 sibi
728 3144 948 3233 contrarios,
979 3169 1122 3244 suaeque
1151 3144 1238 3245 legis

171 3270 385 3355 spontaneos
412 3260 706 3358 praevaricatores
735 3263 918 3361 perspicit.
951 3262 1064 3335 Electi
1097 3277 1235 3349 autem,

171 3374 229 3472 qui
248 3374 327 3448 zelo
347 3373 496 3449 Phinees
511 3376 795 3469 inflammantur,
812 3380 907 3452 inter
922 3376 1097 3477 reprobos
1107 3376 1237 3450 crebro

174 3486 387 3576 irascuntur,
407 3488 447 3565 ac
464 3492 508 3564 ad
519 3494 717 3567 Dominum
727 3486 812 3567 oum
825 3493 1001 3594 propheta
1014 3517 1238 3592 conquerun-

199 3772 242 3843 (ι)
256 3771 309 3825 Les
320 3789 446 3845 passages
458 3776 590 3849 auxquels
602 3787 684 3831 notre
697 3786 796 3832 auteur
810 3778 860 3833 fait
872 3776 989 3831 allusion
1003 3785 1066 3830 sont
1078 3775 1188 3830 ceux-ci
1201 3774 1236 3830 de

165 3849 189 3912 le
202 3857 349 3932 premiere
363 3859 451 3932 e'pltre
465 3879 517 3916 aux
529 3863 724 3932 Corinthum,
740 3864 821 3938 chap.
835 3883 861 3919 ιι
875 3888 880 3917 :

200 3965 230 4004 2.
245 3947 310 4003 Nec
321 3951 384 4019 ipsa
396 3961 499 4007 natura
513 3953 593 4009 docet
607 3974 659 4009 vos
674 3954 751 4027 quod
761 3959 808 4009 vir
821 3953 945 4028 quidem,
960 3956 986 4008 si
996 3973 1101 4009 comam
1116 3956 1223 4009 nutriat
1228 3998 1234 4022 ,

165 4033 324 4109 fgnomirtia
334 4048 375 4092 est
389 4040 451 4094 illi?

202 4147 229 4181 ι.
252 4126 307 4180 Vt'r
318 4128 430 4200 quidem
446 4151 500 4185 non
520 4132 602 4189 debet
620 4136 716 4189 velare
735 4146 819 4208 caput
839 4155 931 4204 suum,
951 4139 1081 4212 qrtontnm
1100 4140 1192 4208 imago
1210 4146 1237 4195 ct

165 4219 260 4284 storia
276 4218 330 4273 Dei
342 4231 392 4276 est.
