2888 4934
183 377 289 459 trost]
587 375 703 439 tinen
725 376 862 437 nonus.
1191 377 1252 438 trs

183 535 261 594 ves,
289 533 399 608 equos
421 522 458 578 et
474 507 590 580 asinos
608 532 752 606 rapere,
767 523 804 579 et
824 508 852 577 si
876 506 985 607 quid,
1009 507 1106 607 quod
1130 507 1251 581 mandi

183 641 319 726 posset,
343 624 614 699 convenientius
636 622 899 697 inveniebatur.
930 624 1072 725 Egressi
1100 649 1188 697 vero
1209 625 1254 699 de

183 742 360 829 Castoria,
380 757 491 815 castra
510 744 632 815 metati
650 742 788 815 suntin
808 742 999 840 Pelagonia
1017 745 1087 837 (t).
1105 740 1160 814 lbi
1177 770 1254 815 mu·

184 862 398 937 tritissimum
427 859 612 935 castellum
642 859 918 948 haereticorum,
950 859 1054 935 bonis
1086 860 1257 937 omnibus

183 975 326 1051 abunde
345 976 537 1066 refertum,
555 975 714 1076 undique
727 976 880 1075 aggressi
898 993 1002 1063 sunt,
1021 992 1058 1049 ct
1075 974 1257 1049 habitato-

185 1096 286 1169 ribus
301 1094 456 1195 ejusdem
475 1118 557 1166 cum
578 1119 622 1166 eo
647 1091 864 1182 combustis,
884 1093 1035 1166 omnino
1059 1094 1256 1193 pessunde-

182 1214 330 1287 derunt.
350 1212 482 1287 Omnes
494 1208 670 1309 siquidem
685 1211 737 1283 illi
758 1210 914 1285 viatores
927 1209 1092 1298 Judeeos,
1111 1211 1256 1285 baereti-

185 1354 265 1416 oor,
296 1328 529 1417 Sarracenos,
563 1326 752 1426 aequaliter
779 1324 962 1399 habebant
990 1350 1136 1413 exosos,
1167 1352 1258 1424 quos

185 1471 312 1521 omnes
340 1446 404 1518 Dei
433 1444 614 1543 appellant
629 1442 804 1517 inimicos.
831 1441 922 1515 Inde
946 1459 1191 1541 pervenerunt
1214 1442 1259 1515 ad

185 1563 320 1639 flumen
345 1560 545 1635 Bardarum
570 1564 638 1658 (a),
664 1560 763 1658 quod
788 1560 1020 1633 buamundus
1045 1586 1128 1632 cum
1157 1577 1259 1658 parte

185 1681 240 1755 sui
263 1681 440 1757 exercitus
466 1678 685 1777 pertransiit.
719 1680 847 1750 Comes
870 1693 989 1749 autem
1014 1675 1060 1749 de
1085 1677 1260 1751 Rosinolo

187 1796 458 1872 cumfratribus
478 1797 549 1867 suis
567 1795 748 1866 remansit.
765 1795 935 1866 Protinus
951 1794 1118 1867 satellites
1143 1796 1261 1893 impe-

187 1915 342 2002 ratoris,
360 1913 422 2011 qui
451 1912 524 1985 rias
542 1910 745 1985 obsidentes
767 1912 1029 2010 explorabant,
1056 1929 1097 1984 ut
1121 1913 1262 1987 exerci-

188 2054 269 2111 tum
289 2035 445 2129 divisum
463 2034 653 2121 viderunt,
682 2033 817 2132 impetu
842 2033 957 2122 sacto,
982 2035 1019 2106 in
1037 2034 1205 2109 comitem
1224 2051 1262 2107 et

189 2178 271 2227 suos
294 2153 492 2225 irruerunt.
522 2149 728 2223 Tuncredus
752 2175 859 2238 vero,
888 2150 949 2250 qui
974 2149 1127 2224 necdum
1153 2152 1263 2252 longe

188 2270 332 2358 aberat,
361 2285 402 2342 ut
427 2269 598 2369 cognovit
626 2267 839 2358 tumultum,
871 2266 1035 2365 rapidum
1065 2268 1264 2342 calcaribus

189 2412 324 2487 urgens
340 2385 593 2486 cornipedem,
612 2384 808 2458 fulmineus
821 2385 981 2466 advolat.
1007 2401 1044 2461 et
1056 2385 1180 2475 lluvio,
1200 2388 1263 2487 qui

191 2507 381 2584 intererat.
394 2503 561 2591 evadato,
572 2527 634 2575 seu
647 2503 768 2601 potius
777 2519 941 2593 enatato,
955 2503 1124 2603 festinum
1138 2505 1263 2578 comiti

191 2622 346 2697 ooutulit
356 2621 542 2694 auxilium.
555 2620 641 2693 Mox
654 2620 726 2693 duo
740 2620 853 2693 millia
868 2619 1027 2692 militum
1040 2646 1106 2719 per
1119 2646 1263 2695 amnem

190 2736 420 2815 tancredum
441 2736 618 2811 subsecuti
644 2753 747 2826 sunt,
777 2752 814 2810 ct
837 2738 1053 2836 Turoopolis
1074 2739 1265 2812 confestim

191 2855 480 2956 prevaluerunt,
497 2881 557 2929 eos
569 2854 614 2928 de
631 2856 759 2952 preelio
774 2857 1009 2955 fugaverunt,
1026 2856 1122 2929 etde
1138 2860 1265 2958 iugatis

193 2975 349 3075 gloriose
375 2973 659 3072 triumpharunt.
685 2972 866 3067 Quosdam
892 2998 981 3051 vero
1007 2991 1260 3072 peremenmt,

192 3090 315 3189 plures
335 3108 456 3165 eutem
482 3090 726 3190 apprehensos
747 3091 962 3175 vinxerunt,
991 3106 1027 3164 et
1052 3090 1265 3165 Buamnndo

193 3223 515 3306 proesentsrerunt.
543 3208 759 3307 lnterrognti
791 3233 857 3281 cur
882 3224 956 3280 tam
982 3210 1150 3309 nequiter
1178 3234 1265 3308 nge-

194 3339 298 3413 rent,
317 3350 399 3399 cum
416 3348 482 3397 suo
502 3349 573 3397 non
594 3323 841 3396 inimicaretur
861 3323 1088 3421 imperatori,
1110 3349 1264 3422 respon-

229 3572 271 3643 (r)
284 3570 378 3625 Lirez:
393 3571 559 3643 Pelagonia.
571 3569 645 3625 C’eet
655 3587 716 3624 nne
727 3571 842 3625 contule
850 3567 886 3625 de
903 3567 928 3622 la
941 3566 1117 3636 Macedoine,
1131 3568 1180 3642 qui
1193 3569 1265 3622 avait

195 3664 347 3734 emptunte
361 3678 410 3716 son
425 3679 490 3715 nom
509 3664 524 3715 a
541 3661 566 3715 la
579 3659 643 3715 ville
653 3658 689 3714 de
700 3658 864 3731 Pelagonia,
883 3657 954 3713 dont
969 3657 995 3712 lu
1009 3656 1182 3712 destruction
1200 3657 1265 3713 date

196 3751 233 3809 de
249 3750 393 3807 l’inrasion
410 3751 554 3808 Romsine.
569 3750 593 3806 ll
605 3769 641 3806 ne
656 3750 746 3823 paruit
765 3766 831 3822 pas,
851 3748 959 3820 d’apres
970 3747 996 3802 ln
1007 3748 1130 3802 manilre
1148 3747 1220 3804 dont
1236 3766 1265 3803 se

196 3840 389 3899 conduitirent
402 3842 470 3897 dans
484 3860 516 3897 ce
528 3858 593 3914 pays
606 3841 647 3895 les
661 3838 764 3894 soldats
781 3839 817 3894 de
836 3837 995 3907 llodutond,
1014 3855 1069 3911 que
1081 3854 1123 3891 ses
1134 3839 1267 3894 exhorte-

197 3933 275 3987 tions
289 3941 400 3986 euteeut
416 3931 466 3986 tait
480 3931 625 4003 beaucoup
639 3929 833 4002 d'irnprcssion
848 3946 896 3983 sur
911 3926 974 3983 leur
985 3928 1081 4001 esprit.
1090 3927 1269 3983 -Iloeretici

197 4020 309 4096 signin
322 4022 358 4076 ici
370 4021 410 4076 let
420 4020 519 4077 Grecs.

234 4114 275 4184 (s)
293 4113 330 4167 Le
347 4112 477 4168 Vardani.
500 4112 575 4168 C’est
591 4109 617 4163 la
632 4108 786 4183 principale
807 4108 906 4164 ririere
923 4106 960 4162 de
978 4107 1156 4177 Macedone,
1172 4109 1225 4165 elle
1239 4128 1270 4164 se

195 4204 268 4276 jette
280 4202 349 4257 dans
359 4201 386 4257 le
400 4201 474 4276 polle
485 4201 521 4257 de
532 4200 698 4274 Saloniqne,
711 4202 727 4253 a
740 4199 813 4255 deux
825 4198 912 4255 lienes
924 4197 960 4254 de
971 4208 1043 4256 cette
1053 4199 1126 4254 ville.
