2872 4920
324 386 382 446 478
598 379 783 439 HISTORIA
806 377 1113 439 Ecctnsttstht.
1196 383 1290 457 [ms
1307 383 1385 459 totu]

323 541 473 618 peregre
487 513 665 612 perrexit,
683 528 719 584 et
732 511 934 585 Galterium
949 509 994 584 de
1006 511 1137 583 Pexeio
1153 511 1227 608 (r),
1244 537 1326 585 cum
1337 537 1387 585 ne·

324 634 468 735 potibus
493 634 564 704 suis
586 664 594 701 :
615 630 776 703 Galterio
794 646 1037 729 cognomento
1059 627 1306 704 Sine-habere
1322 633 1384 730 (a),

324 770 360 828 et
386 752 601 840 Guillelmo,
620 749 766 822 Simone
784 765 820 822 et
836 747 1027 837 Mattbaeo,
1046 749 1199 850 aliisque
1219 750 1387 848 praeclaris

324 866 757 959 Gallorummilitibus,et
767 865 1084 966 peditibuslerexv
1093 865 1272 953 millibus,
1282 894 1386 941 secum

324 989 483 1061 adduxit.
507 984 644 1058 Deinde
663 984 811 1058 sabbato
835 985 976 1057 Paschae
994 986 1049 1083 (ὅ)
1071 985 1265 1059 Coloniam
1278 986 1384 1089 ⁶renit,

324 1089 446 1206 ibique
466 1104 662 1202 septimana
680 1100 823 1174 Paschae
842 1102 1040 1203 requievit,
1059 1100 1118 1174 sed
1139 1101 1280 1176 abono
1294 1127 1387 1202 opere

326 1247 398 1294 non
417 1220 575 1293 cessavit.
604 1217 813 1290 Alemannis
833 1219 932 1290 enim
955 1242 1161 1290 sermonem
1183 1217 1289 1308 lecit,
1308 1235 1387 1291 etex

323 1340 373 1410 eis
390 1362 436 1408 xv
453 1337 551 1407 milia
565 1334 609 1406 ad
628 1361 717 1433 opus
733 1334 877 1407 Domini
895 1334 1016 1406 traxit.
1041 1334 1121 1406 Duo
1144 1336 1284 1435 quippe
1304 1359 1387 1434 pre-

325 1456 412 1528 clari
431 1453 604 1526 comites:
625 1451 812 1524 Bertaldus
827 1469 862 1524 et
880 1451 1127 1540 Hildebertus,
1154 1471 1190 1526 et
1209 1480 1303 1526 unus
1321 1453 1387 1552 epi-

326 1599 451 1670 scopus
474 1572 527 1669 (4)
549 1569 705 1670 adjuncti
728 1587 829 1658 sunt,
850 1588 886 1642 et
904 1598 986 1643 cum
1006 1597 1049 1644 eo
1064 1597 1130 1670 per
1151 1571 1387 1646 Alemanniam

326 1707 363 1763 et
390 1690 610 1788 Hungariam
637 1713 788 1787 peregre
813 1688 963 1787 profecti
990 1706 1086 1781 sunt.
1113 1691 1235 1764 Porro
1262 1687 1385 1789 superbi

327 1807 579 1907 Francigenae,
596 1806 683 1879 dnm
700 1807 827 1879 Petrus
840 1805 1000 1879 Coloniae
1020 1823 1247 1892 remaneret,
1267 1823 1304 1879 et
1318 1829 1386 1879 rer·

328 1927 417 2000 bum
436 1927 500 1998 Dei
519 1923 750 2024 praedicando
769 1923 960 2024 phalanges
976 1950 1054 1996 suas
1071 1951 1204 2024 augere
1224 1943 1261 1999 et
1278 1948 1385 1998 corro-

329 2045 459 2116 borare
483 2043 611 2131 vellet,
642 2043 744 2114 illum
770 2058 958 2139 expectare
995 2042 1215 2130 noluerunt;
1247 2043 1305 2114 sed
1331 2042 1384 2112 ier

329 2178 492 2260 coeptum
521 2186 587 2259 per
604 2159 824 2258 Hungariam
848 2161 1002 2258 aggressi
1029 2177 1126 2232 sunt.
1158 2158 1383 2233 Columbanus

329 2389 420 2433 comte
432 2377 467 2432 de
481 2377 640 2449 Montaigu,
656 2387 685 2432 et
699 2395 785 2432 neven
800 2376 836 2432 de
849 2377 986 2433 Godelroi
1001 2377 1036 2432 de
1049 2377 1193 2447 Bouillon,
1211 2379 1329 2452 pendant
1341 2395 1383 2432 nne

330 2469 451 2542 ternpete
462 2469 510 2542 qui
526 2469 577 2522 mit
590 2468 752 2539 leursjours
762 2486 797 2523 en
809 2469 925 2542 danger,
939 2469 1079 2543 lorsqu’ils
1093 2472 1256 2526 revenaient
1266 2468 1383 2528 ensemble

330 2559 364 2613 de
378 2559 403 2612 la
418 2558 612 2613 'l'erre-Sainte
627 2577 677 2629 par
692 2576 760 2625 mer,
775 2577 810 2612 en
828 2559 902 2613 1105.

366 2650 401 2702 La
415 2647 557 2720 sepulture
570 2646 605 2700 de
620 2647 714 2701 Pierre
728 2647 854 2702 l'Ermite
864 2666 879 2701 a
890 2650 935 2703 ete
945 2648 1045 2715 violee,
1059 2660 1088 2704 ct
1098 2667 1141 2703 ses
1152 2661 1243 2705 restes
1255 2647 1381 2722 disperse,

330 2739 485 2812 al'epoque
500 2737 535 2792 de
550 2738 575 2791 la
591 2737 762 2803 r·c'·volution;
780 2740 848 2792 mais
863 2757 891 2793 sa
905 2740 997 2812 pierre
1012 2740 1163 2794 tunrulaire
1176 2741 1295 2795 subsiste
1305 2754 1383 2793 mnata

330 2841 409 2883 entre
423 2830 461 2883 les
476 2830 564 2881 mains
577 2828 614 2882 du
629 2830 813 2901 proprietariae
825 2829 916 2884 actucl
932 2829 966 2884 de
980 2831 1168 2885 Neumostier.

367 2923 405 2989 (r)
417 2921 537 2973 Gaudet·
550 2918 585 2972 de
597 2919 695 2973 Poissi.
711 2919 789 2973 Nous
801 2938 955 2992 supposons
967 2938 1022 2994 que
1036 2940 1068 2976 ce
1084 2923 1198 2994 pourait
1209 2923 1270 2977 fatre
1279 2921 1303 2976 le
1314 2920 1384 2975 mene

331 3027 504 3081 personnage
524 3027 579 3082 qne
596 3027 667 3062 nous
681 3027 764 3063 avons
779 3029 814 3063 ru
834 3010 939 3084 figurer
957 3029 1021 3065 sous
1040 3030 1071 3065 ce
1090 3030 1156 3066 nom
1175 3016 1214 3084 (t.
1237 3015 1278 3080 ll,
1296 3033 1321 3086 p.
1333 3010 1384 3078 llll

331 3118 439 3152 connne
455 3099 559 3171 gendrc
573 3099 607 3154 de
621 3101 717 3154 Pierre
730 3101 765 3154 de
780 3101 880 3155 llaule.

367 3190 406 3260 (a)
420 3192 496 3242 Nous
512 3190 663 3261 regardons
680 3210 788 3245 comme
806 3191 939 3263 probable
954 3211 1009 3266 quc
1027 3211 1058 3246 cc
1076 3196 1205 3264 guerrici·
1222 3190 1385 3266 ponraititn

332 3281 483 3353 originaire
506 3281 572 3335 d'un
595 3281 649 3334 lieu
670 3294 783 3354 portant
805 3282 830 3336 le
852 3284 941 3338 niente
963 3302 1094 3351 surnom,
1116 3296 1145 3337 et
1167 3304 1222 3357 peu
1242 3285 1344 3358 e'loigue'
1358 3279 1385 3335 de

333 3373 439 3426 Poissi:
459 3373 734 3440 lloissi·sans·Avoir,
752 3374 815 3444 pres
830 3373 1127 3428 Montlort-l'Amauri.

368 3459 406 3528 (3)
423 3463 459 3514 Le
474 3461 577 3514 sarrredi
593 3462 665 3516 saint
684 3480 713 3514 ra
729 3463 806 3518 avril.

367 3555 405 3623 (l)
419 3553 496 3606 Nous
510 3572 544 3606 ne
557 3571 653 3607 sarons
666 3556 703 3606 ob
718 3564 799 3608 notre
815 3565 915 3608 auteur
929 3575 943 3609 a
958 3573 996 3627 pn
1012 3554 1133 3629 prendre
1150 3574 1196 3610 ces
1211 3572 1303 3623 nonas,
1318 3552 1385 3629 qn’on

332 3661 367 3697 nc
381 3653 479 3696 trouve
496 3643 575 3714 point
593 3643 661 3696 dans
677 3643 703 3697 le
719 3646 789 3698 recit
806 3643 841 3698 de
857 3643 973 3710 Raudii,
991 3645 1018 3698 ni
1037 3646 1126 3699 nieme
1138 3644 1210 3699 dans
1225 3665 1315 3702 aucun
1325 3652 1387 3698 auttt

333 3732 403 3786 dont
412 3751 480 3787 nous
490 3751 573 3801 arons
584 3735 788 3788 connaissance.
802 3735 851 3788 Les
860 3734 963 3789 bandes
974 3734 1152 3802 allernandes,
1163 3737 1212 3809 qui
1224 3735 1388 3791 devancemt

332 3822 477 3890 Godelroi,
489 3835 589 3878 enrent
602 3843 674 3896 pour
683 3825 773 3892 chefe,
788 3825 813 3880 la
824 3827 962 3897 premiere
974 3825 1113 3896 Pollutas,
1127 3824 1154 3881 la
1168 3827 1289 3883 seconde
1300 3822 1389 3882 Gode

333 3912 410 3979 kalt,
426 3913 451 3966 la
463 3915 604 3968 troisienre
619 3915 644 3969 le
657 3926 747 3970 comte
760 3905 906 3971 llurichon.

369 4003 446 4059 Nous
461 4005 571 4059 u’avons
591 4025 638 4078 pas
655 4009 849 4061 connaissance
863 4009 1001 4080 qn’aucun
1017 4006 1107 4080 prelat
1123 4009 1164 4062 ait
1176 4011 1225 4063 ose
1240 4010 1389 4065 s'aventnm

334 4111 397 4148 avec
416 4110 460 4146 ces
478 4093 580 4147 bordes
596 4095 811 4169 indiscipline'es.
827 4100 850 4151 Α
865 4096 889 4150 la
905 4098 1006 4164 ve'rite',
1024 4097 1129 4165 Ottou,
1144 4098 1252 4171 evequc
1267 4097 1302 4152 de
1315 4097 1388 4152 suae

335 4184 425 4257 baurg
448 4183 562 4255 (ross-3
582 4185 648 4241 aodt
671 4192 764 4256 noo),
786 4189 843 4260 prit
862 4198 925 4259 part
943 4192 959 4242 a
976 4188 1001 4242 la
1023 4190 1161 4261 premiere
1180 4190 1320 4254 croisade;
1336 4185 1389 4242 nnis

335 4292 404 4328 nous
417 4291 535 4347 pensons
547 4276 615 4349 qu’il
630 4278 716 4349 partit
727 4297 790 4333 arec
803 4278 949 4335 Godelroi.
