2872 4920
179 396 240 454 sna
458 342 643 451 nrsroun
665 389 973 453 succurrenti.
1062 395 1146 471 [ano
1164 394 1250 472 1097]

179 550 305 624 scopus
330 539 366 596 et
387 522 585 595 Tolosanus
610 547 730 596 comes
753 523 840 596 illuc
866 522 1106 612 advenerant,
1137 525 1252 626 eisque

179 642 226 715 ab
236 642 314 715 aliis
327 638 556 740 principibus
570 640 747 714 Australis
761 658 866 740 porta
883 643 1070 715 commissa
1085 643 1169 716 suit.
1184 642 1253 716 Co-

180 785 255 832 mes
273 759 392 858 itaque
406 756 610 828 sarracenis
626 784 749 831 secure
765 758 1039 832 accurrentibus
1056 783 1101 831 ex
1117 758 1254 857 impro-

179 875 256 946 viso
270 888 431 944 armatus
443 868 618 961 obviavit,
633 887 670 945 et
683 873 861 946 exercitus
873 875 948 973 ejus
965 888 1076 962 totus,
1095 874 1133 945 in
1151 875 1254 946 armis

179 992 372 1089 speciosus,
388 987 583 1062 barbaram
595 987 829 1063 stoliditatem
842 989 998 1062 viriliter
1011 990 1164 1088 repulit.
1181 989 1254 1062 Sar·

179 1110 300 1180 raceni
311 1162 322 1198 ,
344 1108 467 1179 multis
487 1132 635 1180 suorum
654 1108 808 1194 amissis,
831 1108 988 1206 turpiter
1009 1107 1205 1206 sugerunt,
1222 1123 1253 1181 et

178 1225 314 1298 lacilea
332 1225 480 1297 Francis
501 1226 656 1323 superati
675 1243 771 1299 suut.
791 1225 930 1298 Nicaeui
944 1226 1037 1298 cives
1056 1226 1193 1298 iterum
1202 1227 1254 1298 vi·

181 1343 280 1415 cinos
305 1343 569 1432 accersierunt,
588 1342 720 1443 quibus
735 1341 989 1417 certitudinem
1011 1344 1179 1417 victoriae
1197 1344 1254 1443 ju·

180 1457 295 1533 raudo
317 1457 639 1532 confirmaverunt.
665 1461 782 1560 lgitur
802 1461 855 1533 illi
884 1459 1053 1532 audacter
1078 1474 1255 1533 venerunt

180 1605 264 1650 cum
285 1578 470 1668 funiculis,
490 1578 620 1678 quibus
646 1581 784 1652 vinctos
808 1577 852 1650 ad
870 1606 932 1652 sua
949 1581 1133 1677 captivare
1152 1578 1255 1651 Chri·

183 1697 316 1770 stianos
339 1695 589 1770 autumabant.
610 1698 747 1772 Verum
764 1698 892 1771 Franci
910 1696 1163 1796 conglobatim
1178 1695 1253 1769 eth·

181 1814 272 1886 nicis
284 1813 512 1887 venientibus
528 1832 788 1906 occurrerunt,
808 1841 932 1889 rursus
947 1840 1009 1888 eos
1026 1816 1251 1903 invaserunt,

182 1948 460 2030 superaverunt,
477 1935 712 2032 fugaverunt,
728 1934 921 2033 multisque
935 1934 1135 2032 peremptis
1149 1935 1254 2007 victo·

86 2078 90 2085 ·
182 2048 268 2123 riosi
283 2049 485 2123 redierunt.
512 2050 649 2124 Deinde
670 2051 893 2125 Raimundus
906 2076 1024 2125 comes
1043 2067 1080 2123 et
1092 2051 1253 2123 N’Aima·

183 2194 244 2239 rus
258 2167 444 2266 episcopus
460 2194 543 2241 cum
555 2169 771 2242 exercitibus
784 2172 855 2241 suis
869 2168 970 2242 valde
983 2167 1249 2254 laboraverunt,

182 2284 378 2384 multisque
390 2282 506 2357 modis
519 2284 649 2358 urbem
663 2287 818 2385 aggressi
832 2301 933 2376 suut;
947 2300 1074 2358 contra
1090 2311 1183 2386 quos
1196 2282 1253 2358 ob

183 2400 264 2472 sessi
283 2401 376 2474 cives
393 2401 478 2474 totis
495 2400 632 2473 nisibus
649 2400 881 2475 obstiterunt.

233 2516 394 2591 Tandem
412 2516 597 2593 christiani
616 2519 723 2593 duces
740 2520 777 2592 in
797 2547 912 2594 unum
929 2534 1203 2610 convenerunt,
1221 2532 1252 2591 et

184 2636 253 2711 hoc
265 2637 395 2711 ordine
410 2638 584 2726 Nicaeam,
601 2639 779 2737 Bithyuiae
792 2639 935 2726 urbem,
952 2635 1190 2711 obsederunt.
1204 2636 1252 2709 Ex

184 2781 253 2827 unu
274 2773 376 2854 parte
392 2754 614 2829 obsederunt
628 2783 706 2829 eum
724 2756 955 2830 Buamundus
975 2773 1011 2830 et
1027 2755 1249 2842 Tancredus3

181 2873 282 2972 juxta
297 2900 401 2974 quos,
416 2902 498 2947 cum
509 2873 682 2946 fratribus
693 2876 777 2964 suis,
790 2876 863 2947 dux
873 2873 1108 2948 Goelesredus.
1127 2869 1252 2946 Deinde

185 2989 404 3080 bedbertus,
423 2990 604 3064 Flandrioe
622 3017 754 3081 comes,
771 3008 936 3064 strenuus
950 2993 1009 3063 vir
1024 3008 1062 3063 et
1076 2992 1181 3064 miles
1196 3016 1252 3061 au·

187 3106 392 3181 ducissimus
408 3109 478 3207 (ι).
493 3110 601 3181 Juxta
615 3108 712 3182 hunc
725 3109 945 3198 Rodbertus,
962 3109 1252 3183 Normannorum

187 3223 273 3314 dux,
292 3224 552 3324 etStephanus,
568 3227 795 3300 Curnotensis
809 3252 941 3314 comes,
956 3242 992 3299 et
1004 3228 1127 3326 Hugo,
1145 3248 1252 3299 comes

225 3536 265 3601 (ι)
278 3533 318 3587 Ce
330 3533 470 3604 seigneur,
483 3528 552 3584 dont
564 3529 588 3583 le
600 3532 680 3602 pire,
695 3529 973 3596 Robcrt·le·Frison,
990 3529 1080 3583 s'e'tait
1092 3526 1131 3582 lic
1141 3522 1252 3581 d’amitie‘

190 3621 374 3688 aemuleris,
389 3640 424 3675 cn
437 3631 546 3693 passant
560 3640 608 3691 par
621 3619 852 3692 Constantinople
866 3622 880 3673 u
896 3636 944 3672 sou
960 3628 1059 3672 retour
1071 3617 1106 3671 de
1121 3617 1146 3670 la
1163 3616 1252 3670 Terre·

190 3711 284 3767 Saiute
296 3731 331 3765 en
352 3711 433 3778 1088,
450 3722 479 3766 et
496 3712 567 3765 avait
587 3713 631 3765 dtc'
645 3711 746 3776 invite,
762 3710 835 3766 deux
851 3729 899 3765 ans
919 3711 982 3784 plus
1000 3709 1113 3776 tard,ia
1132 3707 1207 3761 venir
1223 3721 1252 3757 au

191 3820 302 3855 secours
318 3801 353 3855 de
368 3802 492 3874 l¹e1npire
505 3802 594 3869 Grec,
613 3820 641 3855 se
655 3810 800 3873 comporta
813 3810 842 3855 et
856 3801 900 3854 lut
913 3801 995 3854 truite
1008 3818 1044 3852 cn
1057 3798 1122 3852 aliie
1142 3796 1208 3850 daus
1219 3794 1252 3847 les

191 3892 336 3963 provinces
350 3891 417 3964 qu'il
428 3903 562 3960 traversa,
573 3912 607 3947 en
621 3893 730 3946 suivant
744 3892 770 3945 lc
783 3891 874 3945 meme
883 3891 1027 3945 itincraire
1040 3909 1097 3963 que
1110 3883 1250 3943 Roeruoud.

192 3980 215 4034 ll
229 3981 316 4033 arrira
330 3997 393 4032 sous
406 3980 444 4033 lcs
458 4001 533 4036 nrurs
547 3982 582 4035 ‹lc
595 3979 825 4052 Constantinople
838 3981 916 4052 aprus
931 3979 985 4047 lui,
998 3989 1024 4033 et
1040 3990 1123 4033 arant
1135 3976 1161 4031 le
1173 3983 1251 4030 comte

193 4070 227 4124 dc
241 4068 389 4124 Toulousr.
