2888 4934
180 418 242 477 286
458 413 641 474 HISTORIA
664 413 969 476 ecctssslasrtca.

180 549 285 621 ciales
302 546 346 619 de
365 561 438 621 tota
457 549 604 646 regione
625 545 770 619 adunati
789 563 890 635 sunt,
910 546 971 620 sed
992 548 1146 639 frustra,
1167 553 1246 652 quia

80 667 82 673 ’
181 661 360 737 marchiso
381 664 455 760 jam
474 679 629 735 mactato
648 662 834 763 suffragari
859 665 1117 763 nequiverunt.
1136 666 1247 740 Classe

181 795 299 852 tamen
316 794 452 877 parata,
463 779 594 876 piratas
606 804 672 878 per
686 805 785 851 mare
797 780 972 879 fugientes
981 780 1248 882 persequeban-

181 915 242 970 tur
259 899 365 970 nimis
384 898 518 983 tristes,
535 895 621 968 dum
634 914 740 995 caput
752 898 923 996 principis
936 899 987 970 sui
999 899 1248 997 supermalum

181 1016 310 1115 puppis
330 1013 572 1086 intuebantur.
594 1015 754 1113 Cumque
772 1013 990 1086 Grithsridus
1008 1031 1044 1086 et
1060 1016 1248 1114 complices

182 1134 232 1204 sui
248 1133 484 1230 respicerent,
505 1147 541 1202 et
557 1148 801 1229 persecutores
818 1133 925 1204 nimis
944 1132 1055 1205 iratos
1069 1159 1141 1231 pro
1157 1133 1248 1232 inju-

181 1252 234 1321 ria
254 1249 359 1321 herili
376 1247 623 1330 adverterent,
640 1265 745 1346 caput
764 1247 1025 1346 deposuerunt,
1041 1265 1078 1321 et
1096 1249 1133 1321 in
1157 1273 1248 1322 mare

181 1368 425 1466 projecerunt.
455 1366 535 1439 Hoc
563 1381 603 1436 ut
623 1364 774 1437 Roberti
806 1365 939 1437 milites
967 1380 1246 1463 conspexerunt,

180 1483 424 1584 nequidquam
434 1481 1247 1582 prosequihomicidasdesierunt.Corpusreru

182 1602 255 1700 ejus
282 1625 365 1672 cum
397 1598 508 1671 nimio
534 1599 632 1670 luctu
661 1597 866 1696 Anglorum
892 1615 928 1672 et
955 1598 1248 1672 Normannorum

182 1717 421 1802 sustulerunt,
436 1731 473 1786 et
485 1715 644 1787 Cestram
655 1715 881 1804 detulerunt,
895 1715 1016 1816 ibique
1032 1717 1068 1788 in
1083 1714 1246 1823 coenobio

182 1835 321 1908 Sanctae
351 1833 563 1934 Walburgae
589 1834 742 1934 virginis
760 1836 989 1933 sepelierunt.
1015 1833 1144 1931 Nuper
1169 1829 1246 1905 illud

182 1950 394 2025 coenobium
407 1952 513 2050 Hugo
528 1951 722 2023 Cestrensis
734 1950 857 2024 consul
873 1964 1137 2034 construxerat,
1154 1948 1245 2050 eique

182 2065 356 2140 Ricardus
378 2066 563 2139 Beceensis
586 2064 782 2139 monachus
807 2064 917 2137 abbas
938 2080 1114 2163 praeerat,
1138 2063 1245 2164 ibique

181 2183 259 2256 Deo
300 2180 562 2255 monachorum
601 2205 748 2281 gregem
790 2182 883 2255 inter
921 2179 1102 2254 belluinos
1141 2193 1244 2253 coetus

112 2327 113 2330 ¹
183 2298 400 2395 nutriebat(
425 2301 455 2396 ).

230 2412 1242 2515 PostaliquotannosErnaldusmonachus,Unlridifilisu,

184 2535 219 2605 in
238 2533 407 2633 Angliam
423 2533 685 2619 transfretavit,
704 2549 740 2604 et
756 2559 832 2606 ossa
846 2531 1021 2605 Radberti
1035 2532 1161 2604 fratris
1181 2530 1243 2617 sui,

183 2648 371 2722 Rodberto
383 2647 427 2721 de
441 2649 605 2737 Limesia,
622 2649 844 2721 Marciorum
853 2649 1020 2746 episcopo
1033 2648 1104 2746 (a),
1122 2670 1245 2721 conce·

182 2763 303 2853 dente,
320 2764 481 2849 sustulit,
493 2779 529 2835 et
543 2764 579 2836 in
595 2763 856 2836 Normanniam
870 2761 913 2834 ad
926 2763 1094 2835 Uticense
1110 2786 1245 2835 monas·

182 2883 314 2955 terium
336 2881 520 2954 transtulit
526 2911 537 2971 3
554 2907 635 2981 quae
654 2881 829 2980 Rogerius
848 2878 955 2951 abbas
971 2905 1054 2952 cum
1071 2892 1255 2951 conventu.

181 3001 334 3071 fratrum
352 2996 550 3071 honorifice
568 2998 740 3095 suscepit,
760 2998 852 3070 etin
878 2996 1032 3068 claustro
1052 2993 1244 3067 monacho-

182 3142 266 3187 rum
287 3140 386 3186 secus
416 3114 598 3186 ecclesiam
627 3114 663 3187 in
689 3112 885 3187 meridiana
910 3128 1012 3212 parte
1045 3112 1242 3184 tumulavit.

181 3232 352 3304 Praesatus
365 3229 564 3317 Ernaldus,
577 3257 658 3304 cum
673 3248 828 3330 quatuor
842 3229 1023 3303 nobilibus
1033 3231 1161 3319 sociis,
1179 3227 1248 3301 Wi-

181 3346 276 3421 done
291 3363 325 3419 et
338 3346 515 3446 Rogerio,
533 3348 704 3447 Drogone
730 3364 765 3418 et
787 3346 930 3435 Odone,
956 3348 993 3419 in
1017 3345 1246 3420 adolescentia

217 3566 257 3635 (r)
272 3567 308 3619 Le
325 3565 481 3620 monastero
498 3564 534 3620 de
551 3564 852 3637 Salute-Wemburge,
871 3563 955 3618 leude
969 3582 1019 3635 par
1034 3563 1139 3637 Falgar,
1159 3563 1200 3618 mi
1216 3559 1247 3616 tle

184 3654 300 3722 Mercie,
313 3673 348 3709 en
361 3654 428 3722 858,
442 3654 486 3710 fut
497 3673 533 3709 en
546 3655 610 3709 effet
624 3653 723 3709 retabli
740 3674 789 3727 par
807 3653 832 3708 le
846 3664 936 3708 comte
952 3655 1055 3727 Hugue
1067 3665 1096 3708 et
1108 3671 1138 3707 sa
1152 3653 1246 3708 femme

184 3741 383 3811 Ermentrude;
403 3745 472 3800 mais
487 3743 513 3798 la
528 3745 624 3799 charte
637 3743 672 3800 de
684 3743 810 3799 dotatiou
824 3742 863 3797 du
876 3761 1001 3798 nouveau
1014 3744 1173 3797 monestere
1184 3740 1247 3795 n’est

184 3851 239 3905 que
251 3831 287 3887 de
302 3832 378 3907 1093.

219 3927 260 3990 (a)
273 3923 380 3980 Robert
390 3923 425 3979 de
436 3925 551 3990 Limesi,
566 3926 670 3998 όνὲῳιε
680 3923 714 3977 dc
727 3923 872 3978 Lichtfield
886 3942 921 3978 en
935 3921 1000 3978 10⁸5
1014 3919 1063 3990 (25
1075 3918 1244 3991 decembre),

185 4021 341 4084 transporta
353 4010 379 4065 lc
392 4012 466 4085 sie'ge
475 4012 511 4066 de
524 4030 574 4067 son
586 4012 687 4067 trecha
697 4015 711 4065 a
722 4012 860 4083 Coventry
873 4011 898 4067 lc
914 4011 944 4068 18
954 4010 1023 4065 avril
1037 4030 1045 4063 ι
1056 4025 1119 4075 roa,
1132 4019 1161 4065 et
1172 4023 1246 4063 mou·

183 4113 230 4156 rot
245 4101 270 4156 lc
283 4099 318 4157 30
334 4100 401 4156 aotit
416 4121 492 4176 ¹¹¹7·
511 4102 559 4157 Sos
576 4119 747 4156 successeurs
764 4113 901 4175 prennent
915 4118 1015 4156 encore
1030 4094 1245 4170 aujourd’huile

181 4194 248 4248 titre
261 4191 407 4266 d'e'veques
421 4191 456 4248 de
471 4192 616 4247 Licbtlield
629 4192 702 4247 etde
714 4192 860 4264 Coventry.
