2888 4934
186 489 353 567 [ursas]
567 485 681 546 unm
702 485 858 547 snxrns.
1203 494 1237 550 71

186 618 307 718 fregit.
334 615 437 708 Quod
453 617 606 703 factum,
625 634 666 688 ut
688 615 854 689 omnibus
870 619 1152 690 manifestaretur
1168 622 1245 693 Deo

183 732 423 830 displicuisse,
440 758 513 805 nou
536 733 573 804 in
588 732 734 831 longum
748 759 866 831 passus
883 751 935 805 est
952 735 1106 806 inultum
1123 761 1243 809 rema-

185 874 285 924 nerc.
300 849 391 921 Nam
402 866 591 949 antequam
604 851 943 940 annusvolveretnr,
957 852 1125 950 praefatus
1134 852 1245 928 bomo

185 966 260 1038 vita
276 965 451 1064 privatur.

235 1085 278 1156 ln
303 1082 447 1156 basilica
473 1108 580 1182 quam
604 1085 710 1157 retuli
733 1085 894 1184 reginam
916 1085 1135 1177 condidisse,
1162 1086 1242 1161 dnm

184 1226 257 1273 arn
270 1216 354 1272 sunt
367 1215 582 1273 consecratae
590 1253 600 1286 ,
620 1226 772 1299 quarum
786 1222 856 1273 uns
868 1199 982 1274 dicata
996 1220 1050 1275 cst
1062 1220 1195 1277 sanate
1207 1219 1244 1277 tt

185 1315 378 1390 individnae
395 1317 563 1389 Trinitsti
573 1368 585 1406 ,
605 1317 715 1390 altera
735 1343 823 1391 vero
841 1319 982 1392 intactoe
998 1320 1160 1421 Virgini,
1176 1322 1242 1394 Dei

183 1433 365 1533 genitrici.
384 1433 514 1505 Fertur·
531 1431 628 1533 quod
646 1432 697 1506 ibi
712 1434 820 1507 fuen't
834 1433 1043 1515 coenobium
1055 1438 1246 1509 sanctimo-

184 1550 352 1636 nialium,
374 1574 516 1623 necnon
542 1551 758 1624 cimiterium
787 1550 1047 1624 monachorum
1067 1569 1103 1625 et
1127 1551 1242 1626 subli-

183 1667 297 1738 mium
319 1667 501 1756 virorum,
520 1691 675 1766 quorum
692 1668 777 1740 illuc
802 1667 970 1740 cadavera
991 1667 1242 1768 bajulabantur

183 1782 225 1856 ad
252 1781 514 1881 sepeliendum,
534 1785 616 1882 quia
642 1785 680 1856 in
700 1783 797 1856 valle·
811 1784 977 1882 palustris
994 1783 1122 1859 humus
1140 1801 1240 1874 esst,

185 1915 220 1973 et
235 1900 274 1972 in
289 1898 405 1973 hieme
419 1901 549 1999 passim
562 1900 647 1975 dum
664 1899 859 1993 foderetur,
875 1902 1015 2001 lympha
1028 1928 1113 1977 mox
1129 1919 1242 1976 scatu-

184 2015 321 2103 riebat,
343 2041 561 2116 manansque
580 2019 718 2091 fossam
734 2018 812 2091 fons
828 2015 1058 2116 adimplebat,
1080 2016 1185 2091 Unde
1202 2020 1238 2090 in

184 2131 352 2231 predicta
370 2133 447 2205 oedc
463 2134 622 2233 Virginis
634 2133 759 2207 Matris
770 2133 925 2230 plurima
942 2133 1089 2232 insignis
1103 2131 1241 2205 babita-

185 2247 291 2322 tionis
307 2247 436 2321 indicia
453 2247 671 2347 panduntur,
688 2265 724 2322 ct
737 2273 846 2348 ungue
859 2249 898 2321 in
916 2246 1132 2322 hodiernum
1144 2246 1240 2321 diem

185 2363 412 2439 honorabiles
425 2364 558 2438 ibidem
570 2366 739 2465 sarcofagi
755 2381 955 2453 servantur,
977 2366 1040 2465 qni
1061 2363 1241 2463 spectabi-

185 2479 272 2553 lium
294 2482 398 2553 fuisse
419 2507 652 2581 personarum
674 2483 749 2556 sine
766 2481 934 2580 scrupulo
950 2479 1159 2555 creduntur.
1177 2482 1241 2553 llis

186 2596 229 2668 ita
250 2621 288 2670 se
311 2595 544 2684 habentibus,
574 2596 617 2671 ad
640 2624 679 2671 es
707 2596 883 2672 narranda
908 2622 989 2697 qum
1016 2613 1152 2670 restam
1175 2620 1240 2669 ve-

187 2738 334 2786 numus.

226 2833 296 2909 Vir
310 2833 387 2906 Ilso
400 2834 544 2932 plenus,
560 2850 600 2905 ut
613 2833 850 2933 frumentium
861 2833 905 2905 ad
920 2859 956 2906 se
973 2831 1240 2905 adventantium

188 2975 218 3021 se
229 2951 327 3022 ferre
341 2974 415 3021 non
435 2976 534 3049 posse
547 2949 654 3038 vidit,
673 2976 775 3021 suum
787 2948 894 3048 digne
911 2950 1166 3023 monasterium
1178 2974 1240 3022 or·

185 3067 333 3155 dinavit,
346 3069 499 3141 latenter
513 3066 595 3140 inde
607 3068 759 3155 secessit,
774 3085 811 3141 et
827 3068 865 3141 in
880 3085 1002 3167 crypta
1014 3065 1164 3168 quadam
1175 3092 1241 3165 per

187 3203 253 3260 tres
264 3211 379 3260 anuos
397 3187 444 3257 ita
468 3184 628 3272 delituit,
647 3187 814 3284 quatinus
829 3187 964 3259 anullo
980 3184 1240 3259 monachorum

185 3307 323 3403 penitus
346 3308 510 3388 sciretur,
537 3320 685 3402 excepto
709 3329 783 3376 uno
810 3305 955 3376 nomine
989 3301 1151 3393 Malcho,
1178 3304 1242 3402 qui

185 3419 313 3495 filiolus
343 3419 414 3492 viri
439 3421 503 3494 Dei
528 3437 622 3508 erat,
647 3421 853 3519 caeterisque
882 3419 1092 3504 familiarior
1113 3445 1240 3490 arcana

185 3537 254 3634 ejus
278 3551 442 3610 noverat.
465 3536 595 3635 Crypta
616 3562 703 3609 vero
718 3540 784 3609 sub
805 3552 929 3609 monte
940 3533 1112 3608 frondoso
1128 3559 1240 3632 prope

187 3654 340 3726 rivulum
357 3669 433 3726 erat
442 3708 453 3742 ,
467 3669 538 3726 eta
557 3656 774 3729 monasterio
790 3655 863 3727 fere
873 3651 1017 3725 dimidia
1030 3652 1130 3753 leuga
1143 3652 1242 3725 dista·

187 3768 245 3844 hat
259 3773 332 3870 (1).
349 3771 518 3846 Diabolus
536 3788 667 3863 sutem,
686 3773 849 3847 omnium
864 3769 1044 3845 bonorum
1060 3770 1237 3862 inimicus,

186 3886 307 3962 videns
328 3891 454 3962 fratres
471 3891 508 3961 in
524 3888 629 3962 bonis
648 3914 848 3961 excrescere
864 3888 1051 3987 operibus,
1070 3889 1167 3960 nisus
1188 3905 1240 3961 cst

218 4166 257 4235 (ι)
276 4165 357 4221 cerne
377 4175 472 4238 crypta
490 4165 778 4238 etaitprobablcment
798 4165 865 4221 (lans
883 4166 907 4220 le
927 4165 1063 4238 voisinnge
1084 4165 1118 4220 de
1130 4164 1156 4220 la
1177 4165 1239 4220 fou·

192 4252 260 4308 taine
273 4239 489 4309 saint-Ermult.
644 4244 647 4249 ⁴
