2888 4934
230 397 293 456 602
508 387 696 452 fflsroltls
715 384 1022 449 memisstlcs.
1088 391 1193 466 [auaro
1209 387 1308 464 10⁹9]

231 521 438 625 pectoribus
451 519 624 620 oppositis
636 518 758 609 turbas
769 518 886 593 contis
894 515 1099 616 depellunt,
1115 517 1309 616 oppositos

230 640 433 726 dissicinnt,
450 638 694 738 unusquisque
705 662 809 712 suum
823 635 952 715 sternit
963 633 1078 717 humi.
1092 635 1154 709 Ex
1166 635 1311 733 impro-

231 757 308 830 viso
331 755 447 856 ignari
472 770 684 854 supersunt,
706 769 744 826 et
759 777 839 834 rem
855 766 969 825 totam
983 749 1110 851 gladiis
1128 750 1309 824 oommit-

232 889 338 959 tnnt‚
372 873 520 971 Deoque
549 871 698 970 juvante
731 867 1011 968 prevaluerunt.
1045 864 1195 940 Ethnici
1232 865 1307 940 duo
1394 862 1400 883 “

233 1016 356 1063 rursus
380 989 523 1089 agmina
547 1003 720 1078 statuere,
748 999 914 1084 putantes
932 1008 970 1057 se
991 1009 1093 1083 posse
1115 981 1303 1072 resistere,

234 1129 300 1180 nee
324 1105 509 1204 quippiam
533 1103 729 1203 profecere.
754 1101 883 1177 Franci
908 1099 1029 1177 denuo
1049 1099 1222 1173 ferociter
1244 1125 1311 1173 eos.

234 1224 458 1312 invaserunt,
485 1246 636 1322 suosque
655 1218 702 1294 ab
725 1220 861 1318 impetu
887 1216 950 1291 illo
967 1217 1019 1291 sie
1036 1215 1302 1305 liberaverunt3

232 1355 382 1439 excepto
404 1337 503 1438 quod
535 1335 763 1425 sehardum,
787 1335 940 1409 militem
964 1332 1242 1407 audacissimum
1269 1351 1307 1407 et

233 1456 372 1556 aliquot
387 1481 431 1529 ex
454 1453 634 1554 peditibus
653 1454 704 1528 ibi
726 1453 934 1527 amiserunt.
955 1452 1149 1551 Fugientes
1163 1453 1306 1526 Turesis

232 1574 306 1645 lere
321 1571 366 1645 ad
382 1588 538 1673 quatuor
555 1572 721 1644 milliaria
740 1569 891 1643 insecuti
905 1584 1006 1658 sunt,
1021 1583 1059 1641 et
1073 1568 1200 1667 plures
1221 1595 1305 1641 cus-

233 1687 374 1784 pidibus
385 1689 498 1761 acutis
510 1686 761 1762 confoderunt.
774 1686 929 1759 Centum
940 1685 1048 1757 etiam
1059 1700 1097 1758 et
1107 1700 1182 1758 tres
1195 1710 1305 1784 equos

232 1803 480 1892 retinuerunt,
505 1820 541 1876 et
562 1829 677 1877 unum
699 1802 883 1875 hominem
906 1801 1047 1887 vivum,
1071 1803 1134 1901 qui
1161 1817 1305 1875 coactus

233 1921 416 1995 enarravit
432 1919 682 2019 perordinem
704 1942 942 2019 quaecumque
956 1916 1172 1993 Christianis
1188 1945 1306 2018 oppa-

234 2037 424 2115 rabuntur.

281 2155 324 2225 ln
340 2153 528 2229 obsidione
553 2155 700 2227 interim
715 2155 789 2226 sitis
810 2152 1001 2228 vehemens
1018 2151 1251 2250 grassabatur
1269 2170 1307 2225 et

233 2270 451 2366 perurgebat
465 2270 697 2343 Christianos.
715 2267 938 2342 Ducentibus
949 2292 1059 2368 equos
1071 2268 1117 2341 ad
1132 2285 1308 2369 aquatum
1356 2357 1363 2377 .

232 2409 299 2482 per
312 2409 371 2456 sex
389 2385 555 2456 milliaria
572 2387 722 2483 gentiles
736 2385 1010 2473 insidiabantur,
1024 2404 1061 2460 et
1077 2413 1121 2460 ex
1137 2387 1306 2460 locorum

234 2499 406 2597 angustiis
426 2499 585 2598 graviter
614 2525 673 2573 eos
696 2500 991 2575 adversabantur.
1013 2501 1158 2575 Cedros
1184 2518 1222 2574 et
1245 2503 1306 2573 alii

233 2633 413 2691 torrentes
439 2618 579 2690 enormi
608 2634 697 2689 testu
712 2635 894 2690 aruerant.
918 2620 1022 2690 Panis
1038 2616 1252 2691 hordeiceus
1269 2621 1305 2692 in

234 2733 357 2805 castris
381 2748 458 2804 erat
476 2733 665 2829 pretiosus.
683 2731 880 2831 Indigetes,
900 2733 936 2804 in
960 2735 1121 2805 cavernis
1143 2734 1203 2805 vel
1222 2760 1306 2832 spe-

235 2848 350 2921 luncis
366 2848 628 2934 delitescentes,
648 2867 866 2923 commeatus
882 2875 1006 2925 omnes
1022 2849 1293 2923 abdicaverant.

283 2963 465 3062 Designati
491 2964 671 3062 principes
695 2965 740 3037 ad
765 2966 954 3039 consilium
973 2982 1248 3057 convenerunt,
1273 2983 1311 3040 et

234 3078 321 3179 quid
337 3080 386 3151 eis
406 3082 444 3152 in
462 3082 570 3152 tantis
588 3081 848 3155 calamitatibus
864 3082 1071 3183 agitandum
1091 3085 1206 3172 leret,
1228 3086 1307 3157 elo-

235 3197 306 3268 cuti
329 3213 424 3269 sunt.
449 3198 628 3270 Dixeruut
651 3225 738 3297 ergo
763 3231 771 3270 :
794 3204 990 3300 Aizgnstioe
1014 3218 1098 3273 sunt
1124 3203 1304 3301 trudique

228 3318 342 3414 panis
365 3314 504 3414 defici&
527 3343 627 3415 aquo
648 3317 760 3388 deest.
782 3317 861 3389 Nos
885 3321 956 3418 ipsi
975 3319 1137 3414 graviter
1155 3318 1305 3390 obside-

233 3459 327 3520 mur,
347 3431 435 3503 dum
456 3435 637 3506 civitatem
656 3436 764 3515 istam
782 3463 849 3508 nos
866 3434 1051 3508 obsedisse
1067 3436 1303 3510 arbitramur.

234 3547 364 3619 Extra
377 3564 502 3621 eastra
514 3552 587 3620 vix
600 3553 702 3622 exire
718 3550 916 3640 audemus,
934 3568 967 3623 et
984 3569 1070 3624 tune
1087 3557 1199 3624 vacui
1216 3553 1307 3625 redi·

234 3688 326 3733 raris.
354 3667 420 3737 Ea
443 3666 555 3766 longa
577 3693 677 3739 mora
696 3670 888 3768 petrariam
910 3669 1006 3740 hone
1032 3675 1286 3742 contrariantes
1290 3706 1306 3759 ‚-

235 3795 269 3849 et
285 3783 357 3850 nisi
369 3786 665 3880 prceeaverimus,
677 3787 881 3883 graviorem
896 3786 1163 3859 contrahemus.
1180 3790 1307 3861 Armis

235 3895 436 3971 attractio
453 3906 529 3973 sine
548 3902 726 3975 aeschinis
747 3903 841 3975 Itane
861 3903 984 3975 urbem
1005 3931 1225 4005 expugnare
1241 3932 1308 3977 ne-

235 4012 391 4108 quimus.
422 4013 575 4087 Obstant
610 4021 706 4091 rasari
730 4039 762 4091 et
783 4022 1066 4121 propugnacula
1103 4039 1137 4091 et
1166 4040 1307 4108 turres;

236 4127 396 4222 obstant,
416 4136 480 4231 qui
492 4137 709 4210 intrinsecus
724 4137 949 4229 redundant,
968 4134 1181 4235 defensores.
1202 4140 1310 4245 Quid
