<?xml version="1.0" encoding="UTF-8"?>
<!DOCTYPE html PUBLIC "-//W3C//DTD XHTML 1.0 Transitional//EN"
    "http://www.w3.org/TR/xhtml1/DTD/xhtml1-transitional.dtd">
<html xmlns="http://www.w3.org/1999/xhtml" xml:lang="en" lang="en">
 <head>
  <title>
</title>
<meta http-equiv="Content-Type" content="text/html;charset=utf-8" />
  <meta name='ocr-system' content='tesseract 3.04.00' />
  <meta name='ocr-capabilities' content='ocr_page ocr_carea ocr_par ocr_line ocrx_word'/>
</head>
<body>
  <div class='ocr_page' id='page_1' title='image "./ordericivitalis05deligoog_0183.png"; bbox 0 0 2888 4934; ppageno 0'>
   <div class='ocr_carea' id='block_1_1' title="bbox 185 402 1204 519">
    <p class='ocr_par' dir='ltr' id='par_1_1' title="bbox 185 402 1204 519">
     <span class='ocr_line' id='line_1_1' title="bbox 185 402 1204 519; baseline 0.001 -20"><span class='ocrx_word' id='word_1_1' title='bbox 185 402 252 500; x_wconf 64' lang='grc' dir='ltr'>ιη’</span> <span class='ocrx_word' id='word_1_2' title='bbox 458 436 643 497; x_wconf 76' lang='lat' dir='ltr'>maruan</span> <span class='ocrx_word' id='word_1_3' title='bbox 665 436 970 498; x_wconf 74' lang='lat' dir='ltr'>accursusrrcs.</span> <span class='ocrx_word' id='word_1_4' title='bbox 1137 440 1204 519; x_wconf 77' lang='lat' dir='ltr'>[tot</span> 
     </span>
    </p>
   </div>
   <div class='ocr_carea' id='block_1_2' title="bbox 112 566 1204 3017">
    <p class='ocr_par' dir='ltr' id='par_1_2' title="bbox 112 566 1204 3017">
     <span class='ocr_line' id='line_1_2' title="bbox 181 566 1204 671; baseline -0.002 -29"><span class='ocrx_word' id='word_1_5' title='bbox 181 569 248 643; x_wconf 89' lang='lat' dir='ltr'>bus</span> <span class='ocrx_word' id='word_1_6' title='bbox 278 568 473 667; x_wconf 84' lang='lat' dir='ltr'>provinciis</span> <span class='ocrx_word' id='word_1_7' title='bbox 497 566 810 656; x_wconf 79' lang='lat' dir='ltr'><strong>contraherentur,</strong></span> <span class='ocrx_word' id='word_1_8' title='bbox 834 567 985 667; x_wconf 85' lang='lat' dir='ltr'>quadam</span> <span class='ocrx_word' id='word_1_9' title='bbox 1013 566 1204 671; x_wconf 47' lang='lat' dir='ltr'>difflari,</span> 
     </span>
     <span class='ocr_line' id='line_1_3' title="bbox 182 685 1204 787; baseline 0.003 -29"><span class='ocrx_word' id='word_1_10' title='bbox 182 685 410 759; x_wconf 84' lang='lat' dir='ltr'>Buamundus</span> <span class='ocrx_word' id='word_1_11' title='bbox 440 712 522 758; x_wconf 90' lang='lat' dir='ltr'>cum</span> <span class='ocrx_word' id='word_1_12' title='bbox 551 687 810 787; x_wconf 87' lang='lat' dir='ltr'>quinquaginta</span> <span class='ocrx_word' id='word_1_13' title='bbox 837 685 1009 759; x_wconf 81' lang='lat' dir='ltr'>militibus</span> <span class='ocrx_word' id='word_1_14' title='bbox 1035 685 1204 786; x_wconf 71' lang='lat' dir='ltr'>pabulatu</span> 
     </span>
     <span class='ocr_line' id='line_1_4' title="bbox 112 803 1204 905; baseline 0.004 -29"><span class='ocrx_word' id='word_1_15' title='bbox 112 874 121 893; x_wconf 75' lang='grc'><strong>,</strong></span> <span class='ocrx_word' id='word_1_16' title='bbox 181 804 358 902; x_wconf 85' lang='lat' dir='ltr'>perrexit,</span> <span class='ocrx_word' id='word_1_17' title='bbox 380 819 418 877; x_wconf 85' lang='lat' dir='ltr'>et</span> <span class='ocrx_word' id='word_1_18' title='bbox 441 805 648 904; x_wconf 78' lang='lat' dir='ltr'>quingentis</span> <span class='ocrx_word' id='word_1_19' title='bbox 669 803 866 895; x_wconf 75' lang='lat' dir='ltr'>militibus,</span> <span class='ocrx_word' id='word_1_20' title='bbox 883 806 944 905; x_wconf 91' lang='lat' dir='ltr'>qui</span> <span class='ocrx_word' id='word_1_21' title='bbox 961 803 1111 879; x_wconf 84' lang='lat' dir='ltr'>obsessis</span> <span class='ocrx_word' id='word_1_22' title='bbox 1130 804 1204 881; x_wconf 78' lang='lat' dir='ltr'>adn</span> 
     </span>
     <span class='ocr_line' id='line_1_5' title="bbox 182 920 1204 1020; baseline 0.002 -27"><span class='ocrx_word' id='word_1_23' title='bbox 182 920 389 1011; x_wconf 85' lang='lat' dir='ltr'>niculaturi‚</span> <span class='ocrx_word' id='word_1_24' title='bbox 402 920 1204 1020; x_wconf 69' lang='lat' dir='ltr'>exercitumexpeditipraeibantsorteobriu</span> 
     </span>
     <span class='ocr_line' id='line_1_6' title="bbox 181 1036 1204 1128; baseline 0.005 -19"><span class='ocrx_word' id='word_1_25' title='bbox 181 1037 267 1110; x_wconf 85' lang='lat' dir='ltr'>Mox</span> <span class='ocrx_word' id='word_1_26' title='bbox 283 1053 323 1109; x_wconf 92' lang='lat' dir='ltr'>ut</span> <span class='ocrx_word' id='word_1_27' title='bbox 336 1062 410 1110; x_wconf 89' lang='lat' dir='ltr'>sese</span> <span class='ocrx_word' id='word_1_28' title='bbox 431 1053 557 1110; x_wconf 91' lang='lat' dir='ltr'>mutuo</span> <span class='ocrx_word' id='word_1_29' title='bbox 567 1036 755 1128; x_wconf 84' lang='lat' dir='ltr'>viderunt,</span> <span class='ocrx_word' id='word_1_30' title='bbox 769 1064 853 1111; x_wconf 83' lang='lat' dir='ltr'>vere</span> <span class='ocrx_word' id='word_1_31' title='bbox 871 1056 1051 1112; x_wconf 83' lang='lat' dir='ltr'>certamen</span> <span class='ocrx_word' id='word_1_32' title='bbox 1072 1039 1204 1115; x_wconf 82' lang='lat' dir='ltr'>inierru</span> 
     </span>
     <span class='ocr_line' id='line_1_7' title="bbox 181 1145 1204 1253; baseline 0.006 -27"><span class='ocrx_word' id='word_1_33' title='bbox 181 1156 298 1229; x_wconf 88' lang='lat' dir='ltr'>Porro</span> <span class='ocrx_word' id='word_1_34' title='bbox 313 1156 445 1243; x_wconf 89' lang='lat' dir='ltr'>Danai,</span> <span class='ocrx_word' id='word_1_35' title='bbox 464 1153 762 1229; x_wconf 88' lang='lat' dir='ltr'>Normannorum</span> <span class='ocrx_word' id='word_1_36' title='bbox 788 1145 964 1253; x_wconf 86' lang='lat' dir='ltr'>impetum</span> <span class='ocrx_word' id='word_1_37' title='bbox 981 1182 1054 1231; x_wconf 92' lang='lat' dir='ltr'>non</span> <span class='ocrx_word' id='word_1_38' title='bbox 1072 1157 1204 1232; x_wconf 76' lang='lat' dir='ltr'>serena</span> 
     </span>
     <span class='ocr_line' id='line_1_8' title="bbox 181 1271 1204 1373; baseline 0.004 -29"><span class='ocrx_word' id='word_1_39' title='bbox 181 1288 280 1372; x_wconf 85' lang='lat' dir='ltr'>terga</span> <span class='ocrx_word' id='word_1_40' title='bbox 295 1287 504 1363; x_wconf 85' lang='lat' dir='ltr'>verterunt,</span> <span class='ocrx_word' id='word_1_41' title='bbox 515 1273 716 1373; x_wconf 85' lang='lat' dir='ltr'>multasque</span> <span class='ocrx_word' id='word_1_42' title='bbox 727 1271 913 1347; x_wconf 83' lang='lat' dir='ltr'>manubias</span> <span class='ocrx_word' id='word_1_43' title='bbox 922 1274 1135 1348; x_wconf 87' lang='lat' dir='ltr'>amiserunt.</span> <span class='ocrx_word' id='word_1_44' title='bbox 1147 1272 1204 1361; x_wconf 74' lang='lat' dir='ltr'>Tu</span> 
     </span>
     <span class='ocr_line' id='line_1_9' title="bbox 178 1387 1204 1489; baseline 0.006 -28"><span class='ocrx_word' id='word_1_45' title='bbox 178 1413 311 1462; x_wconf 81' lang='lat' dir='ltr'>aeream</span> <span class='ocrx_word' id='word_1_46' title='bbox 329 1413 473 1463; x_wconf 89' lang='lat' dir='ltr'>crucem</span> <span class='ocrx_word' id='word_1_47' title='bbox 492 1387 749 1486; x_wconf 87' lang='lat' dir='ltr'>perdiderunt,</span> <span class='ocrx_word' id='word_1_48' title='bbox 769 1415 876 1489; x_wconf 87' lang='lat' dir='ltr'>quam</span> <span class='ocrx_word' id='word_1_49' title='bbox 903 1389 1204 1467; x_wconf 79' lang='lat' dir='ltr'>Constantinusit</span> 
     </span>
     <span class='ocr_line' id='line_1_10' title="bbox 181 1503 1200 1604; baseline 0.004 -27"><span class='ocrx_word' id='word_1_50' title='bbox 181 1520 341 1604; x_wconf 84' lang='lat' dir='ltr'>perator,</span> <span class='ocrx_word' id='word_1_51' title='bbox 358 1520 581 1604; x_wconf 87' lang='lat' dir='ltr'>pugnaturus</span> <span class='ocrx_word' id='word_1_52' title='bbox 600 1521 727 1579; x_wconf 87' lang='lat' dir='ltr'>contra</span> <span class='ocrx_word' id='word_1_53' title='bbox 745 1503 981 1594; x_wconf 74' lang='lat' dir='ltr'>Maxentium,</span> <span class='ocrx_word' id='word_1_54' title='bbox 1000 1506 1073 1578; x_wconf 87' lang='lat' dir='ltr'>visa</span> <span class='ocrx_word' id='word_1_55' title='bbox 1085 1530 1200 1581; x_wconf 76' lang='lat' dir='ltr'>oruoe</span> 
     </span>
     <span class='ocr_line' id='line_1_11' title="bbox 120 1614 1204 1725; baseline 0.002 -28"><span class='ocrx_word' id='word_1_56' title='bbox 120 1614 125 1623; x_wconf 73' lang='grc'>’</span> <span class='ocrx_word' id='word_1_57' title='bbox 181 1622 455 1711; x_wconf 80' lang='lat' dir='ltr'>coelo,lecerat.</span> <span class='ocrx_word' id='word_1_58' title='bbox 470 1622 671 1697; x_wconf 81' lang='lat' dir='ltr'>Redeuntes</span> <span class='ocrx_word' id='word_1_59' title='bbox 682 1625 802 1725; x_wconf 83' lang='lat' dir='ltr'>itaque</span> <span class='ocrx_word' id='word_1_60' title='bbox 812 1623 856 1697; x_wconf 90' lang='lat' dir='ltr'>de</span> <span class='ocrx_word' id='word_1_61' title='bbox 866 1624 1037 1698; x_wconf 87' lang='lat' dir='ltr'>conflictu</span> <span class='ocrx_word' id='word_1_62' title='bbox 1046 1622 1204 1699; x_wconf 66' lang='lat' dir='ltr'>Nomia</span> 
     </span>
     <span class='ocr_line' id='line_1_12' title="bbox 181 1740 1204 1841; baseline 0.003 -29"><span class='ocrx_word' id='word_1_63' title='bbox 181 1740 350 1841; x_wconf 89' lang='lat' dir='ltr'>gaudium</span> <span class='ocrx_word' id='word_1_64' title='bbox 365 1741 490 1841; x_wconf 88' lang='lat' dir='ltr'>ingens</span> <span class='ocrx_word' id='word_1_65' title='bbox 501 1757 538 1815; x_wconf 87' lang='lat' dir='ltr'>et</span> <span class='ocrx_word' id='word_1_66' title='bbox 550 1742 712 1814; x_wconf 85' lang='lat' dir='ltr'>victoriae</span> <span class='ocrx_word' id='word_1_67' title='bbox 730 1767 830 1841; x_wconf 88' lang='lat' dir='ltr'>spem</span> <span class='ocrx_word' id='word_1_68' title='bbox 844 1742 950 1815; x_wconf 83' lang='lat' dir='ltr'>sociis</span> <span class='ocrx_word' id='word_1_69' title='bbox 966 1740 1204 1815; x_wconf 76' lang='lat' dir='ltr'>intuleruntl</span> 
     </span>
     <span class='ocr_line' id='line_1_13' title="bbox 181 1857 1204 1961; baseline -0.001 -29"><span class='ocrx_word' id='word_1_70' title='bbox 181 1859 270 1960; x_wconf 88' lang='lat' dir='ltr'>lasgi</span> <span class='ocrx_word' id='word_1_71' title='bbox 284 1876 405 1934; x_wconf 87' lang='lat' dir='ltr'>autem</span> <span class='ocrx_word' id='word_1_72' title='bbox 423 1859 669 1960; x_wconf 86' lang='lat' dir='ltr'>gravissimum</span> <span class='ocrx_word' id='word_1_73' title='bbox 684 1858 848 1934; x_wconf 90' lang='lat' dir='ltr'>dolorem</span> <span class='ocrx_word' id='word_1_74' title='bbox 870 1876 907 1933; x_wconf 88' lang='lat' dir='ltr'>et</span> <span class='ocrx_word' id='word_1_75' title='bbox 926 1857 1163 1933; x_wconf 84' lang='lat' dir='ltr'>diffidentiam</span> <span class='ocrx_word' id='word_1_76' title='bbox 1183 1882 1204 1961; x_wconf 67' lang='lat' dir='ltr'>g</span> 
     </span>
     <span class='ocr_line' id='line_1_14' title="bbox 180 1976 1204 2078; baseline 0.001 -28"><span class='ocrx_word' id='word_1_77' title='bbox 180 1978 305 2052; x_wconf 89' lang='lat' dir='ltr'>amissa</span> <span class='ocrx_word' id='word_1_78' title='bbox 327 2003 434 2053; x_wconf 86' lang='lat' dir='ltr'>cruce</span> <span class='ocrx_word' id='word_1_79' title='bbox 451 1978 597 2052; x_wconf 89' lang='lat' dir='ltr'>Domini</span> <span class='ocrx_word' id='word_1_80' title='bbox 621 1976 845 2068; x_wconf 79' lang='lat' dir='ltr'>habueruut,</span> <span class='ocrx_word' id='word_1_81' title='bbox 865 2004 972 2078; x_wconf 90' lang='lat' dir='ltr'>quam</span> <span class='ocrx_word' id='word_1_82' title='bbox 996 1976 1204 2053; x_wconf 73' lang='lat' dir='ltr'>maximnm</span> 
     </span>
     <span class='ocr_line' id='line_1_15' title="bbox 182 2075 1204 2171; baseline -0.002 -2"><span class='ocrx_word' id='word_1_83' title='bbox 182 2095 319 2171; x_wconf 90' lang='lat' dir='ltr'>talento</span> <span class='ocrx_word' id='word_1_84' title='bbox 336 2075 514 2169; x_wconf 76' lang='lat' dir='ltr'>redimere</span> <span class='ocrx_word' id='word_1_85' title='bbox 530 2095 688 2169; x_wconf 91' lang='lat' dir='ltr'>multum</span> <span class='ocrx_word' id='word_1_86' title='bbox 708 2094 978 2169; x_wconf 86' lang='lat' dir='ltr'>laboraverunt.</span> <span class='ocrx_word' id='word_1_87' title='bbox 999 2094 1141 2169; x_wconf 86' lang='lat' dir='ltr'>Verum</span> <span class='ocrx_word' id='word_1_88' title='bbox 1157 2092 1204 2167; x_wconf 74' lang='lat' dir='ltr'>W</span> 
     </span>
     <span class='ocr_line' id='line_1_16' title="bbox 181 2209 1199 2313; baseline -0.003 -26"><span class='ocrx_word' id='word_1_89' title='bbox 181 2212 307 2287; x_wconf 88' lang='lat' dir='ltr'>cardus</span> <span class='ocrx_word' id='word_1_90' title='bbox 323 2212 431 2286; x_wconf 89' lang='lat' dir='ltr'>talem</span> <span class='ocrx_word' id='word_1_91' title='bbox 443 2228 640 2286; x_wconf 88' lang='lat' dir='ltr'>mercatum</span> <span class='ocrx_word' id='word_1_92' title='bbox 653 2236 759 2312; x_wconf 90' lang='lat' dir='ltr'>agere</span> <span class='ocrx_word' id='word_1_93' title='bbox 775 2211 964 2312; x_wconf 89' lang='lat' dir='ltr'>indignum</span> <span class='ocrx_word' id='word_1_94' title='bbox 974 2209 1099 2302; x_wconf 86' lang='lat' dir='ltr'>duxit,</span> <span class='ocrx_word' id='word_1_95' title='bbox 1111 2211 1199 2313; x_wconf 76' lang='lat' dir='ltr'>quin</span> 
     </span>
     <span class='ocr_line' id='line_1_17' title="bbox 183 2328 1204 2428; baseline 0.003 -28"><span class='ocrx_word' id='word_1_96' title='bbox 183 2329 219 2403; x_wconf 90' lang='lat' dir='ltr'>in</span> <span class='ocrx_word' id='word_1_97' title='bbox 234 2355 341 2404; x_wconf 87' lang='lat' dir='ltr'>cruce</span> <span class='ocrx_word' id='word_1_98' title='bbox 358 2355 426 2428; x_wconf 88' lang='lat' dir='ltr'>pro</span> <span class='ocrx_word' id='word_1_99' title='bbox 443 2330 577 2402; x_wconf 86' lang='lat' dir='ltr'>virtute</span> <span class='ocrx_word' id='word_1_100' title='bbox 590 2328 721 2401; x_wconf 88' lang='lat' dir='ltr'>Christi</span> <span class='ocrx_word' id='word_1_101' title='bbox 736 2329 926 2428; x_wconf 88' lang='lat' dir='ltr'>pretiosius</span> <span class='ocrx_word' id='word_1_102' title='bbox 938 2330 1039 2402; x_wconf 92' lang='lat' dir='ltr'>omni</span> <span class='ocrx_word' id='word_1_103' title='bbox 1057 2352 1151 2403; x_wconf 89' lang='lat' dir='ltr'>auro</span> <span class='ocrx_word' id='word_1_104' title='bbox 1164 2352 1204 2403; x_wconf 71' lang='lat' dir='ltr'>ml</span> 
     </span>
     <span class='ocr_line' id='line_1_18' title="bbox 183 2446 1204 2548; baseline 0.005 -30"><span class='ocrx_word' id='word_1_105' title='bbox 183 2448 307 2520; x_wconf 84' lang='lat' dir='ltr'>mavit.</span> <span class='ocrx_word' id='word_1_106' title='bbox 323 2449 425 2521; x_wconf 85' lang='lat' dir='ltr'>Hauc</span> <span class='ocrx_word' id='word_1_107' title='bbox 447 2448 566 2548; x_wconf 84' lang='lat' dir='ltr'>itaque</span> <span class='ocrx_word' id='word_1_108' title='bbox 589 2473 733 2521; x_wconf 84' lang='lat' dir='ltr'>crucem</span> <span class='ocrx_word' id='word_1_109' title='bbox 749 2473 870 2520; x_wconf 87' lang='lat' dir='ltr'>secum</span> <span class='ocrx_word' id='word_1_110' title='bbox 885 2448 921 2519; x_wconf 92' lang='lat' dir='ltr'>in</span> <span class='ocrx_word' id='word_1_111' title='bbox 945 2447 1069 2519; x_wconf 90' lang='lat' dir='ltr'>multis</span> <span class='ocrx_word' id='word_1_112' title='bbox 1084 2446 1204 2546; x_wconf 77' lang='lat' dir='ltr'>periet</span> 
     </span>
     <span class='ocr_line' id='line_1_19' title="bbox 183 2563 1204 2665; baseline 0.003 -29"><span class='ocrx_word' id='word_1_113' title='bbox 183 2564 342 2663; x_wconf 89' lang='lat' dir='ltr'>portavit</span> <span class='ocrx_word' id='word_1_114' title='bbox 349 2619 360 2653; x_wconf 88' lang='lat'><strong>,</strong></span> <span class='ocrx_word' id='word_1_115' title='bbox 384 2591 492 2665; x_wconf 86' lang='lat' dir='ltr'>quam</span> <span class='ocrx_word' id='word_1_116' title='bbox 515 2581 769 2664; x_wconf 81' lang='lat' dir='ltr'>postmortem</span> <span class='ocrx_word' id='word_1_117' title='bbox 789 2566 864 2663; x_wconf 83' lang='lat' dir='ltr'>ejus</span> <span class='ocrx_word' id='word_1_118' title='bbox 882 2563 1094 2638; x_wconf 87' lang='lat' dir='ltr'>coenobium</span> <span class='ocrx_word' id='word_1_119' title='bbox 1113 2563 1204 2639; x_wconf 78' lang='lat' dir='ltr'>Sans</span> 
     </span>
     <span class='ocr_line' id='line_1_20' title="bbox 181 2676 1204 2781; baseline 0.004 -29"><span class='ocrx_word' id='word_1_120' title='bbox 181 2682 370 2756; x_wconf 84' lang='lat' dir='ltr'>Trinitatis</span> <span class='ocrx_word' id='word_1_121' title='bbox 391 2683 557 2756; x_wconf 84' lang='lat' dir='ltr'>Venusiae</span> <span class='ocrx_word' id='word_1_122' title='bbox 582 2697 791 2754; x_wconf 85' lang='lat' dir='ltr'>reverenter</span> <span class='ocrx_word' id='word_1_123' title='bbox 815 2706 927 2781; x_wconf 89' lang='lat' dir='ltr'>usque</span> <span class='ocrx_word' id='word_1_124' title='bbox 953 2679 1059 2754; x_wconf 87' lang='lat' dir='ltr'>hodie</span> <span class='ocrx_word' id='word_1_125' title='bbox 1076 2676 1204 2756; x_wconf 78' lang='lat' dir='ltr'>custod</span> 
     </span>
     <span class='ocr_line' id='line_1_21' title="bbox 183 2797 1089 2900; baseline -0.003 -28"><span class='ocrx_word' id='word_1_126' title='bbox 183 2815 218 2872; x_wconf 88' lang='lat' dir='ltr'>et</span> <span class='ocrx_word' id='word_1_127' title='bbox 231 2826 314 2872; x_wconf 88' lang='lat' dir='ltr'>cum</span> <span class='ocrx_word' id='word_1_128' title='bbox 331 2799 409 2872; x_wconf 86' lang='lat' dir='ltr'>aliis</span> <span class='ocrx_word' id='word_1_129' title='bbox 419 2801 637 2873; x_wconf 89' lang='lat' dir='ltr'>Sanctorum</span> <span class='ocrx_word' id='word_1_130' title='bbox 650 2797 862 2900; x_wconf 88' lang='lat' dir='ltr'>pignoribus</span> <span class='ocrx_word' id='word_1_131' title='bbox 878 2797 1038 2896; x_wconf 87' lang='lat' dir='ltr'>excolit(</span> <span class='ocrx_word' id='word_1_132' title='bbox 1061 2799 1089 2894; x_wconf 91' lang='lat'>).</span> 
     </span>
     <span class='ocr_line' id='line_1_22' title="bbox 231 2915 1204 3017; baseline -0.001 -28"><span class='ocrx_word' id='word_1_133' title='bbox 231 2918 357 2992; x_wconf 88' lang='lat' dir='ltr'>Mense</span> <span class='ocrx_word' id='word_1_134' title='bbox 368 2916 510 2992; x_wconf 90' lang='lat' dir='ltr'>octobri</span> <span class='ocrx_word' id='word_1_135' title='bbox 525 2917 672 2991; x_wconf 83' lang='lat' dir='ltr'>Alexius</span> <span class='ocrx_word' id='word_1_136' title='bbox 687 2919 883 3015; x_wconf 89' lang='lat' dir='ltr'>imperator</span> <span class='ocrx_word' id='word_1_137' title='bbox 894 2915 1046 3012; x_wconf 77' lang='lat' dir='ltr'>Dyracio</span> <span class='ocrx_word' id='word_1_138' title='bbox 1057 2938 1204 3017; x_wconf 74' lang='lat' dir='ltr'>appmp</span> 
     </span>
    </p>
   </div>
   <div class='ocr_carea' id='block_1_3' title="bbox 183 3033 1204 3249">
    <p class='ocr_par' dir='ltr' id='par_1_3' title="bbox 183 3033 1204 3249">
     <span class='ocr_line' id='line_1_23' title="bbox 184 3033 1196 3135; baseline 0.003 -31"><span class='ocrx_word' id='word_1_139' title='bbox 184 3035 260 3123; x_wconf 83' lang='lat' dir='ltr'>vit,</span> <span class='ocrx_word' id='word_1_140' title='bbox 280 3051 318 3109; x_wconf 92' lang='lat' dir='ltr'>et</span> <span class='ocrx_word' id='word_1_141' title='bbox 340 3036 497 3135; x_wconf 80' lang='lat' dir='ltr'>legiones</span> <span class='ocrx_word' id='word_1_142' title='bbox 521 3062 599 3108; x_wconf 90' lang='lat' dir='ltr'>suas</span> <span class='ocrx_word' id='word_1_143' title='bbox 620 3061 663 3107; x_wconf 85' lang='lat' dir='ltr'>ex</span> <span class='ocrx_word' id='word_1_144' title='bbox 685 3034 810 3106; x_wconf 88' lang='lat' dir='ltr'>multis</span> <span class='ocrx_word' id='word_1_145' title='bbox 834 3034 1041 3107; x_wconf 88' lang='lat' dir='ltr'>nationibus</span> <span class='ocrx_word' id='word_1_146' title='bbox 1062 3033 1196 3107; x_wconf 65' lang='lat' dir='ltr'>accitu</span> 
     </span>
     <span class='ocr_line' id='line_1_24' title="bbox 183 3140 1204 3249; baseline 0 -30"><span class='ocrx_word' id='word_1_147' title='bbox 183 3146 321 3219; x_wconf 89' lang='lat' dir='ltr'>bellum</span> <span class='ocrx_word' id='word_1_148' title='bbox 347 3147 543 3221; x_wconf 87' lang='lat' dir='ltr'>ordinavit.</span> <span class='ocrx_word' id='word_1_149' title='bbox 569 3147 707 3221; x_wconf 87' lang='lat' dir='ltr'>Deinde</span> <span class='ocrx_word' id='word_1_150' title='bbox 733 3150 925 3222; x_wconf 87' lang='lat' dir='ltr'>commisso</span> <span class='ocrx_word' id='word_1_151' title='bbox 952 3147 1102 3247; x_wconf 87' lang='lat' dir='ltr'>praelio,</span> <span class='ocrx_word' id='word_1_152' title='bbox 1127 3140 1204 3249; x_wconf 68' lang='lat' dir='ltr'>meg</span> 
     </span>
    </p>
   </div>
   <div class='ocr_carea' id='block_1_4' title="bbox 184 3265 1204 3482">
    <p class='ocr_par' dir='ltr' id='par_1_4' title="bbox 184 3265 1204 3482">
     <span class='ocr_line' id='line_1_25' title="bbox 185 3265 1204 3367; baseline 0.001 -29"><span class='ocrx_word' id='word_1_153' title='bbox 185 3265 365 3366; x_wconf 80' lang='lat' dir='ltr'>sanguinis</span> <span class='ocrx_word' id='word_1_154' title='bbox 385 3266 511 3340; x_wconf 80' lang='lat' dir='ltr'>effusio</span> <span class='ocrx_word' id='word_1_155' title='bbox 523 3267 614 3339; x_wconf 86' lang='lat' dir='ltr'>facta</span> <span class='ocrx_word' id='word_1_156' title='bbox 625 3282 697 3356; x_wconf 87' lang='lat' dir='ltr'>est,</span> <span class='ocrx_word' id='word_1_157' title='bbox 711 3283 747 3339; x_wconf 92' lang='lat' dir='ltr'>et</span> <span class='ocrx_word' id='word_1_158' title='bbox 762 3268 887 3367; x_wconf 89' lang='lat' dir='ltr'>ingens</span> <span class='ocrx_word' id='word_1_159' title='bbox 899 3266 1204 3347; x_wconf 78' lang='lat' dir='ltr'>detrimentumul</span> 
     </span>
     <span class='ocr_line' id='line_1_26' title="bbox 184 3380 1204 3482; baseline -0.003 -27"><span class='ocrx_word' id='word_1_160' title='bbox 184 3407 256 3482; x_wconf 86' lang='lat' dir='ltr'>que</span> <span class='ocrx_word' id='word_1_161' title='bbox 271 3383 366 3480; x_wconf 86' lang='lat' dir='ltr'>parti</span> <span class='ocrx_word' id='word_1_162' title='bbox 388 3408 484 3454; x_wconf 87' lang='lat' dir='ltr'>saevo</span> <span class='ocrx_word' id='word_1_163' title='bbox 508 3382 624 3477; x_wconf 85' lang='lat' dir='ltr'>Marte</span> <span class='ocrx_word' id='word_1_164' title='bbox 644 3382 787 3455; x_wconf 78' lang='lat' dir='ltr'>furente</span> <span class='ocrx_word' id='word_1_165' title='bbox 810 3382 982 3456; x_wconf 85' lang='lat' dir='ltr'>collatum</span> <span class='ocrx_word' id='word_1_166' title='bbox 1003 3396 1070 3453; x_wconf 87' lang='lat' dir='ltr'>est.</span> <span class='ocrx_word' id='word_1_167' title='bbox 1095 3380 1204 3481; x_wconf 79' lang='lat' dir='ltr'>Denit¹</span> 
     </span>
    </p>
   </div>
   <div class='ocr_carea' id='block_1_5' title="bbox 187 3598 1204 4124">
    <p class='ocr_par' dir='ltr' id='par_1_5' title="bbox 187 3598 1204 4124">
     <span class='ocr_line' id='line_1_27' title="bbox 220 3598 1204 3672; baseline -0.002 -17"><span class='ocrx_word' id='word_1_168' title='bbox 220 3603 261 3671; x_wconf 87' lang='grc' dir='ltr'>(ι)</span> <span class='ocrx_word' id='word_1_169' title='bbox 274 3600 366 3657; x_wconf 80' lang='lat' dir='ltr'>Alexis</span> <span class='ocrx_word' id='word_1_170' title='bbox 378 3620 407 3656; x_wconf 83' lang='lat' dir='ltr'>se</span> <span class='ocrx_word' id='word_1_171' title='bbox 420 3602 473 3656; x_wconf 91' lang='lat' dir='ltr'>mit</span> <span class='ocrx_word' id='word_1_172' title='bbox 489 3618 524 3654; x_wconf 92' lang='lat' dir='ltr'>en</span> <span class='ocrx_word' id='word_1_173' title='bbox 541 3603 650 3654; x_wconf 75' lang='lat' dir='ltr'>rontea</span> <span class='ocrx_word' id='word_1_174' title='bbox 667 3599 691 3653; x_wconf 85' lang='lat' dir='ltr'>la</span> <span class='ocrx_word' id='word_1_175' title='bbox 710 3600 747 3653; x_wconf 87' lang='lat' dir='ltr'>liu</span> <span class='ocrx_word' id='word_1_176' title='bbox 760 3599 855 3654; x_wconf 78' lang='lat' dir='ltr'>d’aorit</span> <span class='ocrx_word' id='word_1_177' title='bbox 873 3618 945 3672; x_wconf 81' lang='lat' dir='ltr'>pour</span> <span class='ocrx_word' id='word_1_178' title='bbox 958 3598 1088 3654; x_wconf 85' lang='lat' dir='ltr'>marcher</span> <span class='ocrx_word' id='word_1_179' title='bbox 1098 3616 1137 3653; x_wconf 83' lang='lat' dir='ltr'>au</span> <span class='ocrx_word' id='word_1_180' title='bbox 1148 3614 1204 3661; x_wconf 70' lang='lat' dir='ltr'>aaut</span> 
     </span>
     <span class='ocr_line' id='line_1_28' title="bbox 187 3688 1204 3763; baseline 0.001 -19"><span class='ocrx_word' id='word_1_181' title='bbox 187 3690 222 3745; x_wconf 84' lang='lat' dir='ltr'>‹le</span> <span class='ocrx_word' id='word_1_182' title='bbox 236 3690 375 3758; x_wconf 76' lang='lat' dir='ltr'>Dureau,</span> <span class='ocrx_word' id='word_1_183' title='bbox 389 3692 470 3763; x_wconf 70' lang='lat' dir='ltr'>apres</span> <span class='ocrx_word' id='word_1_184' title='bbox 484 3689 558 3745; x_wconf 86' lang='lat' dir='ltr'>deux</span> <span class='ocrx_word' id='word_1_185' title='bbox 570 3690 695 3745; x_wconf 84' lang='lat' dir='ltr'>combats</span> <span class='ocrx_word' id='word_1_186' title='bbox 707 3690 834 3743; x_wconf 84' lang='lat' dir='ltr'>heureux</span> <span class='ocrx_word' id='word_1_187' title='bbox 850 3708 898 3743; x_wconf 89' lang='lat' dir='ltr'>sur</span> <span class='ocrx_word' id='word_1_188' title='bbox 914 3708 974 3744; x_wconf 90' lang='lat' dir='ltr'>mer</span> <span class='ocrx_word' id='word_1_189' title='bbox 986 3698 1084 3743; x_wconf 86' lang='lat' dir='ltr'>contre</span> <span class='ocrx_word' id='word_1_190' title='bbox 1097 3688 1204 3745; x_wconf 68' lang='lat' dir='ltr'>Rom</span> 
     </span>
     <span class='ocr_line' id='line_1_29' title="bbox 187 3778 1204 3855; baseline 0.003 -23"><span class='ocrx_word' id='word_1_191' title='bbox 187 3780 268 3835; x_wconf 76' lang='lat' dir='ltr'>liures</span> <span class='ocrx_word' id='word_1_192' title='bbox 279 3780 336 3835; x_wconf 88' lang='lat' dir='ltr'>l’un</span> <span class='ocrx_word' id='word_1_193' title='bbox 348 3781 447 3855; x_wconf 83' lang='lat' dir='ltr'>parles</span> <span class='ocrx_word' id='word_1_194' title='bbox 460 3782 646 3836; x_wconf 76' lang='lat' dir='ltr'>Venitienset</span> <span class='ocrx_word' id='word_1_195' title='bbox 655 3781 812 3853; x_wconf 84' lang='lat' dir='ltr'>l&#39;autrepar</span> <span class='ocrx_word' id='word_1_196' title='bbox 822 3779 861 3834; x_wconf 88' lang='lat' dir='ltr'>les</span> <span class='ocrx_word' id='word_1_197' title='bbox 869 3781 974 3845; x_wconf 86' lang='lat' dir='ltr'>Grecs;</span> <span class='ocrx_word' id='word_1_198' title='bbox 986 3780 1055 3833; x_wconf 87' lang='lat' dir='ltr'>mais</span> <span class='ocrx_word' id='word_1_199' title='bbox 1064 3778 1114 3852; x_wconf 87' lang='lat' dir='ltr'>qui</span> <span class='ocrx_word' id='word_1_200' title='bbox 1123 3778 1204 3835; x_wconf 78' lang='lat' dir='ltr'>n’m</span> 
     </span>
     <span class='ocr_line' id='line_1_30' title="bbox 187 3867 1204 3943; baseline 0.002 -21"><span class='ocrx_word' id='word_1_201' title='bbox 187 3888 224 3941; x_wconf 87' lang='lat' dir='ltr'>pu</span> <span class='ocrx_word' id='word_1_202' title='bbox 239 3868 367 3924; x_wconf 76' lang='lat' dir='ltr'>ebrauler</span> <span class='ocrx_word' id='word_1_203' title='bbox 381 3871 408 3925; x_wconf 88' lang='lat' dir='ltr'>la</span> <span class='ocrx_word' id='word_1_204' title='bbox 420 3872 536 3926; x_wconf 77' lang='lat' dir='ltr'>fermete</span> <span class='ocrx_word' id='word_1_205' title='bbox 553 3872 580 3925; x_wconf 94' lang='lat' dir='ltr'>ni</span> <span class='ocrx_word' id='word_1_206' title='bbox 599 3870 730 3925; x_wconf 74' lang='lat' dir='ltr'>l’activite</span> <span class='ocrx_word' id='word_1_207' title='bbox 746 3869 781 3925; x_wconf 88' lang='lat' dir='ltr'>de</span> <span class='ocrx_word' id='word_1_208' title='bbox 794 3870 901 3924; x_wconf 86' lang='lat' dir='ltr'>Robert</span> <span class='ocrx_word' id='word_1_209' title='bbox 918 3868 1066 3924; x_wconf 85' lang='lat' dir='ltr'>Guiscard.</span> <span class='ocrx_word' id='word_1_210' title='bbox 1082 3867 1204 3943; x_wconf 67' lang='lat' dir='ltr'>L’empu</span> 
     </span>
     <span class='ocr_line' id='line_1_31' title="bbox 188 3958 1204 4043; baseline 0.002 -32"><span class='ocrx_word' id='word_1_211' title='bbox 188 3959 304 4043; x_wconf 55' lang='lat' dir='ltr'>rgarriva</span> <span class='ocrx_word' id='word_1_212' title='bbox 316 3961 380 4033; x_wconf 70' lang='lat' dir='ltr'>pres</span> <span class='ocrx_word' id='word_1_213' title='bbox 389 3959 424 4014; x_wconf 90' lang='lat' dir='ltr'>de</span> <span class='ocrx_word' id='word_1_214' title='bbox 436 3960 462 4013; x_wconf 90' lang='lat' dir='ltr'>la</span> <span class='ocrx_word' id='word_1_215' title='bbox 471 3961 534 4015; x_wconf 88' lang='lat' dir='ltr'>ville</span> <span class='ocrx_word' id='word_1_216' title='bbox 545 3963 668 4034; x_wconf 77' lang='lat' dir='ltr'>aasiegee</span> <span class='ocrx_word' id='word_1_217' title='bbox 677 3979 733 4034; x_wconf 84' lang='lat' dir='ltr'>que</span> <span class='ocrx_word' id='word_1_218' title='bbox 743 3959 769 4014; x_wconf 88' lang='lat' dir='ltr'>le</span> <span class='ocrx_word' id='word_1_219' title='bbox 782 3961 813 4015; x_wconf 77' lang='lat'>¹5</span> <span class='ocrx_word' id='word_1_220' title='bbox 823 3960 947 4014; x_wconf 84' lang='lat' dir='ltr'>octobre.</span> <span class='ocrx_word' id='word_1_221' title='bbox 958 3959 1056 4014; x_wconf 71' lang='lat' dir='ltr'>C’esta</span> <span class='ocrx_word' id='word_1_222' title='bbox 1069 3958 1204 4033; x_wconf 64' lang='lat' dir='ltr'>cettespu</span> 
     </span>
     <span class='ocr_line' id='line_1_32' title="bbox 187 4046 1204 4124; baseline 0.001 -22"><span class='ocrx_word' id='word_1_223' title='bbox 187 4050 284 4122; x_wconf 84' lang='lat' dir='ltr'>qu’eut</span> <span class='ocrx_word' id='word_1_224' title='bbox 301 4049 358 4104; x_wconf 90' lang='lat' dir='ltr'>lieu</span> <span class='ocrx_word' id='word_1_225' title='bbox 379 4048 583 4122; x_wconf 79' lang='lat' dir='ltr'>l&#39;engagement</span> <span class='ocrx_word' id='word_1_226' title='bbox 602 4052 700 4124; x_wconf 86' lang='lat' dir='ltr'>partiel</span> <span class='ocrx_word' id='word_1_227' title='bbox 720 4062 800 4105; x_wconf 77' lang='lat' dir='ltr'>entre</span> <span class='ocrx_word' id='word_1_228' title='bbox 820 4050 963 4106; x_wconf 84' lang='lat' dir='ltr'>Boe&#39;moud</span> <span class='ocrx_word' id='word_1_229' title='bbox 984 4060 1012 4103; x_wconf 82' lang='lat' dir='ltr'>et</span> <span class='ocrx_word' id='word_1_230' title='bbox 1028 4048 1068 4104; x_wconf 84' lang='lat' dir='ltr'>les</span> <span class='ocrx_word' id='word_1_231' title='bbox 1081 4046 1204 4105; x_wconf 70' lang='lat' dir='ltr'>Gmoer&#39;</span> 
     </span>
    </p>
   </div>
   <div class='ocr_carea' id='block_1_6' title="bbox 104 4139 1197 4214">
    <p class='ocr_par' dir='ltr' id='par_1_6' title="bbox 104 4139 1197 4214">
     <span class='ocr_line' id='line_1_33' title="bbox 104 4139 1197 4214; baseline 0.001 -19"><span class='ocrx_word' id='word_1_232' title='bbox 104 4206 106 4212; x_wconf 70' lang='lat'>‚</span> <span class='ocrx_word' id='word_1_233' title='bbox 189 4140 264 4212; x_wconf 78' lang='lat' dir='ltr'>parle</span> <span class='ocrx_word' id='word_1_234' title='bbox 274 4151 354 4195; x_wconf 86' lang='lat' dir='ltr'>notre</span> <span class='ocrx_word' id='word_1_235' title='bbox 367 4151 474 4195; x_wconf 82' lang='lat' dir='ltr'>auteur.</span> <span class='ocrx_word' id='word_1_236' title='bbox 491 4142 531 4195; x_wconf 84' lang='lat' dir='ltr'>Ce</span> <span class='ocrx_word' id='word_1_237' title='bbox 545 4143 613 4196; x_wconf 80' lang='lat' dir='ltr'>n‘rst</span> <span class='ocrx_word' id='word_1_238' title='bbox 624 4162 672 4214; x_wconf 80' lang='lat' dir='ltr'>pas</span> <span class='ocrx_word' id='word_1_239' title='bbox 687 4142 726 4207; x_wconf 80' lang='lat' dir='ltr'>la,</span> <span class='ocrx_word' id='word_1_240' title='bbox 743 4142 811 4197; x_wconf 83' lang='lat' dir='ltr'>maia</span> <span class='ocrx_word' id='word_1_241' title='bbox 826 4146 841 4195; x_wconf 71' lang='lat' dir='ltr'>a</span> <span class='ocrx_word' id='word_1_242' title='bbox 856 4141 879 4195; x_wconf 89' lang='lat' dir='ltr'>la</span> <span class='ocrx_word' id='word_1_243' title='bbox 895 4140 1006 4198; x_wconf 82' lang='lat' dir='ltr'>bataille</span> <span class='ocrx_word' id='word_1_244' title='bbox 1019 4140 1054 4194; x_wconf 89' lang='lat' dir='ltr'>de</span> <span class='ocrx_word' id='word_1_245' title='bbox 1068 4139 1197 4196; x_wconf 76' lang='lat' dir='ltr'>Dunno</span> 
     </span>
    </p>
   </div>
   <div class='ocr_carea' id='block_1_7' title="bbox 188 4231 535 4304">
    <p class='ocr_par' dir='ltr' id='par_1_7' title="bbox 188 4231 535 4304">
     <span class='ocr_line' id='line_1_34' title="bbox 188 4231 535 4304; baseline -0.003 -21"><span class='ocrx_word' id='word_1_246' title='bbox 188 4231 213 4283; x_wconf 87' lang='lat' dir='ltr'>lr</span> <span class='ocrx_word' id='word_1_247' title='bbox 228 4232 369 4286; x_wconf 73' lang='lat' dir='ltr'>hobarum</span> <span class='ocrx_word' id='word_1_248' title='bbox 384 4231 535 4304; x_wconf 61' lang='lat' dir='ltr'>fulgurem.</span> 
     </span>
    </p>
   </div>
   <div class='ocr_carea' id='block_1_8' title="bbox 0 0 1452 4934">
    <p class='ocr_par' dir='ltr' id='par_1_8' title="bbox 0 0 1452 4934">
     <span class='ocr_line' id='line_1_35' title="bbox 0 0 1452 4934; baseline 0 0"><span class='ocrx_word' id='word_1_249' title='bbox 0 0 1452 4934; x_wconf 95' lang='lat' dir='ltr'> </span> 
     </span>
    </p>
   </div>
  </div>
 </body>
</html>
