2888 4934
184 377 291 457 [1094]
549 376 667 437 LIBER
687 376 875 438 OCTAVUS.
1189 379 1250 443 419

183 509 347 608 perculsa
365 507 587 593 rumoribus,
605 508 797 607 expalluit,
819 508 905 580 etin
921 524 1039 581 castro
1060 512 1251 584 certitudi-

181 653 268 701 nem
284 629 337 700 rei
353 655 434 709 cum
448 630 518 699 suis
535 627 736 727 praestolari
752 625 923 699 decrevit.
944 626 1013 699 Sed
1030 628 1102 700 sola
1120 630 1252 703 mulier

181 760 310 818 contra
322 771 492 843 procaces
506 746 615 830 viros,
630 743 728 844 quod
741 743 808 816 sibi
819 742 958 817 bonum
969 742 1171 834 videbatur,
1191 746 1251 820 de·

180 859 330 934 {endere
348 888 422 934 non
440 863 572 960 potuit.
596 864 732 950 Porro,
755 862 824 933 illis
840 860 884 933 de
900 878 1017 934 castro
1032 862 1253 960 egredienti-

183 976 251 1050 bus
258 995 294 1051 et
304 978 533 1078 impudenter
541 976 833 1062 vociferantibus,
843 977 1047 1052 Radbertus
1057 979 1254 1051 Belesmen·

184 1095 245 1184 sis,
258 1113 441 1194 comperta
455 1096 657 1196 hujusmodi
669 1123 727 1187 re,
744 1099 864 1169 statim
878 1097 999 1186 alluit,
1012 1097 1254 1169 munitionem

184 1230 456 1313 propugnatore
465 1241 614 1287 vacuam
628 1215 781 1314 reperit,
800 1214 900 1286 facile
915 1215 1079 1302 intravit,
1097 1214 1256 1312 penitus·

184 1355 257 1430 que
282 1330 469 1429 spoliavit,
494 1330 719 1432 llammisque
743 1333 880 1431 reliqua
906 1333 1162 1404 concremavit.
1189 1333 1256 1403 ln-

186 1448 297 1546 gressi
316 1464 491 1537 castrum,
512 1448 646 1521 lebetes
666 1474 773 1547 super
794 1449 893 1548 ignes
910 1450 1086 1521 ferventes
1104 1450 1256 1521 invene-

186 1578 290 1652 runt,
310 1563 479 1637 carnibus
495 1566 635 1663 plenas,
658 1581 694 1638 et
706 1591 844 1637 mensas
857 1565 1033 1664 mappulis
1049 1582 1255 1662 coopertas,

186 1695 225 1752 et
240 1705 334 1753 escas
352 1708 435 1754 cum
457 1708 549 1780 panc
562 1708 669 1780 super
686 1682 886 1781 appositas,
906 1682 1159 1782 sagiensesque
1176 1708 1260 1757 mo-

187 1797 293 1871 nachi
316 1797 506 1874 brachium
528 1802 640 1874 sancti
663 1801 826 1873 Generici
849 1798 1055 1874 deecclesia
1075 1798 1257 1886 tulerunt,

186 1930 224 1988 et
247 1917 284 1988 in
302 1919 422 1990 Sancti
440 1919 588 1990 Martini
607 1918 818 1992 coenobium
835 1934 1045 1991 reverenter
1063 1916 1260 1989 transtule-

187 2049 287 2105 runt.
304 2035 396 2107 Nam
409 2037 548 2136 reliqua
563 2062 646 2134 pars
659 2037 822 2135 corporis
838 2038 912 2135 ejus
926 2035 964 2107 in
978 2035 1131 2106 Castello
1143 2033 1262 2108 Theo·

186 2147 301 2223 dorici
315 2178 422 2250 super
433 2154 636 2226 Maternum
647 2153 799 2226 fluvium
813 2155 866 2252 (1)
879 2167 1055 2243 servatur,
1069 2168 1137 2225 eta
1150 2150 1261 2223 Gallis

186 2267 321 2341 celebri
339 2271 530 2344 devotione
548 2287 762 2347 veneranter
778 2272 969 2346 excolitur.

237 2383 400 2485 Cumque
415 2386 614 2460 Geraianus
630 2387 676 2460 ab
691 2389 812 2462 amicis
830 2389 933 2462 laetus
950 2402 1207 2475 reverteretur,
1226 2401 1263 2458 et

186 2498 232 2574 de
248 2500 382 2576 damno
400 2505 552 2578 inimicis
571 2507 703 2579 iterum
719 2505 906 2580 inserendo
920 2507 1051 2579 frustra
1069 2503 1264 2578 meditare·

187 2634 263 2708 tur,
279 2621 363 2720 quia
376 2622 474 2694 nulla
491 2625 653 2722 potentia
667 2623 879 2697 mortalium
894 2624 1003 2722 longa
1017 2638 1086 2709 est,
1106 2621 1262 2694 adversis

186 2736 396 2810 rumoribus
413 2742 609 2839 perceptis,
630 2766 674 2814 ex
697 2741 879 2838 insperato
897 2741 1098 2812 confractus
1117 2752 1182 2810 est.
1203 2737 1262 2809 Sic

186 2849 322 2923 nobilis
335 2854 438 2926 miles
449 2856 618 2953 protinus
632 2853 866 2928 exheredatus
878 2870 944 2943 est,
957 2869 994 2927 et
1005 2868 1262 2926 extraneorum

186 2963 341 3066 hospitia
360 2972 441 3043 exul
452 2987 616 3071 repetere
633 2989 775 3046 coactus
789 2989 855 3045 est.
870 2971 1010 3046 Eodem
1028 2997 1139 3059 anno,
1151 2967 1263 3044 Rade-

188 3084 332 3182 gundis,
346 3113 440 3161 uxor
448 3089 658 3189 ejus‚pr0ba
665 3090 797 3163 semina
805 3089 1011 3178 ethonesta,
1020 3088 1258 3162 defunctaest.

187 3200 304 3293 Quam
311 3204 420 3300 paulo
431 3205 1262 3308 postGuillelmusinlaus,filiusejus,m0riend0

188 3334 329 3390 secutus
343 3336 408 3410 est,
425 3347 535 3420 quem
548 3323 754 3398 Radbertus
765 3324 998 3397 Belesmensis
1015 3323 1179 3398 obsidem
1194 3322 1263 3395 ha-

187 3431 332 3523 buerat,
345 3453 381 3510 et
390 3464 456 3537 per
467 3467 594 3513 manus
606 3440 782 3516 Rodberti
793 3441 838 3515 de
847 3441 1058 3539 Paneion),
1070 3458 1112 3515 ut
1120 3441 1259 3528 dicunt,

188 3576 330 3626 veneno
348 3572 561 3631 extruxerat.

238 3669 437 3747 Geroianus
458 3676 600 3776 itaque,
627 3693 681 3752 tot
703 3679 908 3752 infortuniis
924 3678 1050 3768 laesus,
1067 3674 1112 3748 ad
1128 3677 1263 3750 amicos

1119 3834 1266 3844 .--—-—-·-

223 3897 263 3967 (r)
277 3897 531 3958 Chitean-Thierri
545 3922 593 3958 sur
606 3906 711 3961 Marue.

224 3985 264 4056 (a)
283 3987 500 4045 Probablement
519 3993 622 4062 Poillc',
643 3994 880 4050 arrondissemeut
897 3995 932 4050 de
949 3995 988 4050 La
1003 3994 1113 4050 Fleche.
1132 3993 1210 4050 Eude
1228 3993 1264 4049 ‹lc

188 4073 279 4130 Poille
297 4077 385 4149 figure
403 4099 512 4137 comme
530 4085 634 4139 temoiu
649 4084 718 4140 dans
734 4103 789 4140 une
803 4086 899 4141 charte
911 4085 947 4141 de
959 4084 1068 4140 llobert
1080 4084 1115 4139 de
1129 4084 1263 4147 Bellcmc,

189 4182 254 4218 snus
267 4165 292 4220 la
307 4167 370 4223 date
384 4171 419 4225 (le
434 4191 510 4245 ¹⁰9²·
