2888 4934
289 375 326 430 12
561 374 745 434 HISTORIA
767 373 1072 434 Ecctffitrsrtcr.

285 503 373 602 gelis
393 503 628 603 gaudentibus
651 523 688 578 et
711 506 899 606 terrigenis
920 505 1159 607 plorantibus.
1183 508 1286 582 'l'unc
1309 509 1349 580 lit

285 645 351 718 per
371 644 497 693 omnes
520 622 798 724 circumquaque
815 625 1034 722 provincias,
1059 649 1125 722 per
1141 650 1265 698 omues
1280 627 1351 697 mi-

286 761 393 811 nores
408 765 451 811 ac
466 743 617 839 majores
633 742 813 829 ecclesias,
835 767 984 841 magnus
1002 738 1105 814 ralde
1125 758 1162 815 et
1187 742 1349 816 insolitus

286 856 436 955 clangor
457 859 643 956 signorum
661 861 714 955 (r)
736 875 773 930 et
792 885 1047 957 campanarum
1065 859 1222 947 sonitus,
1241 859 1348 959 longa

286 970 450 1068 pulsatio,
461 973 809 1060 mirabilistinnitus,
827 974 936 1046 nullis
949 973 1156 1046 bominibus
1167 975 1268 1046 funes
1279 989 1350 1044 tm·

287 1084 474 1175 bentibus,
494 1088 551 1161 vel
567 1091 665 1188 signa
683 1088 1013 1181 summoventibus,
1032 1089 1099 1162 nisi
1117 1089 1191 1162 sola
1215 1090 1348 1161 virtute

286 1201 426 1292 divina,
450 1231 530 1304 quae
546 1210 754 1305 supervenit
773 1208 928 1280 coelitus.
950 1205 1083 1277 Eximii
1100 1205 1168 1277 viri
1186 1221 1347 1279 sanctum

286 1345 417 1419 eorpus
437 1321 569 1397 ibidem
582 1323 779 1398 honorifice
796 1324 1009 1410 tumulatur,
1024 1321 1217 1422 multisque
1232 1323 1348 1393 mira-

287 1436 376 1509 culis
392 1438 545 1537 gloriose
562 1442 708 1537 patratis
722 1440 797 1511 laus
816 1441 878 1511 Dei
896 1438 1051 1511 fideliter
1074 1454 1250 1510 cantatur.
1269 1437 1348 1509 Ve-

287 1552 446 1626 nerabile
476 1555 687 1630 ooenobium
712 1556 786 1628 illic
810 1582 921 1656 usque
946 1557 981 1628 in
1011 1554 1226 1627 hodiernum
1252 1552 1348 1626 diem

286 1688 509 1768 perseverat,
530 1691 566 1746 et
581 1675 706 1773 ingens
723 1674 984 1747 monachorum
1000 1674 1177 1745 exercitus
1191 1673 1348 1744 Domino

286 1786 363 1860 Deo
385 1788 540 1891 Sabaoth
570 1819 650 1864 cum
687 1791 846 1890 tripudio
882 1790 1033 1879 militat,
1071 1807 1177 1890 atque
1209 1791 1350 1862 meritis

285 1907 396 1976 sancti
415 1904 618 1996 Guillelmi,
640 1933 683 1980 ex
701 1908 830 1980 illustri
848 1908 963 1980 milite
981 1908 1137 2006 religiosi
1158 1906 1346 1994 monachi,

288 2020 394 2093 turba
419 2020 681 2097 infirmantium
707 2025 954 2097 convalescens
980 2023 1116 2096 exultat
1142 2024 1178 2095 in
1204 2021 1350 2094 Christo

286 2135 389 2226 Jesu,
411 2141 472 2239 qui
499 2165 623 2214 omnes
640 2138 706 2212 sibi
726 2138 947 2213 adhaerentes
966 2142 1003 2212 iu
1029 2156 1207 2211 aeternum
1232 2139 1350 2238 glori-

287 2251 381 2327 licat.

334 2378 398 2454 IV.
427 2382 746 2457 lnvictissimorum
774 2385 892 2484 itaque
915 2385 1072 2456 militum
1093 2380 1253 2482 trophaea
1273 2381 1350 2452 sre-

287 2512 441 2592 quenter
455 2498 725 2573 Abrincatensis
742 2499 917 2573 Geroldus
931 2499 1127 2588 referebat,
1145 2515 1181 2571 et
1194 2521 1351 2570 coessen-

289 2627 341 2683 tes
359 2614 527 2705 athletas,
546 2621 814 2719 armigerosque
832 2643 1021 2718 generosos
1035 2617 1078 2689 ad
1092 2617 1246 2690 similem
1257 2640 1349 2687 con-

286 2734 524 2807 versationem
533 2732 1218 2809 blanditiisetterroribusincitabat.ln
1227 2731 1351 2829 primis

288 2848 399 2946 igitur
413 2859 572 2955 quinque
591 2856 745 2928 illustres
760 2855 828 2927 viri
845 2853 890 2927 <le
901 2854 1033 2927 familia
1050 2851 1205 2927 consulis
1222 2849 1350 2949 egressi

287 2981 388 3054 sunt,
403 2995 560 3068 quorum
580 2976 725 3046 nomina
742 2973 819 3044 baec
835 2989 920 3044 sunt
935 3004 943 3042 ε
960 2973 1136 3070 Rogerius
1148 2972 1200 3066 (a)
1211 2966 1351 3040 Erneisi

288 3078 400 3170 filius,
421 3108 531 3181 nepos
560 3084 743 3158 Guillelmi
761 3085 805 3157 de
832 3087 1023 3157 Guarenua
1041 3087 1181 3158 comitis
1205 3083 1354 3154 Sutbre-

291 3197 359 3295 giae
376 3201 448 3295 (3);
466 3217 502 3273 et
515 3201 712 3292 Ernaldus‚
731 3202 873 3276 Unlridi
888 3200 932 3274 de
945 3202 1102 3274 Telliolo
1115 3199 1226 3287 filius,
1242 3223 1353 3297 nepos

324 3443 364 3512 (r)
378 3441 402 3496 ll
413 3454 456 3498 est
466 3442 562 3498 visible
571 3459 640 3517 que,
653 3443 722 3497 dans
733 3461 765 3498 oe
773 3460 898 3515 passage,
910 3445 1032 3514 signum,
1045 3438 1263 3495 ordinairement
1274 3455 1353 3510 syuo-

289 3548 372 3602 nyme
384 3531 419 3587 de
430 3552 580 3605 campana,
596 3536 667 3588 aete
681 3533 807 3605 employa}
820 3532 889 3586 dans
905 3530 932 3585 le
946 3548 1008 3585 sens
1023 3529 1059 3584 de
1074 3528 1223 3584 clochettes
1236 3546 1273 3582 ou
1291 3545 1355 3600 gre·

290 3618 345 3673 lota
361 3644 367 3673 t
386 3623 585 3677 tintinnabula.

327 3709 367 3779 (a)
380 3707 404 3762 ll
417 3728 451 3765 ne
464 3710 524 3765 faut
538 3729 586 3784 pas
603 3711 756 3766 confondre
773 3731 805 3766 ce
818 3711 921 3784 Rogm,
942 3709 983 3764 fila
1003 3709 1129 3764 d’Emeis
1149 3706 1185 3762 de
1199 3704 1354 3761 Coulonoes

290 3807 319 3851 et
335 3814 423 3853 neren
442 3798 481 3851 du
500 3810 591 3855 comte
603 3799 638 3855 de
657 3801 770 3872 Surmy,
785 3819 848 3856 arec
862 3799 901 3854 les
918 3798 1055 3855 membres
1067 3797 1102 3852 de
1119 3796 1144 3851 la
1159 3794 1262 3850 familie
1279 3794 1354 3847 rtu-

291 3886 403 3952 Erueis,
419 3888 542 3943 branche
555 3889 661 3944 cadette
674 3889 722 3944 des
734 3891 847 3945 Tesson.
862 3888 969 3944 Robert
980 3886 1167 3951 atu-umus,
1183 3882 1305 3955 premier
1315 3880 1353 3934 du

291 3994 372 4044 nom,
383 3989 497 4034 mourut
509 3980 526 4034 b
538 3979 564 4033 la
576 3978 686 4034 bataille
704 3980 881 4053 d’Hastiugs‚
894 3988 922 4034 et
935 3997 984 4034 son
998 3977 1040 4031 fils
1052 3994 1087 4031 ne
1098 3971 1216 4029 s’etablit
1227 3971 1308 4044 point
1319 3988 1354 4024 eu

291 4067 466 4141 Angleterre.
481 4099 516 4112 -
527 4068 664 4134 Emauld‚
681 4069 722 4124 fils
735 4070 866 4126 d'Onsroi
879 4069 917 4123 du
930 4065 1032 4123 Tilleul
1044 4068 1095 4135 (en
1108 4064 1199 4135 Auge)
1211 4071 1240 4115 et
1251 4059 1353 4115 d‘rtde-

291 4157 348 4213 line
360 4157 395 4213 de
410 4159 625 4215 Grentemesnil.

327 4245 366 4319 (3)
379 4248 774 4305 saint-Guithem-le-De'serr.
