2888 4934
182 426 389 503 [reserato]
552 419 667 480 tlnun
690 420 877 482 uerutus.
1192 428 1252 487 aia

231 556 373 627 Primus
394 551 710 636 Nurmannorum,
730 550 929 649 Stephanus
954 551 999 624 de
1023 551 1250 639 Athamana,

182 673 277 747 filius
301 670 435 745 Odonis
453 669 657 767 Campaniae
674 670 815 741 comitis
838 670 915 767 (ι),
936 671 1010 769 regi
1030 669 1199 759 adhaesit,
1218 688 1253 744 et

183 789 292 891 regiis
317 785 518 886 sumptibus
544 786 730 859 castellum
750 812 855 858 suum
880 813 986 885 super
1007 786 1161 860 Aucium
1185 786 1253 860 ssu-

183 935 268 982 men
297 908 352 1006 (2)
377 905 607 978 vehementer
636 905 809 992 munivit,
841 905 877 976 in
905 931 978 1005 quo
1004 904 1254 977 validissimam

183 1027 279 1126 regis
306 1026 476 1098 familiam
510 1039 635 1097 contra
670 1021 799 1095 ducem
830 1023 996 1120 suscepit.
1028 1022 1143 1114 Quem
1169 1049 1254 1096 mox

184 1142 422 1216 Gornacensis
439 1138 612 1214 Girardus
626 1139 679 1235 (3)
693 1155 832 1210 secutus
848 1154 912 1211 est.
931 1139 1021 1211 Nam
1032 1138 1252 1228 Gornaeum,

184 1276 221 1334 et
237 1260 483 1345 Firmitatem,
504 1274 540 1330 et
554 1256 712 1328 Goisleni
731 1256 884 1330 Fontem
903 1257 957 1355 (A)
968 1311 978 1343 ,
997 1257 1154 1356 aliasque
1169 1284 1255 1328 mu-

185 1379 342 1451 nitiones
370 1404 447 1448 suas
472 1378 547 1475 regi
575 1373 740 1463 tradidit,
764 1375 1008 1476 finitimosque
1035 1402 1115 1449 suos
1147 1378 1255 1476 regiae

183 1495 278 1592 parti
298 1491 473 1592 subjicere
490 1490 636 1564 studuit.
650 1489 786 1563 Deinde
804 1490 1019 1580 Rodbertus,
1041 1490 1257 1565 Aucensium

184 1634 323 1697 comes,
339 1625 375 1680 et
394 1607 583 1680 Gauterius
597 1604 781 1696 Gisardus,
798 1622 834 1678 et
852 1606 1022 1679 Radulsus
1034 1605 1080 1679 de
1096 1607 1258 1680 Mortuo-

184 1726 277 1797 mari
297 1725 374 1823 (5),
394 1741 429 1798 et
455 1750 546 1822 pene
563 1723 688 1795 omnes
709 1723 771 1822 qui
800 1739 899 1794 trans
922 1724 1123 1823 Sequanam
1147 1750 1258 1825 usque

183 1840 228 1913 ad
255 1867 356 1914 mare
382 1839 615 1928 habitabant,
638 1839 800 1939 Anglicis
825 1842 1006 1940 conjuncti
1034 1857 1134 1927 sunt,
1156 1857 1192 1913 et
1214 1839 1258 1912 de

220 2045 411 2128 (1)Etienne,
433 2066 524 2110 comte
545 2055 706 2121 d’Aumale,
727 2054 768 2109 fin
787 2055 949 2121 d’Adelide,
970 2075 1044 2111 sueur
1064 2059 1206 2130 germaine
1224 2057 1259 2112 de

185 2147 602 2220 Guillaume·le-Conqudrant,
625 2156 654 2199 et
673 2144 808 2212 d’Eude,
823 2156 916 2200 comte
935 2147 970 2201 de
990 2149 1187 2220 champagne,
1211 2166 1258 2201 son

185 2239 331 2294 troisieme
343 2238 422 2291 mari.
440 2238 477 2291 Le
489 2237 687 2290 continuateur
701 2234 736 2289 de
748 2234 911 2290 Guillaume
924 2236 959 2290 de
970 2237 1112 2310 tumitges
1128 2248 1194 2291 veut
1206 2255 1261 2310 que

185 2340 261 2386 ωηο
274 2328 356 2383 dame
372 2328 440 2382 n'ait
453 2330 499 2382 eu}
514 2345 569 2401 que
587 2344 661 2380 soeur
676 2327 785 2380 uterine
802 2324 840 2379 du
854 2326 914 2391 r0i;
933 2327 1002 2380 mais
1016 2327 1080 2382 c'est
1098 2345 1152 2382 une
1164 2343 1262 2382 erreur

187 2416 297 2472 refutee
312 2416 440 2470 d'avance
458 2434 508 2487 par
525 2425 605 2469 notre
622 2424 733 2467 auteur.
748 2414 804 2468 Son
819 2413 861 2467 fils
874 2414 993 2468 n'aurait
1007 2432 1054 2486 pas
1068 2417 1113 2469 ete
1127 2415 1202 2471 eleve
1214 2433 1262 2469 sur

187 2507 215 2562 le
227 2507 309 2563 trisne
321 2506 362 2560 s’il
374 2505 450 2560 n'edt
464 2509 508 2560 ete
522 2523 576 2579 que
588 2505 614 2559 le
628 2503 797 2559 descendant
811 2504 958 2559 d’Herluin
973 2504 1008 2558 de
1021 2504 1184 2561 Conteville.

224 2595 315 2651 Notre
331 2605 431 2648 auteur
448 2613 464 2648 a
482 2612 517 2647 eu
536 2604 593 2647 tort
612 2592 646 2646 de
666 2610 700 2646 ne
718 2611 766 2663 pas
783 2593 852 2648 citer
865 2611 901 2647 en
915 2593 1052 2664 premiere
1064 2592 1155 2666 ligne,
1173 2595 1261 2666 parmi

188 2684 229 2739 les
240 2683 386 2758 seigneurs
399 2683 447 2756 qui
461 2683 604 2736 onvrirent
616 2680 691 2735 leurs
704 2690 799 2753 portes
812 2699 865 2735 aux
879 2679 981 2735 soldats
994 2681 1029 2736 de
1042 2681 1262 2738 Guillaume·le-

190 2773 288 2840 Roux,
300 2773 420 2828 Gautier
429 2771 464 2827 de
474 2771 665 2827 saint-Valeri
680 2769 767 2840 (frere
778 2771 840 2826 atne
851 2771 886 2826 de
896 2771 1029 2827 Guilbert
1039 2771 1149 2827 d'Ausai
1157 2775 1179 2843 )‚
1194 2772 1264 2827 dont

190 2863 217 2920 le
232 2874 298 2938 port
312 2863 728 2934 (saint-Valeri-sur-Somme)
742 2861 781 2916 lui
799 2863 866 2916 etait
881 2862 902 2916 si
918 2861 986 2916 utile
1002 2880 1074 2934 pour
1085 2863 1124 2917 les
1137 2881 1263 2917 commu·

191 2955 330 3010 nications
342 2953 376 3008 de
389 2972 438 3008 son
450 2972 581 3026 royaunae
595 2971 659 3007 avec
671 2963 764 3007 toutes
775 2952 814 3006 les
826 2953 916 3026 places
928 2954 977 3027 qui
990 2973 1018 3008 se
1028 2953 1185 3010 donnerent
1197 2958 1213 3009 a
1224 2955 1265 3008 lui

192 3043 262 3097 dans
272 3053 345 3098 cette
358 3045 480 3097 contree.
497 3044 533 3096 La
546 3041 659 3096 mission
671 3045 773 3096 avouee
785 3041 833 3096 des
847 3043 986 3114 guernere
997 3042 1066 3117 qu’il
1077 3063 1096 3115 y
1106 3061 1211 3116 envoya
1222 3044 1266 3098 fut

192 3133 217 3188 la
238 3133 410 3189 devastation
430 3131 470 3186 du
490 3150 556 3205 pays
574 3133 775 3199 environnant;
794 3143 823 3188 et
840 3134 860 3188 il
878 3145 920 3188 ent
933 3134 1080 3208 probable,
1100 3135 1208 3208 d'apres
1226 3135 1266 3190 les

194 3241 299 3279 moeurs
310 3221 346 3278 de
355 3222 498 3297 l’epoque,
509 3222 609 3296 qu’elle
621 3223 664 3279 sut
676 3222 831 3296 langement
840 3223 1000 3298 accomplie.
1011 3226 1065 3281 Ces
1075 3225 1266 3299 intelligences

194 3329 258 3368 aree
267 3311 307 3366 les
317 3312 461 3386 seigneurs
469 3312 493 3366 N
496 3313 627 3368 armands
638 3313 790 3385 paraisseut
798 3315 876 3369 avoir
885 3318 1046 3371 commence
1057 3315 1106 3371 des
1115 3316 1265 3370 l’autornne

194 3400 229 3457 de
246 3399 324 3474 1089.

228 3491 272 3567 (a)
285 3493 322 3545 La
335 3490 441 3558 Bresle,
458 3509 494 3545 ou
506 3493 606 3547 riviere
619 3491 700 3548 d’Eu.

230 3579 272 3652 (5)
288 3579 393 3636 Girard
409 3579 444 3635 de
460 3581 601 3647 Gournai,
621 3581 663 3637 fils
681 3582 717 3637 de
732 3583 835 3656 Hugue
849 3583 884 3638 de
898 3583 1041 3652 Gournai,
1060 3595 1089 3639 et
1104 3582 1139 3638 de
1153 3583 1265 3649 Basilie‚

195 3670 253 3728 fille
265 3670 302 3725 de
311 3669 437 3725 Richard
447 3671 559 3739 Flaitel,
570 3673 638 3727 etait
651 3672 756 3747 gendre
768 3671 804 3727 de
814 3671 993 3740 Guillaume,
1005 3683 1096 3728 comte
1105 3672 1141 3729 de
1152 3673 1265 3746 Surrey,

194 3763 269 3818 dont
281 3778 353 3816 nous
365 3779 468 3816 venons
480 3760 515 3817 de
529 3763 589 3817 voir
602 3762 629 3817 la
643 3774 728 3818 mort.

233 3851 273 3925 (4)
286 3851 429 3919 Goumai,
446 3853 481 3906 La
494 3852 717 3920 Ferte-en·Brai,
734 3851 961 3910 Gaillefontaine.

234 3940 275 4010 (5)
289 3940 410 4007 Robert,
425 3951 517 3996 comte
529 3941 611 3997 d'Eu.

235 4029 355 4084 Gautier
365 4030 485 4097 Giffard,
498 4032 628 4103 seigneur
640 4031 674 4085 de
689 4032 865 4103 Longaeville
877 4043 906 4087 et
917 4044 1008 4088 comte
1020 4032 1055 4087 de
1067 4034 1267 4107 Buckinghanr.

237 4118 327 4173 Raoul
348 4118 383 4174 de
402 4122 567 4186 Mortemer,
589 4122 630 4175 fils
647 4122 681 4175 de
702 4122 810 4195 Roger,
831 4135 859 4178 et
877 4142 984 4179 comme
1000 4125 1038 4179 lui
1054 4125 1223 4180 bienfaiteur
1236 4125 1269 4177 dr

207 4208 553 4266 saint-Victor·en·Caux.
