2872 4920
210 391 269 455 tes
484 391 667 453 HISTORIA
689 391 996 455 ECCLESIASTICA.
1062 397 1276 480 [1115-1116]

206 528 322 598 furem
349 547 441 615 esse,
475 524 663 621 pecuniam
691 525 992 623 regis'propriam
1016 527 1052 598 in
1080 527 1280 625 latrocinio,

206 640 355 729 Misere,
374 626 508 730 celere,
532 658 568 714 et
588 658 628 714 ut
646 642 807 715 criminis
823 641 925 741 hujus
938 642 1113 741 judicium
1131 662 1168 718 et
1183 669 1274 746 poe·-

205 786 289 832 nem
306 756 455 832 evadere
473 757 606 849 valcat,
629 784 703 833 non
725 785 824 832 causa
842 760 986 833 alterius
1001 762 1122 834 salutis
1137 788 1273 837 mona-

151 861 169 939 '.
203 872 349 946 citatum
359 898 521 972 quaercrc
533 873 661 948 sciatis.
676 874 754 972 lpse
767 898 921 974 namque
935 873 1139 948 thesaurum
1150 878 1273 951 occul·

183 973 185 976 Α
203 1006 281 1062 tum
294 992 448 1079 invenit,
467 1015 511 1062 ex
527 1015 599 1090 quo
611 989 737 1062 furtim
751 989 891 1064 sublato
907 993 1108 1066 foenerator
1121 993 1270 1066 effectus

201 1122 267 1178 est.
288 1106 488 1178 Tantorum
506 1107 624 1205 itaque
643 1129 723 1178 reus
739 1105 931 1179 criminum
941 1160 951 1194 ,
974 1108 1152 1181 latrocinii
1169 1107 1270 1199 vide-

202 1222 286 1295 licet
310 1239 346 1294 et
370 1248 504 1310 usuroe,
531 1224 732 1321 praesentiae
754 1224 850 1322 regis
874 1224 931 1295 vel
951 1223 1112 1322 judicum
1138 1227 1268 1299 metuit

199 1337 371 1412 assistere.
405 1338 633 1438 Quapropter
662 1338 732 1412 huc
761 1338 895 1414 advos
922 1365 969 1414 ex
990 1342 1085 1439 regis
1112 1341 1266 1440 imperio

198 1455 343 1546 missus,
365 1455 544 1531 interdico
558 1481 605 1528 ne
622 1456 726 1530 illum
745 1458 781 1529 in
801 1472 920 1530 vestro
935 1457 1091 1556 collegio
1109 1457 1266 1532 audeatis

197 1575 388 1672 suscipere.
403 1575 487 1648 Nos
499 1589 632 1663 autem,
649 1572 778 1646 audita
792 1576 888 1673 regis
901 1572 1120 1671 defensione,
1135 1580 1265 1647 timen-

197 1706 250 1764 tes
259 1692 354 1763 iram
363 1692 443 1791 ejus
454 1697 647 1792 incurrere,
660 1690 844 1764 noluimus
857 1691 954 1764 nunc
964 1692 1140 1764 hominem
1153 1694 1266 1766 coeuti

195 1823 314 1881 nostro
338 1807 571 1908 conjungere.
604 1807 709 1907 Quid
726 1807 867 1909 plura?
887 1808 965 1881 Sub
980 1809 1263 1910 fidejussoribus

196 1925 339 2012 missus,
348 1923 497 1997 ducitur
504 1922 759 2024 adjudicium.
772 1922 937 2025 Raduffo
945 1941 1068 1998 autem
1077 1928 1223 2026 Basso(
1230 1929 1261 2025 ι)

194 2038 339 2113 sedente
352 2067 419 2141 pro
436 2039 628 2132 tribunali,
646 2046 879 2141 congregatis
898 2048 1007 2115 esiam
1023 2044 1260 2141 provinciali-

195 2157 261 2229 bus
285 2159 457 2231 universis
480 2156 587 2258 opud
602 2157 880 2232 Huntedoniam
898 2161 950 2253 (2)
969 2161 1030 2255 (ut
1046 2184 1125 2232 mos
1144 2174 1200 2230 est
1221 2161 1259 2231 in

194 2271 356 2368 Anglt'o)
365 2325 376 2361 ‚
391 2298 459 2372 ego
473 2274 553 2373 ipse
567 2274 741 2362 Henetus,
761 2299 845 2347 cum
862 2274 1054 2347 abbatibus
1070 2275 1257 2349 Ranatdo

82 2456 86 2467 .
192 2389 420 2464 Romesicnsi
431 2391 498 2488 (ὅ),
514 2406 549 2463 et
561 2389 746 2464 Rodberto
763 2391 950 2481 Tomenst',
965 2416 1103 2463 necnon
1115 2391 1257 2464 clericis

189 2505 354 2606 pluribus
370 2523 404 2579 et
419 2511 607 2581 monachis
625 2506 783 2605 intefui.
802 2509 855 2581 Et
871 2536 917 2582 ne
932 2536 998 2582 vos
1012 2509 1158 2606 longius
1166 2535 1257 2611 pro-

189 2623 333 2697 traham
340 2680 354 2714 ,
373 2641 571 2698 accusatus
591 2626 653 2698 itte
671 2653 753 2700 cum
771 2651 886 2699 neore
899 2642 1159 2726 proe.sentutur,·
1180 2628 1255 2699 cri-

188 2741 291 2813 mino
314 2741 387 2814 sibi
395 2738 507 2840 falso
530 2746 701 2844 imposito
724 2761 951 2815 renovantur.
978 2741 1046 2814 Ille
1071 2767 1146 2814 non
1169 2758 1254 2814 octo

187 2858 366 2958 negabat,
382 2860 485 2960 quod
498 2887 569 2934 non
570 2857 721 2960 fecerat
734 2859 897 2959 confiteri
912 2859 1095 2959 nequibat.
1112 2860 1150 2931 E
1163 2884 1254 2932 con-

188 2988 245 3048 tro
266 2974 315 3048 de
333 2975 526 3049 mendacio
547 2979 728 3076 arguitur,
749 2975 952 3066 deridetur3
970 2976 1159 3049 eratenim
1179 2975 1255 3047 att·-

187 3091 404 3191 quontulum
428 3093 675 3193 corpulentae,
703 3091 897 3165 mediocris
917 3117 1099 3192 persone,
1125 3108 1159 3163 et
1184 3090 1283 3178 lto-⁸

186 3220 325 3279 nestom
343 3205 405 3302 (ut
434 3207 487 3277 ita
516 3207 664 3301 dicam)
692 3206 844 3278 cltertem
872 3207 928 3304 (1)
956 3206 1146 3304 habebat).
1163 3206 1254 3279 Post

220 3468 261 3535 (s)
277 3465 317 3520 Ce
331 3480 503 3539 personnage
518 3473 560 3519 cst
577 3462 603 3518 le
618 3463 708 3519 meme
723 3449 778 3538 quc
793 3481 863 3518 nous
879 3482 991 3518 venons
1004 3464 1107 3535 figures
1119 3463 1182 3535 plus
1192 3463 1251 3519 loin

180 3551 358 3608 sous'lenom
368 3552 405 3607 <le
414 3550 504 3606 Bsostl
518 3551 619 3619 flasset,
634 3562 662 3606 et
672 3552 720 3626 qui
730 3553 774 3607 fut
783 3551 840 3605 i'uu
854 3551 901 3605 des
913 3552 1039 3605 hommes
1050 3568 1105 3624 que
1118 3551 1206 3605 Henri
1217 3551 1251 3604 t«

180 3659 213 3698 se
226 3641 288 3719 ῥιιῑ
300 3644 315 3697 i
328 3642 397 3698 ticer
408 3642 457 3698 des
470 3641 594 3697 derniecs
607 3660 689 3716 nugs
701 3641 773 3696 dela
787 3642 888 3696 societ&
901 3659 973 3714 pour
983 3639 1045 3694 leur
1053 3639 1161 3694 donner
1170 3650 1251 3695 tonte

178 3746 211 3784 sa
225 3729 378 3795 confisces,
393 3739 423 3784 ct
435 3728 475 3784 ies
489 3727 578 3783 elever
590 3746 643 3784 aex
657 3728 718 3802 pius
731 3727 849 3802 grandes
861 3728 977 3801 charges
993 3727 1028 3781 de
1043 3715 1139 3792 l'Etat‚
1155 3727 1249 3800 prese'-

181 3817 336 3873 mhlement
346 3822 361 3873 s
373 3817 399 3873 le
413 3817 538 3873 nohiesse
552 3820 600 3893 qui
613 3820 753 3874 entourait
765 3837 815 3874 son
826 3817 916 3873 trisne.

217 3906 256 3976 (α)
269 3905 467 3979 Huntingdon‚
484 3910 522 3962 οὺ
537 3907 626 3962 Raoul
640 3909 733 3962 Basset
744 3908 812 3962 erait
822 3925 893 3961 vcnu
905 3907 978 3961 tenir
989 3906 1028 3960 les
1041 3906 1145 3959 assises.

218 3993 259 4066 (3)
274 3996 424 4068 Reginam,
442 3997 512 4053 abbe
530 3998 564 4053 dc
580 3998 699 4070 Ramsey
716 4001 848 4066 (rsit-20
864 3999 917 4052 mai
936 3994 1028 4066 1153).
1046 3996 1128 4051 Cette
1142 3994 1247 4067 abbaye

179 4096 223 4138 est
235 4085 323 4139 situee
335 4083 403 4139 dans
416 4085 441 4140 ie
455 4086 725 4160 Huntingdonshirc.

216 4174 256 4244 (4)
269 4175 341 4229 C'cst
356 4174 381 4230 lc
392 4176 470 4231 vicus
485 4187 542 4230 mot
556 4176 673 4249 franceis
686 4174 766 4231 chere
779 4177 788 4244 (
795 4176 898 4247 vissge,
916 4174 1019 4245 figure)
1032 4173 1149 4228 latinise.
