2888 4934
183 420 291 495 [1096]
582 417 698 478 llllEll
720 419 855 478 NONUS.
1195 420 1254 481 475

182 545 351 637 floribus,
377 547 485 619 nimis
513 548 637 620 infesta
664 548 936 647 comprobatur.
957 548 1049 620 Nam
1073 550 1109 620 iu
1133 548 1255 621 eadem

182 661 1256 765 adhucgentenaturalisseritascoalescit,etgenuinusardor

182 780 372 879 praeliandi
389 782 509 869 saevit,
528 783 589 881 qui
607 783 781 855 ruricolas
794 799 830 855 et
847 798 989 880 pacatos
1006 780 1172 854 officiales
1186 783 1256 855 suis

184 899 222 970 in
238 898 375 972 aedibus
391 899 511 999 quiete
528 901 744 973 commorari
763 925 838 973 uon
855 900 1046 998 permittit.

234 1015 267 1088 A
280 1016 450 1106 Rolloue,
466 1017 573 1090 validi
584 1017 690 1091 duces
699 1020 875 1117 praefuere
888 1019 1109 1092 Normannis
1122 1044 1257 1117 pugna·

185 1134 288 1208 cibus
304 1166 312 1207 :
329 1136 543 1209 Guillelmus
561 1137 696 1209 scilicet
707 1139 830 1239 Longa
845 1138 950 1236 Spata
965 1152 1002 1210 et
1012 1135 1185 1210 Ricardus
1200 1162 1259 1209 ve-

184 1253 300 1343 tulus,
320 1253 493 1327 Ricardus
509 1255 541 1326 ll
551 1310 562 1344 ,
581 1255 805 1328 Gunnoridis
828 1255 939 1344 filius,
960 1271 995 1327 et
1008 1252 1081 1327 duo
1102 1252 1165 1326 filii
1185 1254 1259 1353 ejus

183 1371 507 1472 Ricardusjuvenis
521 1389 557 1445 et
578 1372 1132 1471 RodbertusJerosolymitanus3
1153 1387 1259 1470 atque

182 1487 395 1561 Guillelmus
420 1487 573 1561 Nothus.
594 1489 663 1561 lste
689 1515 794 1579 vero,
824 1490 886 1589 qui
916 1504 1079 1586 tempore
1111 1488 1258 1559 ultimus

183 1605 322 1693 extitit,
344 1630 469 1677 omnes
495 1621 733 1679 antecessores
751 1632 833 1679 suos
850 1604 1062 1678 fortitudine
1086 1621 1122 1676 et
1140 1603 1257 1676 subli-

183 1723 309 1795 mitate
344 1722 581 1812 transcendit,
609 1725 839 1824 moriensque
868 1722 1055 1796 Radberto
1089 1724 1259 1794 ducatum

183 1840 441 1930 Normanuiae,
468 1858 504 1914 et
526 1842 721 1916 Guillelmo
752 1868 904 1942 regnum
934 1838 1077 1940 Angliae
1108 1838 1256 1911 dimisit.

184 1957 390 2031 Rodbertus
399 1975 531 2044 autem,
545 1960 664 2033 mollis
675 1959 761 2049 dux,
774 1961 926 2059 arigore
938 1959 1104 2057 priorum
1111 1956 1257 2048 decidit,

184 2091 221 2147 et
242 2076 386 2173 pigritia
402 2074 624 2176 mollitieque
644 2077 783 2174 torpuit
790 2105 801 2165 ;
820 2076 898 2174 plus
914 2075 1152 2174 provinciales
1169 2072 1259 2146 sub-

182 2191 278 2266 ditos
295 2193 444 2280 timens,
460 2204 568 2293 quam
581 2192 626 2265 ab
637 2194 707 2265 illis
719 2193 928 2282 timebatur,
943 2209 980 2264 et
994 2191 1075 2265 inde
1088 2190 1258 2263 damnosa

183 2310 398 2410 perversitas
413 2313 559 2383 interra
578 2313 651 2411 ejus
664 2312 795 2410 passim
808 2311 1048 2412 grassabatur.
1064 2311 1257 2399 Hernicus,

183 2427 415 2518 fraterducis,
424 2430 676 2517 Dansrontem,
690 2430 924 2503 fortissimum
932 2445 1101 2518 castrum,
1110 2426 1262 2527 posside·

184 2544 266 2636 bat,
282 2563 319 2620 et
335 2574 502 2647 magnam
520 2565 661 2646 partem
677 2548 855 2622 Neustriae
867 2547 936 2621 sibi
948 2549 1070 2622 lavore
1081 2547 1140 2620 vel
1151 2547 1261 2618 armis

184 2661 393 2763 subegerat,
411 2665 588 2764 fratrique
605 2689 669 2765 suo
686 2664 730 2736 ad
748 2663 892 2736 libitum
913 2690 1035 2752 suum,
1058 2688 1124 2736 nec
1140 2662 1258 2750 aliter,

185 2780 464 2856 obsecundabat.
482 2783 598 2855 Porro
616 2782 705 2854 alius
720 2784 845 2871 frater,
865 2783 927 2882 qui
946 2781 1089 2881 Angliae
1100 2779 1260 2853 diadema

185 2899 354 3001 gerebat,
377 2900 412 2971 in
428 2900 671 2991 Normannia,
690 2916 731 2972 ut
746 2925 844 2988 reor,
863 2898 1067 3000 plusquam
1080 2926 1130 2972 xx
1147 2914 1258 2972 castra

185 3015 350 3107 tenebat,
366 3035 402 3091 et
414 3044 581 3116 proceres
593 3018 862 3118 oppidanosque
875 3035 1039 3118 potentes
1051 3016 1263 3091 muneribus

185 3132 254 3209 sibi
279 3136 335 3208 vel
365 3136 565 3209 terroribus
584 3137 759 3210 illexerat.
779 3135 985 3209 Rodbertus
1003 3135 1124 3224 enim,
1144 3161 1262 3209 comcs

186 3253 359 3326 Aueensis
398 3268 434 3324 et
466 3250 667 3350 Stephanus
700 3252 975 3340 Albae-llllarlae,
1009 3250 1182 3325 Girardus
1218 3250 1263 3323 de

186 3369 357 3443 Gornaco
371 3385 406 3442 et
423 3368 592 3441 lladulsus
608 3368 652 3442 de
676 3368 851 3457 Conchis,
870 3369 1077 3444 Rodbertus
1093 3393 1240 3469 quoque
1249 3422 1260 3456 ,

187 3512 309 3561 comes
325 3486 371 3561 de
387 3488 579 3576 Mellento,
595 3505 629 3560 et
648 3487 853 3561 Gualterius
869 3487 1053 3574 Gilardus,
1077 3485 1263 3585 Philippus

186 3604 394 3680 deuraiosa
421 3609 477 3702 (ι)
507 3621 543 3677 et
569 3606 742 3679 Ricardus
767 3605 811 3679 de
839 3606 1009 3693 Cureeio,
1030 3606 1162 3704 aliique
1184 3630 1264 3703 per-

186 3722 331 3823 plures,
361 3749 443 3796 cum
471 3723 640 3796 omnibus
665 3725 731 3796 sibi
759 3722 909 3796 subditis
939 3722 1203 3794 munitionibus
1228 3739 1265 3794 et

642 3874 886 3882 ———--.-—--—--
890 3873 1049 3882 ...ω--σ--ι

224 3939 264 4010 (r)
278 3937 354 3992 Lisez
371 3961 376 3990 ε
392 3938 495 4005 ilenri,
513 3945 604 3991 comte
619 3936 704 4001 d'Eu,
721 3946 750 3990 et
765 3954 820 3991 non
838 3953 887 3989 son
905 3935 977 3990 a‘r'eul
993 3934 1113 4001 Hubert,
1130 3936 1179 4009 qui
1197 3935 1264 3989 erait

187 4039 267 4114 mort
279 4039 360 4082 avant
377 4026 452 4100 1095.

226 4120 359 4182 Etieunc,
376 4128 466 4172 couno
479 4114 639 4184 d’Aumale,
654 4117 752 4170 cousin
768 4115 893 4186 germain
907 4114 946 4168 ‹lu
960 4114 1014 4169 duc
1027 4114 1143 4171 Robert.

225 4207 346 4274 Girard,
361 4209 490 4280 seigneur
503 4206 538 4260 dc
551 4207 694 4272 11000001,
712 4205 753 4260 fils
768 4205 803 4261 de
818 4207 935 4279 lingue,
951 4208 1072 4280 premier
1086 4206 1123 4261 du
1140 4224 1219 4267 nunt,
1235 4218 1262 4257 rt

189 4297 226 4353 dc
240 4296 352 4363 Basilic,
368 4296 422 4352 fille
435 4297 470 4350 dr
483 4295 587 4352 Girard
601 4295 709 4351 Fleitcl.
