2888 4934
167 346 280 425 [ross]
540 341 866 407 crssuocrivus.
1181 348 1240 408 sor

168 505 277 580 pares
291 476 381 565 sibi,
400 473 590 576 subjugare
606 504 748 552 sommo
765 478 847 551 nisu
863 475 1062 568 laborarit,
1081 494 1118 550 et
1133 503 1248 579 quos-

167 596 270 688 dam,
286 612 398 696 prout
410 595 619 668 insatiabilis
633 597 808 696 cupiditas
820 596 982 685 dietavit,
998 594 1090 670 dolis
1102 614 1137 669 et
1152 599 1249 670 into-

170 713 518 805 lerabilibusbellis,
537 731 599 787 aut
613 714 790 789 insidiosis
812 713 1001 788 assultibus
1021 741 1094 787 suae
1117 714 1247 788 ditioni

172 822 357 909 curvavit)
367 835 445 907 Hoc
456 832 595 932 experti
610 834 811 931 suntHugo
824 832 869 905 de
879 832 1066 923 Nonanto,
1081 832 1250 931 Paganel-

171 951 231 1026 lus
239 967 277 1025 et
287 949 491 1024 Rodbertus
502 950 547 1022 de
559 950 691 1022 Sancto
701 949 888 1039 Cerenico,
901 947 1106 1022 Bernartius
1114 948 1160 1021 de
1173 947 1250 1021 Fir-

171 1069 392 1166 mitate(1),
410 1085 448 1141 et
463 1068 523 1140 alii
541 1067 668 1157 multi,
683 1093 773 1168 quos
789 1066 885 1140 idem
896 1091 989 1165 saepe
1004 1065 1246 1151 contristavit,

172 1182 371 1284 multisque
389 1181 506 1256 modis
533 1182 663 1256 terruit
685 1200 721 1256 et
738 1183 876 1255 afflixit.
898 1182 1034 1255 Multos
1052 1181 1248 1268 nimirum,

173 1299 332 1402 demptis
345 1299 545 1375 honoribus
563 1317 600 1373 et
612 1299 808 1374 combustis
826 1297 1113 1389 munitionibus,
1133 1297 1252 1372 bumi-

175 1417 298 1508 liarit,
314 1444 376 1492 seu
390 1417 617 1518 depopulatis
633 1416 913 1517 possessionibus
929 1418 967 1490 in
985 1418 1134 1489 nimiam
1148 1442 1251 1516 eges-

176 1551 290 1612 tatem
307 1536 463 1637 redegit,
481 1536 559 1624 vel,
582 1534 680 1636 quod
706 1551 760 1608 est
777 1536 894 1635 pejus,
913 1533 1109 1608 debilitatis
1132 1560 1251 1607 mem-

176 1649 255 1729 bris
284 1679 448 1742 mancos,
478 1668 541 1724 aut
574 1650 772 1750 loripedes,
802 1651 860 1724 vel
889 1649 1025 1725 orbatis
1055 1649 1253 1723 luminibus

179 1767 325 1845 inutiles
340 1768 511 1842 reddidit.
531 1768 661 1841 Misera
680 1771 801 1869 itaque
823 1769 924 1868 regio
939 1768 976 1840 in
995 1766 1253 1841 desolationem

178 1884 341 1976 redibat,
370 1885 458 1960 dum
484 1885 640 1986 flagrans
669 1887 830 1984 tyrannis
858 1886 999 1958 cruenti
1028 1883 1254 1959 Marcbionis

177 2029 306 2080 omnm
330 2005 504 2078 finitimos
527 2004 740 2077 conculcare
764 2002 965 2093 ambiebat3
988 2020 1115 2077 contra
1145 2028 1254 2104 quem

172 2121 389 2197 animositas
428 2121 653 2221 ingenuitate
684 2121 763 2219 pari
804 2121 1020 2193 tumentium
1062 2120 1255 2218 pristinam

171 2237 388 2315 libertatem
409 2263 523 2337 usque
542 2236 587 2309 ad
609 2253 768 2310 mortem
785 2235 968 2309 defensare
984 2235 1177 2335 satagebat.
1197 2237 1256 2309 Sic

173 2342 357 2429 immensa
372 2352 534 2452 quotidie
547 2350 765 2425 detrimenta
782 2350 1009 2440 crescebaut,
1029 2367 1067 2423 et
1084 2376 1153 2449 pro
1170 2352 1256 2423 vin-

170 2467 279 2545 dicta
295 2469 354 2543 vel
371 2467 612 2570 adquisitione
627 2467 757 2541 damna
770 2466 910 2540 damnis
926 2467 1061 2566 adjecta
1080 2492 1137 2539 res
1153 2492 1256 2540 mor-

175 2586 313 2661 talium
335 2586 590 2676 conterebant,
610 2587 880 2686 terrigenasque
896 2584 940 2657 ad
959 2583 1115 2658 inediam
1136 2585 1257 2657 mina-

175 2699 288 2777 bant.

233 2818 459 2910 Goislredus,
479 2819 653 2893 Rotronis
669 2818 897 2892 Mauritaniae
915 2819 1058 2892 comitis
1073 2817 1167 2892 filius
1179 2818 1256 2918 (2),

222 3150 264 3223 (r)
277 3149 381 3223 lingue
393 3147 429 3201 de
439 3147 745 3221 Nonant·sur·Queuge
756 3147 865 3220 (Orue)
876 3148 951 3203 avait
962 3148 1173 3222 probablement
1185 3168 1260 3205 rem-

188 3239 268 3316 place
277 3239 376 3314 depuis
385 3257 439 3312 peu
450 3237 485 3292 de
497 3248 586 3311 temps
598 3236 697 3292 Altard
710 3237 745 3291 de
756 3238 883 3306 Nonant,
895 3238 979 3312 qu’on
992 3239 1050 3294 voit
1059 3238 1163 3313 figures
1172 3242 1260 3314 parmi

188 3331 230 3389 ln
242 3332 425 3388 bieulaiteurs
440 3329 476 3383 ele
489 3327 807 3401 l'Abbaye·aux·Dames
819 3340 847 3384 et
859 3329 894 3384 de
910 3329 1101 3385 Notre-Daure
1113 3329 1148 3383 de
1164 3331 1262 3385 Saint-

189 3421 446 3479 piem-sur-utve.
455 3450 492 3463 —
505 3419 541 3472 La
557 3418 661 3473 samille
674 3418 772 3474 Painel
785 3437 801 3471 a
815 3418 931 3492 possede
942 3417 969 3472 le
985 3418 1034 3473 lies
1046 3418 1081 3474 de
1095 3420 1261 3482 flautei-ive,

189 3510 397 3587 prdsAlenqon,
410 3508 511 3582 auquel
520 3507 572 3563 elle
581 3527 596 3562 a
606 3507 880 3562 souventdouneson
888 3506 1119 3562 nom-Robert
1126 3506 1161 3561 de
1170 3507 1262 3562 Salut-

189 3602 293 3659 Ceueri
306 3601 367 3655 doit
382 3601 441 3655 etse
455 3599 562 3653 Robert
577 3599 690 3664 Giroie‚
708 3599 839 3671 seigneur
856 3597 892 3653 de
908 3598 1116 3665 Saint-Ceueri,
1135 3598 1263 3670 tonjours

191 3693 345 3767 u'guerre
357 3708 421 3745 arec
434 3689 460 3744 le
474 3698 566 3743 comte
579 3688 614 3742 de
629 3687 759 3743 Belleme.

226 3780 326 3840 Painel
338 3791 367 3836 et
379 3779 486 3836 Robert
498 3779 533 3832 de
545 3778 742 3835 Saint-Ceneri
754 3777 859 3831 etaient
869 3774 1082 3848 prohablement
1091 3775 1140 3831 des
1152 3795 1264 3832 russam

192 3870 229 3929 de
245 3868 494 3927 Robert-Bernard
511 3867 545 3922 de
564 3870 600 3922 ta
618 3865 855 3931 Ferte-Bernard,
871 3865 993 3938 premier
1006 3864 1045 3919 du
1063 3884 1143 3935 nom,
1163 3868 1263 3923 second

194 3961 239 4017 fit·
249 3960 285 4016 de
297 3959 403 4016 Goslen
416 3959 557 4026 Noemau,
573 3959 631 4030 tige
644 3957 680 4011 de
692 3956 718 4010 la
731 3955 835 4010 lamille
847 3955 956 4011 Giroie.

228 4050 270 4120 (α)
280 4048 425 4115 Geoliroi,
437 4048 583 4103 deuxieme
596 4047 635 4101 du
649 4065 729 4114 nom,
744 4055 836 4101 comte
848 4045 888 4100 dn
900 4046 1021 4113 Perche,
1036 4046 1106 4103 avait
1120 4046 1235 4102 succe'de'
1249 4049 1263 4100 i

197 4156 245 4194 sou
262 4138 327 4211 pere
341 4135 450 4192 Rotrou
462 4154 522 4191 vers
539 4135 620 4203 1080,
637 4146 665 4191 et
677 4145 792 4191 mourut
804 4153 837 4190 eu
851 4135 965 4190 octobre
979 4153 1055 4191 rioo.
