2888 4934
182 408 316 481 [uranu.
336 405 426 478 1098]
574 400 692 461 LIBER
713 399 847 460 NONUS.
1186 405 1247 464 539

181 533 281 607 ribus
304 534 373 607 suis
396 532 597 606 collocavit.
618 530 753 604 Deinde
773 531 917 620 Pirrus,
943 547 1131 634 postquam
1158 531 1249 605 vidit

181 649 280 750 quod
304 652 425 750 plures
443 676 515 723 non
534 666 783 749 sequerentur,
810 646 913 720 valde
930 649 1062 738 tristis,
1087 664 1249 722 materna

181 766 310 840 dixisse
342 767 464 866 lingua
493 767 608 838 fertur
630 797 638 836 :
660 766 765 838 Heu!
791 764 881 837 lreu!
914 765 1050 838 micltro
1079 768 1248 841 Francos

183 884 317 956 ethome
333 890 362 981 (r
372 887 399 979 ),
414 882 482 956 hoc
495 899 549 956 est
564 913 573 954 :
580 909 723 985 paucos
732 884 899 956 Francos
912 882 1101 955 habemus.
1113 885 1249 983 Longo

183 999 315 1072 bardus
332 1026 419 1099 ergo
432 1026 498 1098 per
515 1002 645 1074 scalam
662 1026 838 1098 properus
855 999 1055 1089 descendit,
1076 1017 1113 1074 et
1129 1011 1250 1099 expec-

185 1120 274 1191 tanti
294 1117 506 1192 Buamundo
533 1119 672 1191 eminus
699 1118 790 1191 dixit
810 1148 818 1191 z
844 1119 946 1217 Quid
963 1118 1073 1215 agis?
1091 1147 1141 1191 on
1158 1119 1250 1192 dor-

183 1235 278 1308 mis?
294 1237 403 1308 Mitte
416 1236 587 1308 velociter
599 1263 685 1335 quos
700 1240 875 1309 missurus
890 1264 946 1326 es,
962 1239 1052 1336 quio
1066 1237 1251 1310 indemnes
1295 1255 1297 1259 ‘

176 1360 257 1453 jam
276 1354 497 1427 obtinuimus
521 1372 590 1426 tres
607 1371 735 1426 turres.
756 1355 934 1454 Alioquin
950 1372 984 1426 et
999 1381 1063 1426 nos
1073 1412 1085 1443 ‚
1102 1373 1135 1425 et
1159 1356 1252 1426 civi-

185 1488 292 1542 tatem
301 1529 313 1560 ,
334 1488 368 1542 ct
384 1478 541 1543 anticum
561 1489 681 1559 tuum,
697 1474 764 1570 qui
784 1490 896 1545 totam
919 1499 1019 1571 spem
1038 1489 1073 1542 et
1088 1476 1252 1543 animam

184 1617 286 1662 suom
306 1591 480 1661 insicum
498 1607 597 1660 tuum
613 1590 814 1687 expondit,
835 1592 1005 1661 amisisti.
1027 1589 1090 1660 His
1107 1587 1250 1674 auditis,

184 1703 411 1778 Boamundus
421 1760 432 1792 ,
452 1721 488 1777 et
503 1707 565 1805 qui
584 1732 665 1777 cum
683 1721 862 1794 socrant,
879 1703 976 1778 dicto
989 1705 1093 1776 citius
1109 1729 1253 1776 cursum

183 1823 379 1921 arripiunt,
408 1824 512 1895 multi
541 1849 722 1896 ascensum
754 1838 1026 1920 praeoccupant,
1054 1838 1090 1895 et
1118 1837 1253 1919 septem

185 1940 288 2026 alias,
303 1942 408 2012 Pirro
424 1939 597 2027 docente,
615 1956 732 2012 turres
751 1942 902 2013 intrant.
920 1940 1050 2011 Occisis
1070 1936 1253 2024 omnibus,

185 2081 275 2154 quos
298 2058 391 2126 intus
411 2057 642 2147 invenerant,
657 2059 731 2154 jam
749 2082 813 2154 per
827 2082 950 2127 muros
967 2073 1003 2128 et
1020 2057 1153 2153 plateas
1167 2081 1254 2153 per-

186 2190 332 2260 sonant,
355 2175 482 2270 passim
509 2173 736 2259 discurrunt,
755 2174 964 2273 neminique
990 2173 1148 2246 obvianti
1176 2199 1256 2270 par-

186 2306 284 2362 cunt.
299 2290 413 2377 Cives,
425 2289 610 2363 laboribus
622 2291 740 2389 longae
756 2289 1112 2388 obsidionislatigati,
1124 2289 1184 2362 vix
1197 2314 1256 2361 ex·

186 2405 494 2504 pergiscebantun
536 2422 573 2478 et
605 2404 720 2487 adhuc
760 2407 975 2480 somnolenti
1017 2404 1144 2479 domos
1179 2431 1258 2477 suas

188 2524 340 2595 inermes
357 2523 652 2622 egrediebantur3
673 2549 822 2609 somn0,
842 2549 1002 2622 sonoque
1025 2522 1257 2595 clamantium

187 2639 393 2734 stupefacti,
419 2639 530 2711 cautis
559 2639 691 2710 incauti
718 2636 971 2727 occursabant,
992 2652 1029 2709 et
1052 2662 1129 2709 rem
1152 2638 1257 2734 igno-

188 2771 320 2842 rantes,
334 2754 575 2843 adversarios,
587 2771 713 2852 utpote
726 2780 806 2826 suos
819 2754 979 2839 clientes,
994 2751 1254 2826 convocabant.

188 2871 414 2970 Ubicumque
442 2872 552 2971 igitur
576 2870 833 2955 obviabantur,
857 2887 1025 2970 tauquam
1051 2894 1135 2941 oves
1166 2893 1258 2966 pro-

189 2987 408 3059 cumbebant
439 3004 475 3058 et
507 2987 834 3061 obtruncabantur.
869 2989 972 3059 Tunc
997 2988 1105 3058 etiam
1130 3001 1259 3057 coute-

189 3104 289 3173 rinus
310 3104 402 3174 Pirri
423 3106 535 3176 lrater
556 3120 728 3177 mactatus
749 3123 801 3176 est
826 3106 895 3202 (2).
915 3107 1054 3177 Interea
1080 3104 1169 3175 tanti
1193 3128 1259 3200 per

190 3220 319 3292 scalam
346 3247 473 3320 repere
496 3240 702 3320 coeperant,
726 3239 766 3295 ut
792 3225 864 3321 ipsa
879 3223 971 3296 scala
992 3221 1166 3295 dissiliens
1181 3218 1258 3291 dis·
1314 3243 1317 3247 ’

188 3339 402 3425 solveretur,
433 3365 498 3412 nec
527 3340 607 3424 alii,
634 3341 697 3440 qni
723 3343 843 3438 jusum
877 3341 931 3436 (ὅ)
960 3355 1111 3437 propter
1134 3362 1260 3409 muros

189 3452 355 3540 aderant,
372 3457 474 3528 sociis
493 3482 631 3527 sursum
650 3455 895 3555 pugnantibus
918 3454 1080 3526 auxiliari
1099 3467 1258 3552 possent.

192 3639 355 3648 ----

226 3738 264 3806 (1)
278 3745 335 3799 Φεῦ,
348 3746 403 3807 φεῦ,
418 3748 490 3809 μιχρὸ
503 3747 620 3808 eptimam
634 3741 714 3804 ἔχομε.

226 3828 265 3896 (a)
279 3828 394 3881 Suivant
405 3826 430 3879 la
445 3827 558 3899 plupart
570 3826 619 3880 des
633 3827 783 3880 historiens
797 3824 832 3878 de
846 3824 871 3877 la
886 3822 1024 3888 croisade,
1040 3840 1071 3876 ce
1084 3822 1157 3876 frere
1169 3821 1261 3875 aurait

191 3920 234 3971 ete
248 3920 297 3970 tue
310 3936 360 3989 par
373 3917 493 3969 Plrirouz
512 3916 674 3984 lui-meme,
689 3935 761 3988 pour
777 3915 885 3969 donner
901 3933 955 3968 aux
971 3915 1072 3968 croises
1086 3932 1142 3967 une
1158 3928 1262 3984 prcuve

192 4006 325 4059 eclatante
338 4005 372 4058 de
385 4005 409 4056 la
423 4005 538 4058 lermcte
552 4005 587 4058 dc
600 4022 627 4059 sa
641 4005 804 4059 resolution.
1165 4067 1169 4077 Ι

228 4092 267 4162 (3)
284 4096 321 4148 Ce
338 4105 409 4159 mot,
431 4104 612 4165 appartenant
629 4098 644 4147 {a
663 4095 689 4148 la
703 4094 780 4148 basse
794 4095 915 4160 latinns,
932 4104 973 4147 cst
991 4109 1140 4164 synonyme
1154 4087 1261 4159 d’insc-

197 4187 265 4242 rius·
282 4204 317 4237 on
331 4185 410 4237 ‹lisait
425 4186 495 4237 aussi
510 4204 543 4237 cn
559 4183 658 4256 langue
672 4183 794 4257 vulgaire
810 4209 814 4238 :
830 4204 885 4256 μω.
