2872 4920
186 453 244 512 166
459 444 641 505 uts'rotttt
666 441 970 507 eccttsttsttcu

220 579 309 668 Odo,
318 579 652 675 Sutriae(1)comes,
666 577 839 651 invasoris
846 574 1022 664 Witberti
1035 598 1151 672 nepos
1159 590 1254 669 eret,

181 719 377 796 omnesque
389 710 462 766 tam
475 693 686 793 peregrinos
698 719 806 793 quam
820 689 1003 792 indigenas
1012 714 1103 791 quos
1112 706 1256 790 poteret

181 814 225 888 ad
236 812 408 887 nefariam
420 827 560 910 partem
572 808 762 883 deflectere
776 811 812 884 vi
825 808 1064 910 precibusque
1081 806 1255 887 elabora.-

179 930 255 1019 bat,
267 929 519 1004 etresistentes
529 925 798 1028 indebitamque
809 924 1068 1027 subjectionem
1079 923 1258 1005 boeretioe

179 1046 395 1146 denegantes
421 1041 631 1145 torquebat,
657 1059 719 1116 aut
734 1060 853 1117 morte
868 1043 969 1117 ferali
996 1039 1185 1141 puniebat,
1213 1041 1257 1129 lu

182 1178 279 1236 tanta
304 1162 522 1238 obscuritate
545 1161 719 1237 catholica
746 1160 912 1262 gemebat
936 1159 1117 1244 Ecclesia,
1146 1182 1260 1249 orem

179 1282 393 1371 Dominum,
407 1282 469 1382 qui
483 1305 568 1354 vera
582 1281 642 1353 lux
658 1297 710 1353 est
725 1297 762 1354 et
771 1281 925 1382 justitia,
941 1296 1000 1368 ut,
1011 1277 1258 1378 prostratim

180 1399 308 1472 ablatis
318 1397 505 1473 discordiae
522 1397 750 1485 auctoribus,
766 1423 889 1497 pacem
908 1414 944 1471 et
959 1397 1149 1471 veritatem
1162 1418 1257 1475 onn-

180 1519 291 1593 serret
308 1517 347 1592 in
366 1500 462 1591 terra
479 1515 590 1591 bonoe
606 1516 800 1591 voluntatis
814 1514 1035 1590 hominibus.

229 1635 275 1708 V.
293 1633 1257 1735 [1078-1081.]tndiebusiltisetoquensGraeciagmi

181 1753 362 1827 bellorum
382 1751 527 1827 turbine
549 1753 796 1853 quatiebatur,
823 1770 860 1826 et
887 1752 1093 1852 ingentibus
1114 1752 1258 1828 damnis

181 1870 330 1958 alllicta,
348 1870 480 1944 timore
498 1886 534 1943 et
551 1871 651 1944 luctu
667 1871 803 1943 allatim
820 1870 1041 1969 replebatur.
1059 1869 1259 1947 Bitinaciu

181 1988 279 2061 enim
302 1986 470 2073 Graecus,
495 1988 617 2062 nimiae
637 1986 841 2087 cupiditatis
856 2004 893 2061 et
910 1987 1105 2086 proterviae
1123 1987 1256 2087 spirite

183 2103 436 2195 inflammatus,
453 2106 646 2205 imperium
658 2108 800 2194 invasit,
812 2104 1039 2191 Michaelem,
1054 2103 1259 2180 constanti»

183 2224 436 2324 nopolitanum
449 2225 719 2323 imperatorem,
734 2224 779 2299 de
792 2249 906 2324 regno
919 2223 1071 2322 expulit,
1087 2239 1124 2296 et
1138 2221 1256 2297 filiun

182 2345 268 2442 ejus,
280 2345 341 2443 qui
356 2344 392 2415 in
406 2368 520 2443 regno
534 2344 565 2416 ei
577 2343 767 2417 succedere
778 2342 940 2431 deberet,
955 2342 1070 2417 oculis
1081 2340 1253 2440 privavit,

181 2459 415 2532 etincarcere
425 2457 656 2558 compedibus
667 2460 899 2551 constrinxit,
908 2457 997 2531 filias
1006 2455 1093 2530 duas
1102 2452 1255 2531 Robeeti

182 2575 383 2667 Wiscardi,
402 2603 556 2677 quarum
579 2603 688 2651 unam
715 2576 808 2650 idem
829 2577 971 2677 juvenis
995 2572 1253 2674 desponderat,

183 2691 352 2767 custodiae
367 2694 598 2793 mancipavit.
615 2692 851 2767 Perturbatus
866 2717 955 2766 vero
972 2688 1125 2764 lllichael
1142 2690 1181 2762 iu
1193 2689 1257 2785 lta·

183 2812 267 2885 liam
286 2814 469 2912 confugit,
488 2812 732 2913 auxiliumque
755 2812 1056 2886 Normannorunt
1076 2807 1167 2896 sibi,
1193 2832 1255 2882 ao-

182 2926 329 3028 bolique
341 2956 413 3003 suae
431 2927 621 3002 humiliter
631 2929 848 3029 efflagitavit.
867 2927 1118 3027 Magnanimus
1134 2941 1256 2999 autem

183 3045 391 3118 Wiscardus
407 3045 480 3118 dux
495 3046 665 3146 Augustae
682 3048 873 3144 majestatis
889 3044 1032 3118 exulem
1054 3040 1257 3117 honorifici

183 3161 354 3259 suscepit,
372 3158 554 3261 obsequiis
575 3177 611 3234 et
628 3162 810 3236 favoribus
834 3162 980 3251 lenivit,
1000 3179 1036 3234 et
1061 3158 1255 3260 multiplex

184 3384 341 3458 longtemps
360 3384 440 3457 apres
460 3381 486 3437 ta
506 3394 580 3439 mort
594 3382 629 3439 de
649 3384 789 3458 Gre'goire
806 3384 871 3439 vn.
890 3383 938 3440 On
958 3383 1070 3439 connalt
1085 3381 1112 3436 le
1132 3338 1258 3458 diemque

184 3473 435 3548 epigrammatique
452 3475 490 3528 od
507 3474 527 3528 il
541 3471 620 3528 raille
633 3473 740 3529 Urbain
754 3473 781 3527 Il
799 3491 847 3528 sur
865 3473 892 3527 le
910 3491 964 3546 peu
981 3472 1016 3526 de
1031 3488 1207 3527 convenence
1219 3468 1258 3525 de

184 3578 233 3616 son
246 3578 312 3616 nom
326 3579 389 3616 avec
401 3579 430 3616 sa
444 3560 549 3636 qualite
562 3560 661 3616 d’extte·
675 3561 711 3616 de
724 3560 814 3627 Rome
825 3563 835 3631 (
848 3561 947 3631 Urbs).

347 3674 432 3719 Diceris
446 3673 559 3728 Urbanus,
571 3689 623 3718 cnm
633 3673 666 3717 ris
674 3672 788 3735 projectus
798 3673 828 3717 ab
841 3673 913 3726 urbe,-

349 3756 393 3801 Vct
405 3769 468 3802 muta
481 3774 577 3810 nomeu,¹
589 3757 631 3802 vel
642 3757 774 3818 regrediaris
785 3757 817 3800 ad
826 3757 912 3802 urbem.

220 3868 229 3927 (
236 3865 260 3932 r)
270 3862 360 3928 Sutri,
375 3861 438 3917 ville
449 3862 602 3936 episcopale
610 3863 648 3917 du
660 3863 826 3936 patrimoine
836 3861 1081 3925 deSaint·Pierre‚
1092 3877 1140 3913 sur
1149 3858 1257 3915 lal’oz·

185 3953 251 4008 cola.
261 3951 290 4009 Si
306 3969 355 4007 son
369 3952 498 4026 seigneur
510 3955 567 4024 prit
579 3953 651 4027 parti
663 3964 760 4009 contre
770 3953 795 4007 le
808 3971 892 4026 pape,
905 3961 934 4007 et
945 3953 1089 4025 persevera
1099 3947 1169 4003 dans
1180 3957 1256 4005 cette

186 4041 311 4098 bostilite
320 4041 451 4116 jusqu‘au
465 4043 609 4116 pontificat
618 4043 754 4098 d’Urbain
768 4043 811 4110 ll,
826 4061 934 4097 comme
944 4060 1014 4097 noua
1022 4040 1048 4096 le
1060 4057 1177 4095 vercona
1186 4037 1257 4095 dans

185 4131 211 4186 le
224 4131 292 4187 livre
303 4131 425 4198 suivant,
441 4128 461 4184 it
471 4148 506 4185 en
517 4130 560 4186 sut
572 4140 634 4186 tout
647 4142 805 4186 anti-emeat
816 4131 850 4186 de
865 4150 914 4187 son
927 4129 1030 4203 e'vdqne
1040 4127 1184 4200 bonigon,
1195 4130 1256 4200 pre

184 4217 223 4273 lat
238 4219 362 4275 e'minent
378 4235 468 4291 persa
478 4219 557 4293 piete
572 4228 600 4274 et
615 4237 663 4274 son
680 4220 777 4287 sarcir,
797 4238 851 4294 que
871 4218 1037 4293 l'emperenr
1051 4217 1081 4270 lit
1096 4214 1256 4289 prisonnier

185 4307 253 4363 dans
267 4308 293 4364 la
306 4327 456 4383 campagne
469 4308 504 4363 de
521 4304 596 4367 1083.
