2888 4934
188 370 248 432 150
463 369 647 430 1118101111
672 368 981 429 Etetssstasttcl.
1048 372 1255 453 [not-1122]

186 501 469 600 neophytorum,
489 517 599 599 prout
615 498 680 572 sibi
700 501 853 600 placuit,
869 501 1092 599 amplexatus
1109 518 1176 575 est.
1194 503 1257 577 1110

185 619 387 693 eruditione
404 619 605 691 litterarum
627 636 704 691 erat
723 619 885 717 apprime
909 618 1092 708 imbutus,
1114 621 1257 694 sortitu-

183 737 267 811 dine
288 766 329 810 ac
348 738 509 809 facundia
534 735 725 834 praeditus,
750 753 787 809 et
807 737 851 808 ad
868 736 1131 835 proferendum
1154 736 1257 838 quid-

183 853 270 955 quid
290 852 451 941 volebat,
471 855 667 940 animosus;
686 881 760 926 nou
778 880 930 952 parcens
948 855 984 926 iu
998 856 1168 953 populari
1183 881 1258 929 ser-

183 998 293 1047 mone
323 971 453 1045 infimis
482 997 548 1043 uec
580 971 811 1068 potentibus,
840 972 938 1070 quasi
971 970 1055 1043 tuba
1084 972 1258 1044 exaltabat

184 1116 309 1164 vocem
326 1116 425 1162 suam
452 1091 551 1188 juxta
579 1090 676 1160 lsaiae
699 1090 929 1178 vaticinium,
954 1091 1177 1161 animntians
1197 1115 1258 1188 po·

184 1209 272 1307 pulo
289 1208 485 1282 christiano
497 1207 628 1280 scelera
642 1232 788 1296 eorum,
803 1223 839 1279 et
849 1207 975 1281 domui
989 1207 1108 1280 Jacob
1121 1225 1257 1308 peccata

185 1351 311 1399 eorum
326 1327 341 1422 (
349 1327 395 1423 1).
411 1325 524 1424 Reges
544 1324 654 1422 igitur
670 1323 846 1424 ducesque
864 1323 1130 1397 reverebantur
1144 1325 1255 1397 illum.

183 1444 307 1515 Plures
323 1442 437 1515 turbae
452 1440 680 1512 manicabant
698 1457 738 1512 ut
752 1440 919 1514 audirent
934 1440 1044 1514 verba
1061 1443 1137 1541 ejus
1147 1471 1158 1532 ;
1179 1468 1255 1542 quae

183 1560 432 1659 postmodum,
448 1559 576 1631 auditis
597 1558 719 1631 abillo
738 1559 893 1631 latenter
909 1560 998 1632 olim
1016 1562 1107 1634 actis
1122 1560 1257 1634 lacinc-

184 1675 306 1768 ribus,
336 1675 507 1775 lugubres
537 1693 573 1748 et
601 1679 756 1749 consusae
785 1675 955 1749 redibant
979 1705 998 1749 a
1024 1678 1115 1751 facie
1138 1671 1255 1778 ipsius.

183 1794 309 1866 Omnis
323 1792 414 1866 ordo
433 1794 646 1867 intrinsecus
663 1793 891 1894 pungebatur
907 1797 980 1895 ejus
996 1795 1167 1868 veridicis
1183 1797 1258 1870 alle·

183 1911 399 2011 gationibus.
420 1911 545 1984 Omnis
565 1911 668 2011 plebs
685 1912 985 1985 contremiscebat
999 1939 1124 1985 coram
1141 1914 1205 1987 illo
1217 1911 1256 1985 ad

181 2030 428 2129 correptiones
445 2031 538 2129 ejus,
561 2046 597 2102 et
616 2046 769 2130 uterque
787 2055 907 2118 sexus,
926 2028 1065 2102 rubore
1086 2031 1253 2116 insectus,

182 2146 491 2221 verecundabatur
522 2145 566 2219 ad
596 2149 814 2246 improperia
845 2148 953 2219 illius.
984 2145 1092 2220 Nuda
1124 2149 1256 2248 quippe

184 2264 268 2338 vitia
281 2264 467 2337 manifeste
481 2265 686 2362 premebat,
704 2282 740 2337 et
754 2265 983 2339 occultorum
996 2265 1163 2338 conscios
1177 2289 1257 2365 pro·

183 2381 299 2455 brosis
322 2382 640 2482 redargutionibus
663 2384 881 2456 stimulabat.
913 2384 972 2456 Sic
996 2385 1177 2455 nimirum
1201 2411 1258 2456 su-

184 2501 315 2600 perbos
338 2501 487 2574 athletas
509 2519 545 2573 et
570 2501 765 2574 indomitos
788 2502 885 2600 vulgi
908 2517 1025 2574 coetus
1046 2502 1259 2602 plerumque

184 2618 466 2717 comprimebat,
486 2636 593 2719 atque
610 2619 805 2718 locupletes
824 2618 946 2708 heras,
966 2618 1089 2690 sericis
1104 2618 1258 2691 vestibus

183 2751 220 2807 et
246 2735 434 2806 Canusinis
462 2735 615 2834 pellibus
641 2737 695 2833 (2)
723 2733 872 2806 delicate
892 2732 1052 2821 indutas,
1082 2733 1259 2833 trepidare

183 2851 352 2950 cogebat,
375 2851 461 2924 dum
483 2852 584 2924 serbi
606 2853 669 2925 Ilei
688 2852 807 2950 gladio
828 2853 864 2924 in
885 2852 1015 2924 scelera
1039 2852 1207 2940 saeviret,
1227 2867 1259 2924 et

183 2968 362 3067 spurcitiis
383 2969 538 3065 pollutas
562 2969 795 3042 conscientias
817 2966 920 3040 valde
940 2969 1086 3057 feriret,
1109 2968 1258 3067 grandi-

184 3111 344 3186 sonoque
374 3088 505 3159 divinae
541 3087 859 3159 animadversionis
893 3087 1059 3159 tonitruo
1090 3103 1256 3159 terreret.

184 3205 304 3278 Solers
335 3204 453 3304 itaque
482 3203 756 3277 seminiverbius
784 3203 906 3274 multis
935 3205 1090 3301 proluit,
1128 3197 1257 3278 multos

184 3349 305 3396 secum
317 3324 540 3422 aggregarit,
557 3324 592 3393 in
607 3321 792 3407 coenobio,
808 3321 903 3421 quod
915 3337 1182 3407 construxerat,
1198 3346 1257 3420 per

184 3466 297 3513 anrms
312 3465 364 3513 vn
384 3440 439 3538 (ὃ)
460 3440 534 3511 Deo
550 3440 737 3526 militavit,
754 3454 790 3510 et
808 3436 976 3539 usquead
994 3437 1136 3525 bonum
1153 3439 1257 3511 11110111

185 3557 291 3631 bonae
320 3558 404 3629 vitae
430 3558 639 3656 permansit.
669 3560 709 3629 ln
737 3557 899 3629 oratorio
929 3573 1011 3655 post
1038 3558 1255 3657 aliquantam

185 3674 461 3773 aegritudinem,
500 3676 536 3746 in
568 3703 637 3773 qna
669 3673 823 3746 fideliter
850 3676 1027 3747 consessus
1057 3675 1197 3759 suerat,
1223 3688 1256 3746 et

222 3875 360 3942 (1110110,
375 3894 455 3940 avnr,
475 3896 496 3929 1.

222 3957 260 4025 (a)
270 3959 319 4011 Les
329 3969 480 4030 tronpraux
491 3958 539 4011 des
548 3961 677 4012 environs
688 3957 723 4011 ‹le
733 3959 857 4025 Canuse,
867 3957 931 4013 ville
941 3957 976 4014 de
987 3958 1011 4012 la
1022 3959 1147 4026 Pouille‚
1158 3961 1256 4015 e'taient

186 4046 308 4101 celebres
326 4047 393 4100 (lans
408 4048 564 4121 l'antiqnitc'
586 4067 657 4120 pour
677 4048 702 4102 la
721 4048 817 4103 lincssc
835 4049 870 4103 de
888 4048 961 4104 leurs
979 4049 1102 4119 mimos,
1123 4069 1186 4106 avec
1204 4048 1253 4102 les-

204 4134 291 4190 atelles
305 4153 340 4189 on
356 4135 505 4210 labriqttait
518 4136 566 4191 des
578 4137 672 4191 etoffes
686 4137 877 4193 reclterclae'es.

233 4220 262 4296 ὃ)
275 4224 351 4279 Nous
365 4243 482 4300 pensons
495 4226 562 4300 qu'il
577 4227 635 4281 saut
647 4226 716 4282 liro:
731 4245 799 4281 xvn.
