2888 4934
181 440 241 502 248
454 441 641 502 fltstotua
663 440 970 504 ECCLESIASTICA.
1147 442 1253 520 [1087]

180 571 475 672 impedimentum
511 577 714 648 incutietur.
747 573 926 653 Baldrico
952 589 1075 644 autem
1102 571 1254 646 Nicolai

180 689 254 782 filio
274 691 343 788 (ι),
362 692 450 791 quia
470 695 655 767 servitium
677 720 796 766 meum
814 694 1028 793 insipienter
1044 691 1210 790 reliquit,
1225 709 1256 764 et

179 809 260 879 sine
274 833 357 879 toea
381 808 528 882 lieentia
547 816 585 882 in
606 811 832 909 Hispaniam
854 810 964 899 abiit,
985 825 1097 881 totum
1123 825 1255 882 terram

180 951 286 996 suam
310 952 377 1023 pm
396 928 639 1025 castigatione
658 927 808 1001 abstuli.
840 927 911 1000 See
935 953 1036 999 nuno
1060 926 1121 1000 itti
1141 924 1256 999 reddo

176 1066 248 1141 pro
275 1066 397 1113 autore
419 1042 502 1114 Dei.
521 1042 593 1115 Ilio
616 1043 745 1116 melior
767 1047 806 1130 in
832 1046 946 1119 armis
963 1048 1049 1130 tim,
1069 1068 1167 1131 reor,
1188 1067 1256 1114 nou

180 1159 368 1235 invenitur.
388 1157 465 1230 Sed
476 1159 660 1257 prodigus
683 1177 717 1232 et
742 1159 827 1233 lens
853 1176 927 1247 est,
949 1186 996 1232 oc
1015 1184 1084 1258 per
1111 1157 1256 1231 diversa

180 1291 353 1370 uagatur.
369 1276 428 1348 Sic
441 1274 655 1349 Guillelmus
672 1303 757 1363 rex,
774 1277 858 1348 licet
874 1277 990 1350 nimio
1006 1275 1113 1349 ilium
1128 1271 1256 1351 dolore

181 1389 341 1488 graviter
350 1408 556 1490 angeretur,
571 1419 653 1465 sana
667 1408 786 1465 tamen
797 1408 920 1465 mente
933 1417 974 1464 ae
988 1390 1100 1463 vivaci
1115 1387 1256 1489 loquela

181 1506 370 1581 efficaciter
386 1507 587 1598 fruebatur,
606 1527 642 1582 et
659 1510 694 1581 in
710 1507 898 1599 omnibus,
918 1508 963 1581 de
980 1507 1134 1608 negotiis
1155 1505 1254 1606 regui

182 1625 433 1724 poscentibus,
451 1644 663 1727 promptum
682 1645 719 1701 et
743 1629 830 1701 utile
845 1628 1037 1702 eonsilium
1063 1627 1254 1725 impartio·

182 1740 304 1824 batur.

231 1860 396 1963 Denique
418 1865 548 1965 quinto
568 1864 646 1938 idus
662 1864 895 1965 septembris,
923 1865 1011 1938 feria
1028 1874 1065 1935 v·
1090 1863 1164 1959 (a),
1181 1861 1254 1960 jam

182 1975 325 2052 Phoebo
341 2005 408 2078 per
421 1979 548 2054 orbem
563 1998 753 2080 spargente
775 1981 872 2060 clara
894 1978 1081 2054 radiorum
1096 1974 1253 2076 spicula,

182 2096 320 2169 excitus
336 2121 402 2170 rex
418 2123 549 2173 sonum
566 2098 710 2198 majoris
724 2098 817 2197 signi
836 2096 971 2175 audivit
989 2097 1027 2167 in
1043 2090 1256 2191 metmpolie

183 2227 267 2285 tana
290 2212 448 2288 basilica.
473 2215 736 2290 Percunctante
751 2240 795 2289 eo
816 2212 903 2315 quid
920 2229 1083 2300 sonaret,
1103 2234 1258 2309 respon-

183 2328 317 2405 derunt
340 2333 529 2406 ministri:
550 2336 724 2421 Domine,
748 2333 837 2406 hora
857 2333 978 2431 primu
990 2335 1070 2430 jam
1088 2327 1260 2428 pulsatur

185 2451 225 2521 in
248 2450 401 2523 ecclesia
425 2451 574 2524 Sanctae
602 2454 751 2525 Maria.
779 2452 883 2524 Tune
914 2475 979 2523 rex
1010 2475 1095 2521 cum
1118 2469 1257 2519 summa

184 2564 379 2643 devotione
391 2570 516 2645 oculos
528 2568 572 2642 ad
586 2572 721 2645 coelum
736 2571 870 2658 erexit,
886 2585 922 2642 et
938 2593 1081 2641 sursum
1092 2563 1258 2638 manibus

183 2687 358 2779 extensis,
372 2684 465 2760 dixit
484 2718 493 2762 ε
513 2690 683 2767 Domina
701 2713 809 2776 mem,
823 2704 966 2761 sanotae
985 2688 1054 2758 Dei
1067 2681 1257 2783 genitrici,

186 2807 342 2892 Μανία,
358 2832 415 2878 me
436 2808 667 2896 commendo,
690 2822 731 2878 ut
749 2811 832 2906 ipso
848 2810 924 2878 suis
941 2805 1080 2876 sanetis
1091 2797 1261 2901 precibus

186 2950 244 3009 me
257 2925 460 2997 reconciliet
473 2929 662 2998 carissimo
668 2924 748 3021 filio
760 2950 845 3014 suo,
860 2924 1014 3007 Domino
1026 2934 1162 3007 nostro,
1176 2916 1262 2989 Jesu

191 3040 352 3114 Christo.
379 3041 428 3112 Et
451 3041 504 3115 his
520 3041 647 3123 dictis,
675 3043 842 3140 protinus
860 3038 1050 3138 expiravit.
1078 3030 1261 3108 Archiatri

187 3175 308 3236 autem
334 3175 370 3232 et
397 3159 518 3234 caeteri
550 3175 766 3248 coessentes,
792 3159 854 3258 qui
877 3180 1001 3256 regem
1025 3153 1102 3229 sine
1125 3151 1261 3253 gemitu

186 3294 223 3349 et
253 3278 411 3351 clamore
436 3275 677 3378 quiescentem
706 3292 780 3349 tota
810 3291 917 3347 noete
945 3284 1203 3358 servaverunt,
1225 3282 1262 3340 et

182 3422 286 3475 ,nunc
310 3419 355 3472 ex
380 3394 562 3492 insperato
583 3394 737 3465 siceum
760 3416 844 3465 mox
870 3391 1040 3490 migrasse
1066 3385 1259 3473 viderunt,

222 3617 261 3686 (ι)
274 3613 375 3669 Bandri
388 3614 423 3669 de
432 3613 540 3670 Guitri.
554 3613 636 3668 eene
644 3611 747 3667 offense
755 3610 848 3666 ‹lesait
856 3611 915 3665 itre
929 3610 993 3664 bien
1006 3609 1132 3673 recente,
1144 3606 1263 3679 pisisque

189 3723 259 3760 nous
268 3722 351 3760 avons
363 3723 413 3771 vu,
428 3723 463 3760 en
483 3701 564 3772 1085,
578 3702 680 3758 Baudri
696 3703 850 3756 combattre
863 3699 1051 3754 vaillamment
1066 3714 1102 3751 au
1115 3690 1264 3750 servicede

188 3793 350 3850 Gniliaume
370 3794 438 3850 dans
458 3795 484 3849 le
498 3796 599 3850 Maiae.
615 3794 655 3849 Ce
674 3793 804 3866 seigneur
821 3792 909 3846 tenait
925 3789 961 3845 de
976 3789 1100 3861 l’abbaye
1119 3785 1156 3841 de
1173 3786 1264 3842 Saint-

189 3871 304 3938 Evroult
318 3900 357 3937 un
373 3883 421 3937 fies
432 3883 468 3947 de
479 3884 599 3939 haubert
615 3884 681 3938 assis
696 3883 901 3955 assocquence,
918 3890 947 3934 et
962 3877 1054 3933 devait
1068 3877 1130 3932 etre
1148 3895 1263 3952 person·

190 3973 340 4029 nellement
357 3992 447 4028 connu
461 3974 496 4030 de
507 3987 588 4029 notre
601 3986 714 4040 auteur,
731 3975 780 4048 qui
790 3992 825 4027 en
838 3971 914 4045 parle
925 3973 945 4025 si
957 3980 1074 4025 souvent
1082 3980 1110 4024 et
1120 3987 1185 4025 aveo
1202 3979 1263 4025 taut

189 4063 321 4137 d'eloges.
340 4064 434 4136 Voyez
448 4068 462 4119 ὲ
479 4083 527 4119 son
541 4066 613 4138 sujet
626 4065 649 4119 {a
666 4066 762 4119 charte
778 4063 812 4118 de
823 4063 911 4118 Henri
925 4063 960 4117 1«
969 4081 1004 4116 en
1015 4061 1110 4117 savem
1121 4061 1158 4117 de
1171 4061 1263 4118 Saint-

191 4141 320 4222 Evmuit,
335 4173 398 4210 sous
407 4155 434 4210 la
446 4155 510 4210 date
522 4155 557 4208 de
569 4155 634 4211 1128
648 4156 762 4228 (Gallia
777 4153 950 4220 Christiana,
965 4163 985 4207 t.
998 4151 1066 4221 xl).

225 4245 264 4314 (a)
284 4245 319 4300 Le
328 4244 614 4320 jeudiqseptembre.
