2888 4934
297 378 358 441 354
574 375 760 435 HISTORIA
783 374 1092 436 ECCLESIASTlCA.
1269 381 1375 457 [1⁰90]

299 527 373 584 tem
390 509 560 609 eligeret,
579 508 672 600 dux,
697 506 994 607 persuadentibus
1018 509 1161 600 amicis,
1180 533 1230 583 ne
1253 511 1376 609 perni-

298 631 390 702 ciem
435 626 663 700 inhonestam
716 624 845 700 stolide
887 626 1121 716 incurreret,
1166 629 1377 730 cunctisque

298 747 519 820 Normannis
543 770 703 844 perenne
728 743 970 845 opprobrium
986 745 1108 835 lieret,
1126 746 1270 845 fugiens
1295 774 1377 822 cum

299 864 433 963 paucis,
448 888 514 961 per
524 863 737 935 orientalem
754 877 897 960 portam
913 863 969 960 (r)
983 887 1144 962 egressus
1158 881 1226 953 est,
1243 881 1279 936 et
1291 890 1376 938 mox

298 1010 316 1054 a
333 980 550 1055 suburbanis
564 981 654 1070 vici,
674 981 736 1080 qui
755 981 848 1052 Mala
863 981 968 1052 Palus
983 980 1118 1054 dicitur
1129 984 1207 1082 (2),
1224 981 1377 1056 fideliter

300 1117 341 1172 ut
358 1099 519 1198 specialis
537 1098 644 1171 herus
669 1115 851 1197 susceptus
874 1114 937 1172 est.
954 1098 1091 1172 Deinde
1107 1098 1236 1199 cymba
1256 1117 1375 1200 parata

297 1219 498 1318 Sequanam
516 1219 684 1306 intravit,
699 1233 736 1289 et
749 1217 878 1290 relicto
894 1235 974 1316 post
989 1235 1089 1318 terga
1103 1217 1292 1308 conflictu,
1309 1236 1376 1293 tre

298 1333 403 1432 pidus
418 1331 463 1406 ad
479 1331 736 1407 Ermentrudis
752 1333 875 1406 villam
890 1334 946 1432 (3)
964 1333 1159 1433 navigavit.
1179 1335 1286 1408 ‘l'unc
1305 1333 1375 1407 ibi-

298 1451 383 1525 dem
401 1479 420 1524 a
437 1452 634 1524 Guillelmo
647 1451 692 1524 de
709 1450 852 1539 Archia,
869 1452 1091 1525 Molismensi
1110 1452 1293 1527 monacho
1307 1454 1372 1551 (),

298 1586 481 1669 susceptus
510 1587 581 1657 est,
616 1567 739 1669 ibique
769 1569 805 1641 in
835 1568 978 1642 basilica
1007 1570 1147 1643 Sanctae
1178 1570 1308 1642 Mariae
1336 1569 1375 1642 de

299 1688 410 1760 Prato
430 1689 485 1786 (5)
499 1686 609 1760 finem
627 1702 821 1761 commotae
840 1685 1025 1761 seditionis
1041 1688 1272 1787 prestolatus
1288 1703 1351 1762 est.

348 1805 544 1904 Postrpaam
566 1802 789 1876 Gislebertus
813 1801 1038 1904 Aquilensis,
1064 1820 1138 1876 tam
1160 1804 1299 1876 virtute
1319 1829 1375 1876 saa

299 1947 541 2022 suorumque,
561 1948 670 2022 qutun
692 1922 877 2022 juvamine
898 1923 1053 2012 civium,
1073 1923 1134 2022 qui
1161 1920 1376 2020 proditionis

299 2041 493 2141 participes
517 2066 592 2113 non
611 2056 738 2129 erant,
760 2042 954 2114 australem
976 2056 1122 2139 portam
1144 2039 1327 2131 obtinuit,
1344 2055 1377 2112 et

299 2159 457 2234 ilenrico
478 2161 629 2260 aliisque
648 2158 749 2233 ducis
770 2159 1004 2232 auxiliaribus
1022 2160 1234 2250 associatus,
1254 2175 1377 2249 contra

299 2276 453 2350 rebelles
470 2277 508 2349 in
527 2276 617 2350 urbe
642 2292 825 2351 certamen
848 2278 951 2369 iniit,
976 2278 1122 2350 tumidis
1139 2292 1176 2350 et
1193 2278 1267 2350 reis
1281 2302 1377 2376 pre·

300 2392 547 2493 sumptoribus
565 2396 603 2467 in
623 2396 762 2469 nefario
782 2413 917 2468 conatu
935 2394 1206 2483 deficientibus,
1223 2421 1308 2494 pars
1320 2393 1378 2466 du·

302 2515 351 2587 cis
370 2513 503 2604 erevit,
522 2530 630 2614 atque
647 2512 868 2588 adversarios
882 2515 981 2589 ferro
996 2515 1141 2589 fortiter
1154 2514 1308 2602 feriens,
1327 2539 1379 2587 sn·

301 2631 425 2730 perior
451 2632 655 2730 praevaluit.
676 2633 781 2704 Tunc
806 2632 1000 2706 vehemens
1015 2632 1254 2732 burgensium
1273 2630 1379 2704 caeds

299 2747 390 2822 facta
407 2765 478 2838 est,
497 2766 534 2821 et
550 2748 736 2837 Conanus,
762 2749 994 2848 proditorum
1018 2752 1181 2850 signifer,
1206 2776 1291 2824 curn
1309 2748 1379 2822 aliis

302 2867 426 2939 multis
443 2883 566 2964 captus
583 2883 648 2940 est.
668 2869 797 2941 Timor
814 2884 850 2940 et
867 2871 985 2942 luctus
1002 2886 1080 2943 erat
1097 2870 1226 2969 ingens
1248 2870 1287 2941 in
1304 2865 1379 2941 civi·

302 2998 395 3073 tate,
414 2984 573 3085 virisque
589 2985 812 3058 certantibus
829 3003 891 3058 aut
908 2985 1118 3059 cadentibus
1134 3002 1197 3059 aut
1213 2981 1378 3085 fugienti-

302 3097 390 3189 bus,
411 3097 537 3173 llentes
554 3100 846 3175 vociferabantur
864 3104 1022 3176 feminae.
1043 3105 1263 3176 lnnocentes
1280 3117 1317 3173 et
1332 3095 1377 3170 rei

302 3217 434 3316 passim
457 3215 700 3309 caedebantur,
727 3236 788 3292 aut
815 3221 1018 3320 fugiebant,
1043 3237 1104 3293 ant
1134 3217 1375 3317 capiebantur.

340 3465 380 3530 (r)
396 3462 477 3516 Cette
492 3472 574 3533 porte
588 3462 657 3515 etait
669 3463 758 3518 situee
772 3483 807 3517 au
819 3463 889 3518 bont
900 3463 936 3519 de
950 3464 975 3518 la
990 3483 1040 3519 rue
1052 3463 1281 3518 Salat-Romaiu.

341 3552 380 3622 (a)
393 3552 430 3606 Le
444 3551 580 3625 quartier,
595 3550 621 3605 le
634 3552 769 3624 hameau,
783 3554 831 3627 qui
846 3574 860 3607 a
874 3552 954 3609 laisse
969 3573 1019 3609 son
1032 3573 1097 3609 nom
1110 3557 1125 3608 a
1137 3553 1162 3607 la
1176 3571 1228 3607 rue
1242 3547 1369 3624 Malpalu.

341 3638 380 3711 (5)
394 3629 612 3709 Emendreville,
629 3643 810 3714 aujourd'hui
824 3643 849 3698 le
861 3644 1001 3718 faubourg
1013 3644 1196 3700 Salui-Seven

342 3731 381 3801 (4)
397 3729 475 3784 Nous
489 3748 573 3785 avons
589 3750 625 3784 vu
639 3731 774 3787 ci·dessus
787 3751 842 3806 que
856 3753 887 3789 ce
902 3738 996 3789 moine
1008 3735 1076 3789 etait
1089 3733 1148 3787 l’un
1162 3732 1212 3787 des
1227 3728 1378 3787 conseillera

306 3818 342 3873 de
356 3817 465 3873 Rohert
479 3821 704 3876 Courte-Heuse.

341 3907 381 3981 (5)
399 3908 434 3962 Le
454 3911 567 3982 prieure
585 3909 621 3964 de
641 3911 971 3982 Notre-Damedu-Pre,
992 3912 1172 3986 auj0urd’hui
1194 3907 1376 3966 Bonae-Nou·

306 3997 391 4065 velle,
404 3997 564 4072 dependant
573 4000 608 4056 de
618 4000 743 4074 l'abbaye
752 4001 791 4056 du
801 4002 868 4070 Bec,
879 4003 964 4058 fonde
974 4023 1024 4077 par
1036 4002 1199 4059 Guillaume
1209 4011 1240 4055 et
1250 3991 1375 4055 mathilde

307 4108 355 4144 sur
364 4106 402 4142 un
412 4090 517 4143 terrain
529 4101 711 4163 appartenant
722 4110 757 4146 an
767 4091 960 4148 bienheureux
970 4092 1116 4160 Hellonin,
1129 4093 1259 4146 createur
1269 4086 1305 4143 de
1313 4091 1373 4141 cette

308 4179 422 4252 abbaye.
