2888 4934
183 462 287 534 [ιιο-ιιο
299 475 364 515 auc.
376 456 468 532 1⁰99]
574 451 692 513 LIBER
713 451 849 513 NONUS.
1186 461 1248 520 615

184 587 381 661 noluerunt
404 585 521 674 exire,
548 583 664 658 donec
684 585 854 658 certiores
872 581 1001 658 fierent
1016 583 1062 658 tle
1080 585 1250 661 Admira-

183 703 250 775 visi
273 702 478 776 incursione
495 702 565 798 (ι).
583 702 720 792 Porro,
746 702 828 774 visis
848 700 1017 775 omnibns
1037 729 1120 802 quoe
1142 730 1252 802 para-

185 819 340 909 bantur,
377 843 442 892 rex
475 818 785 892 Mutaronensem
811 819 1017 919 episcopum
1048 820 1181 895 direxit
1215 823 1256 897 iu-

185 937 403 1026 Jernsalcm,
421 937 483 1035 qni
500 933 726 1035 principibus
742 950 932 1010 testaretur
947 962 1172 1037 quaecunque
1187 965 1255 1038 pa-

162 1090 164 1095 ·
186 1051 374 1124 rabuntur.
392 1050 674 1125 Martaronensis
682 1105 694 1142 ,
710 1066 900 1151 posttpram
914 1052 1096 1126 Tolosano
1110 1069 1148 1127 et
1162 1052 1255 1127 Non·

186 1193 321 1242 manno
350 1169 489 1241 locutus
510 1169 645 1259 suerat,
667 1168 836 1242 festinans
860 1185 902 1241 ut
930 1168 1061 1243 indicta
1081 1171 1255 1245 comitum

187 1284 296 1357 verba
315 1286 392 1384 regi
414 1286 566 1357 referret
586 1312 626 1358 ac
646 1284 881 1385 patriarchae,
901 1286 939 1359 in
961 1312 1087 1360 manus
1101 1313 1257 1388 pagano·

188 1427 271 1474 rum
284 1399 447 1490 devenit,
466 1418 503 1475 et
519 1401 670 1475 dubium
685 1393 738 1476 est
754 1429 801 1475 an
813 1401 1006 1492 abductus,
1024 1428 1071 1477 an
1088 1428 1257 1505 percmp-

189 1534 244 1589 tus
261 1519 307 1589 sit
314 1549 325 1610 3
345 1517 407 1591 scd
424 1535 545 1617 postea
563 1544 640 1593 non
659 1520 896 1619 comparuit(
919 1522 949 1618 ).

236 1635 435 1708 Tolosanus
451 1652 570 1709 autem
586 1654 623 1709 et
637 1637 869 1711 Normannus
885 1664 968 1711 cum
984 1639 1107 1711 multis
1121 1637 1166 1712 ad
1183 1638 1257 1730 bel·

191 1753 267 1824 lum
284 1753 435 1851 proiecti
448 1772 534 1828 sunt
543 1809 554 1844 ,
573 1772 610 1828 et
626 1768 679 1830 ιγ’
695 1757 782 1829 leriu
793 1757 848 1854 (ὅ)
861 1757 1059 1830 Jerusalem
1075 1758 1254 1832 exierunt.

190 1868 319 1943 Clerici
331 1870 445 1944 missis
459 1887 496 1944 et
507 1872 732 1946 orationibus
744 1871 927 1946 vacabant.
941 1874 1067 1948 Petrus
1079 1874 1255 1964 Eremita,

189 2001 225 2058 et
237 2013 317 2057 rara
336 1986 525 2060 imbecillis
541 1989 666 2084 populi
681 1989 900 2086 frequentia,
914 1988 976 2086 qui
990 2007 1256 2081 remanserant,

189 2118 225 2174 et
246 2101 391 2174 imbelle
414 2127 526 2201 genus
550 2103 763 2192 mulierum,
789 2103 1031 2199 processiones
1048 2103 1093 2177 de
1113 2101 1260 2179 ecclesia
1301 2162 1308 2174 .

191 2219 228 2290 in
258 2218 441 2292 ecclesiam
472 2217 678 2317 agitabant,
711 2215 936 2292 orationibus
959 2236 997 2292 et
1027 2219 1259 2318 eleemosynis

191 2333 318 2408 devote
347 2336 581 2422 insistebant,
612 2353 654 2409 ut
683 2336 863 2435 propitius
895 2337 1033 2434 populo
1066 2360 1130 2411 suo
1164 2339 1259 2414 Deus

189 2451 471 2525 misericorditer
486 2451 715 2541 subveniret,
734 2449 924 2550 hostesque
940 2477 1021 2525 suos
1043 2451 1129 2526 sorti
1148 2480 1260 2528 manu

191 2568 520 2665 irrecuperabiliter
535 2584 795 2663 prosterneret.
814 2568 996 2640 Primores
1020 2567 1158 2666 itaque,
1176 2597 1259 2643 cum

191 2684 262 2754 suis
278 2680 511 2771 exercitibus,
529 2680 574 2752 ad
591 2680 745 2768 llumen,
767 2679 865 2780 quod
884 2697 938 2753 est
956 2697 1084 2755 contra
1107 2683 1259 2760 Ascalo-

193 2823 297 2888 nem,
323 2798 529 2897 congregati
551 2814 648 2869 sunt.
672 2798 750 2869 lllic
767 2812 929 2869 armenta
947 2799 1088 2896 copiosa
1108 2796 1263 2875 iitvene-

194 2929 300 3002 runt,
326 2929 363 2986 et
387 2915 507 3012 opima
533 2912 654 3012 praeda
679 2912 783 2994 ditati
809 2929 905 2986 sunt.
928 2914 1096 2988 Trecenti
1124 2917 1261 2992 Arabes

194 3031 351 3104 Francos
367 3032 548 3130 prosecuti
564 3045 666 3117 sunt;
686 3028 746 3102 sed
762 3029 816 3102 illi
835 3030 1001 3130 protinus
1016 3033 1054 3105 in
1070 3058 1130 3108 eos
1146 3035 1261 3112 irrue·

230 3335 269 3404 (ι)
284 3333 323 3390 Ce
335 3333 378 3387 sut
392 3332 483 3385 moins
495 3349 596 3386 encore
607 3329 669 3385 leur
681 3330 850 3387 incertitude
861 3349 911 3386 sur
921 3332 948 3386 la
960 3332 1072 3388 marche
1084 3333 1123 3388 du
1135 3336 1202 3390 visir
1212 3339 1269 3409 qui.

198 3423 285 3478 retint
296 3425 313 3477 a
324 3419 491 3488 Jerusalem,
505 3420 635 3494 jusqu'an
649 3419 763 3476 dernier
775 3431 913 3488 moment,
931 3421 957 3476 le
970 3432 1062 3481 comte
1072 3422 1109 3477 de
1123 3423 1264 3480 Teutone

197 3523 226 3568 ct
239 3513 265 3567 le
282 3513 337 3568 duc
353 3513 388 3567 de
405 3510 592 3578 lunianum,
610 3527 665 3585 que
675 3511 738 3566 leur
750 3509 875 3566 {roidcur
888 3528 961 3584 pour
974 3511 1014 3567 les
1026 3512 1142 3567 interrito
1153 3512 1189 3567 dc
1201 3515 1263 3570 Go-

199 3602 303 3669 desroi,
324 3602 405 3674 qu'ils
424 3602 578 3657 allectaient
602 3600 638 3657 de
658 3599 791 3674 regarder
809 3618 918 3654 comme
936 3599 994 3655 seul
1011 3603 1179 3674 compromis
1196 3603 1263 3660 dans

199 3703 271 3746 cette
290 3691 369 3746 lutte.
394 3691 558 3746 L'clevation
574 3691 610 3746 de
632 3709 663 3745 ce
679 3691 803 3764 princca
824 3708 862 3745 un
882 3689 963 3745 trisne
980 3690 1046 3744 bien
1059 3693 1150 3746 chent
1158 3702 1187 3747 et
1199 3693 1264 3751 hicn

201 3781 254 3835 rnal
276 3782 370 3833 assurt}
388 3781 459 3833 avait
481 3780 720 3835 inrmcdiatement
743 3779 894 3852 developpe'
913 3780 1056 3853 beaucoup
1077 3780 1217 3855 d’aigreur
1237 3795 1265 3840 et

201 3870 375 3925 u’animosire
387 3869 455 3923 dans
468 3868 493 3923 le
505 3888 582 3924 cucur
594 3868 629 3923 dc
641 3887 683 3924 ses
694 3888 882 3942 compagnons
894 3869 1020 3923 d’armes.

237 3959 277 4029 (α)
293 3957 339 4014 On
352 3956 468 4029 regards
481 3958 686 4028 generalcrnent
696 3957 887 4013 l’enlbrement
897 3957 932 4011 de
944 3976 976 4010 ee
987 3957 1071 4029 prela!
1088 3979 1137 4030 pau
1150 3961 1188 4015 les
1203 3963 1264 4015 Μιι-

202 4048 321 4101 sulnraus
335 4065 443 4100 comme
457 4065 511 4100 utre
527 4047 655 4118 punition
670 4047 707 4101 du
724 4047 790 4113 ciel,
806 4066 876 4119 pour
891 4046 916 4100 la
932 4057 993 4119 part
1006 4047 1072 4120 quil
1084 4051 1155 4105 nvait
1167 4052 1268 4122 prisca

200 4136 493 4192 l'elcctioual'rlruoul.

237 4226 275 4298 (5)
291 4229 326 4283 Lc
341 4227 477 4283 mercretli
495 4226 614 4283 maurit.
