2888 4934
186 445 294 521 [soar]
559 438 675 500 ainau
695 438 881 500 ocrsvus.
1189 441 1250 501 ars

170 568 302 673 frater
326 588 419 643 tuas.
440 568 601 669 Cumque
626 567 813 667 presbyter
835 583 994 665 protam
1019 568 1192 664 insperata
1212 595 1252 640 re

186 687 418 762 vehementer
450 685 703 774 admiraretur,
732 684 955 785 nimiumque
987 710 1055 784 pro
1085 683 1141 757 bis
1172 710 1254 785 quae

187 804 345 892 viderat,
364 820 405 876 ut
421 803 558 876 dictum
574 818 646 891 est,
664 802 722 876 vel
739 818 913 890 senserat,
930 816 1138 902 angeretur,
1152 801 1256 875 miles

186 920 220 1005 ei
238 918 284 995 de
301 920 453 1019 pueritia
469 918 654 1020 utriusque
666 918 779 991 multa
793 919 906 1016 coepit
920 942 1122 1008 recensere,
1139 934 1175 990 et
1188 943 1254 990 no-

191 1036 325 1111 tissima
340 1037 440 1136 signa
467 1036 629 1108 recitare.
647 1033 818 1108 Sacerdos
844 1051 963 1107 autem
980 1033 1098 1108 audita
1119 1035 1256 1135 optime

190 1152 393 1243 redolebat,
408 1151 469 1226 sud
481 1179 546 1227 ore
564 1152 730 1227 confiteri
747 1177 821 1226 non
837 1178 953 1242 ausus,
969 1154 1089 1226 omnia
1103 1150 1256 1251 denega-

190 1267 267 1344 bat.
291 1268 455 1344 Tandem
481 1271 648 1369 praelatus
669 1296 776 1370 eques
791 1272 842 1342 ait
861 1300 871 1343 a
887 1273 1008 1344 Miror
1028 1272 1205 1343 duritiam
1223 1286 1259 1342 et

190 1386 442 1463 hebetudinem
458 1405 571 1461 tuam.
591 1397 672 1488 Ego
685 1405 719 1461 te
726 1404 812 1487 pmt
826 1406 974 1462 mortem
993 1391 1176 1490 utriusque
1187 1415 1258 1490 pa·

191 1505 305 1577 sentis
321 1507 473 1594 usitrivi,
496 1520 531 1577 et
555 1530 666 1603 super
684 1531 807 1578 omnes
832 1505 1003 1579 mortales
1024 1506 1153 1580 dilexi.
1174 1507 1258 1606 Ego

192 1637 229 1697 te
243 1623 300 1697 ad
313 1621 458 1697 sedulas
475 1626 515 1696 in
537 1623 703 1697 Galliam
726 1623 854 1697 direxi
869 1625 946 1725 (1),
963 1641 997 1698 et
1021 1641 1135 1699 uestes
1151 1653 1260 1698 nuni-

192 1766 339 1841 mosque
351 1738 419 1813 tibi
427 1744 571 1842 copiose
577 1746 749 1844 porrexi,
764 1742 920 1843 aliisque
932 1743 1051 1815 miultis
1063 1742 1181 1815 niudis
1194 1745 1263 1817 tibi

186 1856 366 1962 prodesse
384 1860 475 1931 satis
492 1857 693 1932 elaborari.
711 1858 826 1933 Nune
848 1858 973 1933 boram
989 1864 1171 1933 immemor
1184 1861 1262 1960 effi·

193 1978 309 2064 estis,
325 1999 452 2073 meque
475 1974 725 2047 tantummodo
751 1975 1258 2076 recognoscemdediguaris.

194 2088 301 2169 Tune
317 2087 514 2187 presbyter,
535 2088 698 2163 veridicis
712 2089 905 2165 faminibus
922 2090 978 2189 (a)
997 2088 1157 2164 ubertim
1170 2115 1262 2190 pro-

195 2204 297 2297 latis,
327 2206 511 2280 convictus
535 2221 589 2279 est
618 2205 892 2307 allegationibus
918 2208 1044 2297 certis,
1073 2207 1264 2307 palamque

194 2348 281 2399 eum
296 2321 462 2421 lacrymis
475 2325 584 2399 lassus
606 2340 660 2398 est
684 2322 849 2397 affamina
874 2324 1008 2397 fratris.
1033 2325 1137 2397 Tunc
1162 2324 1264 2397 miles

194 2436 290 2525 dixit
305 2440 339 2513 ei
355 2471 365 2513 a
384 2442 515 2515 Merito
527 2439 711 2515 debuisses
728 2443 838 2532 mori,
858 2457 1135 2537 nostrarumque
1145 2420 1264 2540 parti-

196 2582 284 2659 σφε
291 2581 489 2658 paenarum
503 2584 601 2630 nune
612 2557 800 2630 nobiseum
811 2557 926 2647 tralti,
942 2559 1032 2654 quia
1049 2583 1106 2632 uss
1121 2575 1263 2630 nostras

196 2669 345 2772 affarea
356 2677 553 2748 temeritate
564 2675 742 2749 invasisti.
755 2673 1078 2748 Hocnullusalius
1091 2675 1271 2748 inchoare

198 2786 413 2887 aususfuit.
431 2790 510 2863 Sed
521 2792 656 2878 missa,
676 2815 788 2890 quam
804 2789 912 2862 lodie
936 2790 1115 2879 cantasti,
1137 2816 1184 2862 ne
1194 2817 1265 2891 pe-

198 2910 289 2981 atres
315 2921 352 2978 te
376 2907 541 2980 saluauit.
573 2905 672 2978 Milti
696 2932 836 3005 quoque
858 2929 955 2979 nune
976 2906 1192 3006 permissum
1215 2921 1269 2978 est

200 3216 264 3293 day
272 3216 353 3274 Boolr
363 3217 501 3292 plusieurs
511 3235 698 3293 personnages
709 3228 823 3293 portant
833 3217 860 3273 le
870 3236 937 3272 nom
949 3217 985 3274 de
996 3218 1134 3289 lablond,
1149 3231 1178 3276 et
1188 3231 1268 3277 entre

200 3316 295 3361 autres
306 3303 450 3361 Gislebert
461 3304 599 3373 Lebloud,
614 3307 663 3379 qui
676 3303 773 3374 londa,
786 3323 846 3360 vers
862 3323 941 3374 1100,
954 3304 981 3360 le
991 3307 1104 3380 prieure
1114 3306 1269 3362 d’lxwortb

201 3393 351 3466 (entole).
369 3393 394 3449 Il
409 3414 427 3468 y
444 3413 460 3448 a
479 3397 551 3450 aussi
571 3414 609 3451 un
625 3394 731 3450 Robert
748 3393 886 3463 lebloud,
905 3396 973 3450 mais
992 3395 1106 3455 celui-ei
1122 3397 1212 3452 tenait
1227 3413 1269 3451 ses

200 3486 327 3542 mauoirs
335 3484 384 3540 des
392 3484 420 3540 le
429 3495 521 3558 temps
529 3484 568 3539 du
578 3486 619 3540 roi
631 3472 777 3552 Edouard3
789 3485 856 3539 c'est
867 3484 1006 3560 pousquoi
1018 3501 1089 3541 nous
1098 3502 1134 3541 ue
1144 3502 1270 3558 pouvous

196 3576 298 3651 ,yroir
315 3593 356 3631 un
372 3575 446 3631 frere
465 3575 503 3629 du
519 3576 605 3647 jeuue
620 3586 649 3630 et
667 3575 819 3650 vigoureux
835 3576 903 3630 eure
920 3574 955 3630 de
973 3573 1124 3644 bonaeval,
1144 3577 1159 3629 ὲ
1179 3574 1270 3633 moins

200 3660 289 3720 tl’ttne
303 3664 409 3738 grande
421 3662 569 3719 differente
582 3663 670 3737 d'dge.

237 3753 279 3825 (ι)
288 3753 329 3809 Ce
340 3770 453 3826 passage
462 3754 577 3808 eurieua
587 3770 657 3808 nous
669 3771 773 3826 pronae
784 3770 853 3827 que,
867 3751 1008 3827 malgrela
1016 3753 1101 3811 haute
1111 3756 1270 3828 reputatiou

202 3840 275 3899 dont
282 3841 438 3916 jouiisaitt
451 3853 525 3900 cette
540 3846 649 3918 epoque
664 3840 888 3911 tenolienses,
903 3843 996 3898 e'etait
1007 3860 1107 3900 encore
1118 3863 1154 3900 eu
1167 3845 1272 3901 Frauce

203 3937 252 3999 (et
268 3930 508 4006 probablement'a
526 3931 620 4002 Paris)
639 3950 693 4005 que
712 3931 736 3985 la
755 3930 869 4004 plupart
881 3929 929 3985 des
947 3930 1104 3988 normands
1119 3933 1272 3989 destineat

203 4016 284 4075 l’etat
294 4017 501 4093 eeclesiastique
514 4017 626 4075 allaient
639 4017 791 4091 cumpleter
806 4017 880 4073 leurs
893 4017 999 4075 etudes.
1014 4019 1037 4074 ll
1048 4037 1083 4075 en
1094 4020 1160 4076 etait
1171 4037 1276 4075 encore

204 4108 242 4163 de
257 4108 373 4162 mimea
388 4108 514 4182 le‘poque
526 4110 561 4164 uir
576 4110 663 4163 traco
678 4108 708 4162 [it
721 4107 759 4164 les
773 4108 891 4164 siennes.

238 4199 281 4270 (a)
294 4197 414 4255 Paroles.
