2888 4934
286 390 361 466 'sn
567 401 760 461 -nrs'ronn
783 398 1087 462 ecctmnsncr.
1120 403 1258 478 [vasus.
1276 404 1366 481 roes]

300 536 549 635 Agulanorum
565 556 710 631 quoque
730 532 796 603 tria
820 530 931 602 millia
954 528 1006 602 illi
1028 528 1278 604 adhaerebunt.
1299 533 1364 626 Qui

298 654 396 724 serro
413 650 570 749 undique
586 650 722 721 loricati
742 664 864 734 erant,
885 672 950 720 nec
964 648 1124 746 sagittas,
1143 674 1214 721 nec
1230 650 1368 722 lanceas

301 767 494 857 timebant,
510 792 576 839 nec
586 781 718 864 praeter
728 763 863 864 gladios
876 791 973 836 arma
989 765 1024 836 in
1038 765 1175 838 bellum
1187 765 1365 839 terebant.

299 887 401 957 Tales
416 885 575 982 tantique
585 881 701 956 hostes
710 880 754 954 ad
762 883 914 954 Pontem
927 881 1100 954 Ferreum
1112 899 1228 955 castra
1244 885 1366 956 metati

298 1020 398 1086 sunt,
416 1019 453 1075 et
476 1001 681 1072 firmitatem
709 999 807 1071 illam
836 999 1023 1071 confestim
1048 1016 1365 1098 expugnaverunt,

298 1136 334 1192 ct
360 1144 483 1191 omnes
512 1116 685 1213 extimplo
717 1114 992 1200 interiecerunt,
1021 1131 1205 1187 reservato
1234 1116 1366 1188 castelli

298 1234 463 1321 domino,
478 1236 670 1333 ferreisque
684 1232 834 1304 vinculis
849 1232 1008 1331 alligato,
1020 1233 1082 1331 qui
1095 1234 1198 1304 vivus
1210 1249 1250 1305 et
1264 1232 1367 1306 vinc-

300 1371 353 1425 tus
369 1353 533 1424 inventus
547 1367 611 1436 est,
629 1349 725 1423 bello
738 1365 883 1446 peracto
895 1350 910 1446 (
919 1350 963 1445 ι).
982 1350 1138 1446 Agereni
1152 1376 1257 1420 arma
1270 1349 1366 1422 vilis-

298 1471 384 1542 sima
404 1501 412 1540 :
435 1495 555 1542 ensem
575 1467 710 1541 scilicet
734 1465 1005 1564 rubiginosum,
1025 1482 1060 1536 et
1090 1466 1313 1555 lanceolam,
1333 1483 1366 1538 et

299 1613 423 1658 arcum
448 1584 708 1683 aspernabilem
724 1581 936 1682 quibusdam
952 1582 1179 1680 pauperculis
1205 1581 1366 1682 diripue-

300 1719 406 1789 runt,
437 1718 473 1773 et
506 1700 741 1773 Curbaranno
776 1695 819 1769 ad
848 1700 1107 1796 improperium
1141 1698 1365 1772 Francorum

298 1845 381 1890 cum
395 1845 522 1916 magna
539 1817 703 1888 irrisione
716 1813 929 1888 obtulerunt
934 1844 945 1903 3
961 1839 1042 1914 quae
1056 1814 1115 1886 ille
1129 1813 1365 1888 nihilominus

299 1962 380 2007 cum
398 1933 620 2007 cachinnosis
638 1931 976 2030 exprobrationibus
1001 1933 1038 2003 in
1056 1931 1285 2004 Corosanum
1300 1933 1365 2004 mi·

298 2053 362 2141 sit,
383 2069 419 2123 et
442 2053 541 2124 vanis
555 2048 807 2150 jactationibus
829 2075 974 2122 vesanos
994 2049 1161 2122 idolatras
1181 2052 1220 2123 in
1243 2050 1363 2124 Chris-

303 2187 380 2241 tum
397 2170 540 2241 excivit.

346 2285 441 2354 Dum
468 2282 545 2354 haec
565 2298 735 2380 aguntur,
760 2281 986 2353 Curbaranni
1012 2298 1129 2353 mater
1151 2281 1199 2354 de
1227 2284 1363 2354 civitate

298 2397 416 2495 Aleph
440 2396 485 2468 ad
508 2397 623 2469 filium
644 2399 805 2485 accessit,
825 2415 860 2469 et
883 2396 927 2471 de
951 2397 1004 2469 his
1028 2424 1110 2496 quae
1136 2397 1362 2472 inchoaverat

297 2515 428 2586 acriter
455 2538 539 2605 eum
565 2511 780 2612 redarguere
804 2515 937 2610 coepit,
956 2514 1077 2613 eique,
1097 2514 1198 2612 quod
1226 2515 1361 2586 vincen-

295 2630 360 2702 dus
376 2648 464 2703 esset
481 2659 500 2701 a
519 2628 748 2719 Christianis,
764 2648 800 2702 et
815 2629 941 2703 eodem
959 2657 1075 2717 anno,
1097 2657 1173 2703 non
1193 2632 1231 2703 in
1247 2630 1357 2716 bello,

296 2765 415 2820 morte
445 2748 561 2819 subita
596 2749 813 2835 moriturus,
844 2749 1026 2820 manifeste
1061 2747 1245 2845 praedixit.
1277 2748 1358 2818 Erat

296 2867 391 2937 enim
406 2891 532 2953 senex,
547 2881 671 2962 utpote
686 2865 907 2949 centenaria,
922 2882 958 2936 et
969 2867 1177 2936 futurorum
1190 2891 1353 2963 praesaga.

296 2979 495 3080 Colligebat
526 2982 633 3052 etiam
663 2982 775 3052 multa
804 2980 848 3052 de
871 2980 1206 3054 constellationibus
1234 2981 1357 3052 mulier

294 3096 482 3195 sortilega,
502 3113 538 3167 et
558 3097 807 3194 geniculorum
824 3099 893 3192 (2),
912 3097 1181 3195 multarumque
1200 3096 1357 3195 discipli-

330 3367 369 3436 (1)
387 3364 426 3418 Ce
444 3365 487 3418 lut
503 3363 528 3417 le
546 3363 563 3417 6
579 3365 643 3435 juin
657 3383 711 3437 que
729 3365 839 3419 l'armee
852 3365 887 3418 de
899 3365 1030 3438 llcrbuga
1041 3367 1175 3438 s’empara
1189 3367 1225 3421 de
1237 3386 1282 3422 ces
1294 3367 1358 3421 deux

296 3466 387 3520 tonrs;
404 3456 465 3527 puis
478 3454 530 3508 elle
543 3472 570 3508 se
583 3455 737 3527 rapprocha
751 3455 786 3509 de
799 3454 824 3508 la
838 3455 915 3522 ville,
930 3466 959 3510 et
973 3467 1045 3511 resta
1057 3455 1126 3512 dans
1138 3457 1283 3514 l’inaction
1295 3478 1358 3532 peu-

294 3544 362 3599 dant
375 3545 447 3598 deux
457 3544 546 3616 jours.

330 3633 805 3705 (a)Cen10tsignifiegene'ration.
825 3635 912 3690 llotre
929 3646 1029 3689 auteur
1045 3654 1060 3689 a
1077 3635 1162 3690 voulu
1179 3636 1243 3691 dire
1262 3656 1315 3711 qne
1335 3636 1358 3690 la

297 3726 371 3777 inbre
390 3724 424 3778 de
440 3724 568 3796 Kerboga
584 3723 652 3777 etait
667 3727 758 3778 versee
773 3725 842 3778 dans
858 3724 897 3778 les
911 3744 1057 3796 croyances
1073 3727 1300 3799 superstitieuses
1315 3725 1360 3781 des

296 3814 465 3886 gnostiques.
483 3815 505 3867 ll
518 3824 559 3868 est
571 3832 642 3867 assez
655 3813 761 3867 bizarre
773 3814 808 3868 de
823 3814 862 3867 lui
878 3815 946 3868 saire
964 3815 1075 3870 lrabiter
1090 3815 1176 3889 Alep,
1195 3817 1292 3890 quand
1313 3835 1359 3871 sou

297 3899 337 3953 nts
353 3901 419 3953 etait
436 3901 530 3971 prince
545 3901 579 3954 de
598 3901 728 3955 llossoul.
744 3902 821 3955 Nous
835 3901 937 3956 devons
951 3904 1039 3956 sarcir
1054 3905 1103 3972 gre
1117 3905 1133 3956 a
1148 3903 1273 3959 Orderic
1287 3902 1359 3960 Viut

296 3985 331 4040 de
349 4004 418 4039 nous
436 3988 510 4040 avoir
528 3989 576 4042 lait
593 3989 673 4061 gnice
689 3989 727 4043 du
744 3989 811 4061 long
830 3989 973 4061 dialogue,
994 3990 1073 4044 [leuri
1087 3989 1121 4044 de
1138 3992 1271 4047 citations
1285 3993 1319 4046 de
1334 3991 1358 4044 la

297 4075 388 4143 Rible,
406 4093 460 4148 que
479 4075 502 4129 la
522 4078 631 4149 plupart
645 4079 693 4133 des
708 4079 857 4134 historiens
873 4090 989 4135 inettrnt
1006 4081 1074 4134 daus
1090 4081 1117 4134 la
1133 4080 1247 4138 bonclte
1266 4083 1301 4137 de
1317 4099 1359 4136 ces

293 4163 365 4217 (leur
378 4181 570 4236 personnages.
