2872 4920
267 377 327 436 008
418 446 423 458 ἡ
546 368 732 431 HISTORIA
755 364 1061 430 scettsltsrtct.
1085 374 1151 448 [xv0
1162 391 1225 431 tur..
1243 376 1341 450 1099]

267 508 408 579 viarum
432 504 598 605 ignarus,
619 502 685 574 Dei
707 516 798 574 nutu
819 502 905 576 illuc
929 500 1090 592 advenit,
1108 519 1145 576 et
1170 505 1339 602 praelatos
1368 560 1371 564 ,

268 621 436 694 homines
462 643 528 718 per
555 619 736 692 orationes
763 633 799 690 et
826 618 1013 718 religiosos
1039 644 1168 693 eorum
1196 639 1339 722 gestus,

267 736 498 812 Christicolas
524 761 597 811 esse
623 735 794 835 cognovit
815 765 824 807 ε
846 738 935 826 Isti,
965 736 1102 836 inquit,
1134 739 1343 812 Christiani

266 873 365 930 sunt.
384 857 429 929 Ν
427 881 506 928 emo
526 856 808 954 igituruestrum
822 852 949 952 aliquo
967 854 1077 927 modo
1095 855 1169 928 illis
1185 862 1339 930 noceat!

266 974 351 1050 Non
366 977 460 1044 enim
476 972 547 1043 leue
563 972 742 1059 venimus,
760 985 800 1041 ut
813 970 968 1043 cultores
986 969 1123 1044 Christi
1136 971 1337 1063 laedumus,

265 1092 334 1165 sed
352 1107 393 1162 ut
413 1116 439 1162 u
462 1091 568 1162 sceris
587 1087 822 1189 secutoribus
845 1113 1028 1161 eruamus.
1052 1090 1206 1162 Fratres
1226 1094 1341 1164 nostri

266 1224 400 1281 suntet
417 1208 548 1294 amici,
556 1205 693 1307 fideles
710 1207 749 1276 in
766 1203 889 1277 multis
907 1205 1199 1279 tribulationibus
1216 1225 1255 1279 ut
1270 1236 1338 1280 αιι-

267 1353 348 1397 rum
362 1326 401 1396 in
400 1320 565 1418 fornace
576 1321 750 1393 haetenus
756 1319 916 1423 probati.
930 1322 1034 1395 Tunc
1046 1321 1196 1422 insignis
1205 1322 1336 1396 athleta

266 1441 438 1540 llgerium
449 1438 641 1538 Bigodum,
656 1437 856 1535 principem
869 1437 1009 1510 militiae
1020 1465 1107 1529 suae,
1123 1465 1208 1513 cum
1218 1466 1259 1513 uc
1273 1442 1335 1513 mi·

267 1555 392 1630 litibus
405 1555 479 1628 illic
491 1553 643 1641 dimisit,
659 1577 813 1652 eumque
825 1552 1008 1627 custodem
1022 1554 1112 1647 loci,
1128 1582 1176 1631 ne
1188 1558 1334 1657 gentiles

266 1675 417 1747 ulterius
435 1673 520 1744 illuc
536 1673 733 1760 intrarent,
751 1671 947 1745 constituit.
964 1673 1042 1770 lpse
1054 1698 1147 1746 vero
1161 1700 1245 1747 cum
1260 1676 1334 1747 reli·

266 1790 346 1891 quis
355 1790 475 1862 cuneis
485 1788 529 1860 ad
539 1786 792 1886 expugnandas
806 1789 1026 1863 munitiones
1039 1791 1125 1864 alias
1135 1794 1290 1879 accessit,
1300 1809 1333 1865 et

264 1908 391 1994 socios,
407 1931 472 2006 per
490 1903 618 1978 urbem
634 1904 873 1978 discurrentes
891 1922 926 1977 et
943 1904 1161 2007 Allophilos,
1179 1908 1333 1983 necando

266 2024 491 2112 laborantes,
512 2021 660 2121 adjuvit.
681 2023 820 2094 Interea
840 2021 961 2096 fideles
988 2012 1139 2114 incolae,
1167 2029 1231 2126 qui
1258 2053 1332 2099 cum

264 2144 397 2243 llgerio
423 2144 459 2214 in
481 2140 639 2214 Ecclesia
666 2156 929 2229 remanserant,
953 2143 1122 2215 secretius
1142 2169 1228 2216 eum
1244 2145 1332 2217 allo·

265 2262 338 2334 cuti
355 2276 459 2349 sunt,
478 2275 515 2330 et
527 2258 770 2356 patrocinium
785 2261 859 2355 ejus
874 2256 1006 2332 habere
1021 2277 1226 2361 captantes,
1241 2265 1333 2335 lavo-

266 2374 430 2446 rabiliter
461 2398 542 2446 eum
574 2389 610 2444 et
636 2373 772 2446 sodales
799 2375 872 2474 ejus
903 2376 947 2446 ad
975 2393 1096 2450 sancta
1123 2377 1329 2452 duxerunt:

263 2489 468 2591 sepulcrum
484 2490 620 2562 scilicet
634 2490 802 2579 Domini,
819 2492 958 2593 aliaque
976 2520 1086 2584 sacra,
1102 2511 1140 2567 et
1153 2495 1330 2595 quaedam,

264 2634 345 2708 quae
368 2632 437 2706 pro
460 2608 592 2679 timore
613 2632 836 2706 paganorum
860 2607 896 2680 in
920 2607 1051 2682 abditis
1077 2611 1143 2708 ipsi
1171 2628 1209 2685 et
1233 2628 1331 2685 ante-

264 2747 419 2796 cessores
432 2747 558 2796 eorum
572 2719 634 2793 diu
647 2721 934 2812 occultaverant,
953 2724 1002 2794 eis
1016 2725 1267 2800 ostenderunt.
1283 2726 1331 2798 lbi

265 2857 352 2914 tunc
364 2842 528 2940 llgerius,
545 2841 640 2912 inter
657 2840 795 2939 reliqua
811 2840 984 2940 pignora,
1008 2843 1044 2913 in
1058 2842 1218 2942 quodam
1235 2871 1330 2917 mar-

262 2984 388 3032 moreo
412 2957 579 3055 capitello
605 2957 716 3030 instar
739 2958 882 3029 sacrarii
907 2975 1031 3032 cavato
1056 2959 1124 3033 sub
1145 2988 1226 3049 ara,
1253 2961 1330 3061 glo-

264 3074 466 3146 musculum
498 3071 542 3146 de
576 3073 711 3174 capillis
739 3090 869 3147 sanctae
901 3075 966 3148 Dei
995 3077 1180 3176 genitricis
1210 3079 1329 3151 Mariae

264 3191 420 3282 invenit;
442 3190 540 3290 quod
560 3188 654 3262 idem
675 3190 905 3288 postmodum
927 3193 965 3265 in
981 3192 1114 3268 Gallias
1130 3193 1278 3282 detulit,
1297 3210 1331 3267 et

262 3332 328 3406 per
353 3334 449 3379 sacra
482 3308 750 3406 episcopatuum
778 3323 814 3381 et
836 3307 1093 3384 coenobiorum
1121 3311 1200 3386 loca
1231 3337 1331 3386 reve-

262 3443 387 3500 renter
401 3424 535 3499 divisit.
555 3427 692 3497 lntacta
709 3450 839 3526 nempe
855 3425 970 3528 Virgo
983 3444 1099 3500 mater
1117 3429 1155 3502 in
1173 3431 1329 3527 passione

261 3543 407 3635 Christi,
419 3543 483 3615 filii
493 3541 711 3643 Dominique
723 3544 791 3631 sui,
806 3542 907 3617 valde
919 3543 1049 3637 doluit,
1060 3562 1097 3618 et
1105 3548 1220 3620 veteri
1234 3571 1328 3620 more

261 3661 378 3758 gentis
390 3676 426 3732 et
441 3660 614 3759 temporis
634 3659 729 3732 illius
746 3675 858 3734 vestes
874 3661 995 3752 scidit,
1015 3663 1134 3735 crines
1152 3665 1279 3752 traxit,
1297 3677 1329 3735 et

263 3774 432 3872 lugubres
463 3775 610 3848 threnos
639 3799 707 3873 pro
740 3776 830 3847 tanti
861 3777 966 3849 amici
1000 3802 1087 3850 nece
1121 3795 1330 3851 veneranter

262 3889 410 3963 exolvit.
439 3889 488 3963 At
510 3892 638 3964 vicinae
663 3917 744 3990 quae
769 3890 935 3984 aderant,
965 3894 1143 3991 religiosae
1171 3894 1328 3968 videlicet

260 4005 445 4092 mulieres,
466 4029 547 4106 quae
560 4005 787 4107 discipulatui
801 4007 924 4081 divino
940 4007 1076 4081 dudum
1089 4009 1325 4097 adhaeseraut,

257 4121 403 4197 {lentem
420 4124 565 4221 superni
585 4124 678 4222 regis
695 4124 915 4199 Genitricem
941 4127 1000 4224 pie
1017 4144 1325 4213 sustentaverunt,
