<?xml version="1.0" encoding="UTF-8"?>
<!DOCTYPE html PUBLIC "-//W3C//DTD XHTML 1.0 Transitional//EN"
    "http://www.w3.org/TR/xhtml1/DTD/xhtml1-transitional.dtd">
<html xmlns="http://www.w3.org/1999/xhtml" xml:lang="en" lang="en">
 <head>
  <title>
</title>
<meta http-equiv="Content-Type" content="text/html;charset=utf-8" />
  <meta name='ocr-system' content='tesseract 3.04.00' />
  <meta name='ocr-capabilities' content='ocr_page ocr_carea ocr_par ocr_line ocrx_word'/>
</head>
<body>
  <div class='ocr_page' id='page_1' title='image "./ordericivitalis05deligoog/ordericivitalis05deligoog_0424.png"; bbox 0 0 2888 4934; ppageno 0'>
   <div class='ocr_carea' id='block_1_1' title="bbox 193 423 1268 503">
    <p class='ocr_par' dir='ltr' id='par_1_1' title="bbox 193 423 1268 503">
     <span class='ocr_line' id='line_1_1' title="bbox 193 423 1268 503; baseline 0.003 -17"><span class='ocrx_word' id='word_1_1' title='bbox 193 428 401 503; x_wconf 77' lang='lat' dir='ltr'>[rost-1093]</span> <span class='ocrx_word' id='word_1_2' title='bbox 558 423 670 482; x_wconf 82' lang='lat' dir='ltr'>LlBER</span> <span class='ocrx_word' id='word_1_3' title='bbox 692 424 879 484; x_wconf 79' lang='lat' dir='ltr'><strong>OCTAVUS.</strong></span> <span class='ocrx_word' id='word_1_4' title='bbox 1209 428 1268 492; x_wconf 83' lang='lat' dir='ltr'>tta</span> 
     </span>
    </p>
   </div>
   <div class='ocr_carea' id='block_1_2' title="bbox 184 554 1339 3241">
    <p class='ocr_par' dir='ltr' id='par_1_2' title="bbox 192 554 1266 773">
     <span class='ocr_line' id='line_1_2' title="bbox 192 554 1266 654; baseline 0 -25"><span class='ocrx_word' id='word_1_5' title='bbox 192 559 308 630; x_wconf 79' lang='lat' dir='ltr'>marsis</span> <span class='ocrx_word' id='word_1_6' title='bbox 326 556 485 628; x_wconf 81' lang='lat' dir='ltr'>simultas</span> <span class='ocrx_word' id='word_1_7' title='bbox 507 556 639 645; x_wconf 73' lang='lat' dir='ltr'>furuit,</span> <span class='ocrx_word' id='word_1_8' title='bbox 663 571 699 626; x_wconf 91' lang='lat' dir='ltr'>et</span> <span class='ocrx_word' id='word_1_9' title='bbox 720 571 869 654; x_wconf 88' lang='lat' dir='ltr'>uterque</span> <span class='ocrx_word' id='word_1_10' title='bbox 893 554 995 626; x_wconf 88' lang='lat' dir='ltr'>alteri</span> <span class='ocrx_word' id='word_1_11' title='bbox 1021 579 1151 628; x_wconf 88' lang='lat' dir='ltr'>nocere</span> <span class='ocrx_word' id='word_1_12' title='bbox 1175 583 1266 629; x_wconf 90' lang='lat' dir='ltr'>cou-</span> 
     </span>
     <span class='ocr_line' id='line_1_3' title="bbox 192 676 416 773; baseline -0.009 -26"><span class='ocrx_word' id='word_1_13' title='bbox 192 676 363 773; x_wconf 86' lang='lat' dir='ltr'>cupivit(</span> <span class='ocrx_word' id='word_1_14' title='bbox 389 677 416 772; x_wconf 85' lang='lat'><em>)</em></span> 
     </span>
    </p>

    <p class='ocr_par' dir='ltr' id='par_1_3' title="bbox 184 790 1339 3094">
     <span class='ocr_line' id='line_1_4' title="bbox 242 790 1265 889; baseline 0 -24"><span class='ocrx_word' id='word_1_15' title='bbox 242 795 364 865; x_wconf 90' lang='lat' dir='ltr'>Mense</span> <span class='ocrx_word' id='word_1_16' title='bbox 376 792 559 865; x_wconf 78' lang='lat' dir='ltr'>februario</span> <span class='ocrx_word' id='word_1_17' title='bbox 575 793 650 889; x_wconf 82' lang='lat'>(2),</span> <span class='ocrx_word' id='word_1_18' title='bbox 671 792 855 864; x_wconf 84' lang='lat' dir='ltr'>Ascelinus</span> <span class='ocrx_word' id='word_1_19' title='bbox 868 792 1062 864; x_wconf 88' lang='lat' dir='ltr'>Ricardum</span> <span class='ocrx_word' id='word_1_20' title='bbox 1075 790 1119 863; x_wconf 92' lang='lat' dir='ltr'>de</span> <span class='ocrx_word' id='word_1_21' title='bbox 1138 794 1265 865; x_wconf 84' lang='lat' dir='ltr'>Monte</span> 
     </span>
     <span class='ocr_line' id='line_1_5' title="bbox 191 907 1267 1008; baseline 0.001 -27"><span class='ocrx_word' id='word_1_22' title='bbox 191 910 292 983; x_wconf 86' lang='lat' dir='ltr'>Forti</span> <span class='ocrx_word' id='word_1_23' title='bbox 315 927 351 982; x_wconf 92' lang='lat' dir='ltr'>et</span> <span class='ocrx_word' id='word_1_24' title='bbox 366 909 537 981; x_wconf 74' lang='lat' dir='ltr'>familiam</span> <span class='ocrx_word' id='word_1_25' title='bbox 556 909 711 1008; x_wconf 88' lang='lat' dir='ltr'>Philippi</span> <span class='ocrx_word' id='word_1_26' title='bbox 733 911 825 1008; x_wconf 87' lang='lat' dir='ltr'>regis</span> <span class='ocrx_word' id='word_1_27' title='bbox 849 907 915 980; x_wconf 91' lang='lat' dir='ltr'>sibi</span> <span class='ocrx_word' id='word_1_28' title='bbox 938 911 1080 998; x_wconf 78' lang='lat' dir='ltr'>ascivit,</span> <span class='ocrx_word' id='word_1_29' title='bbox 1105 926 1141 982; x_wconf 94' lang='lat' dir='ltr'>et</span> <span class='ocrx_word' id='word_1_30' title='bbox 1160 909 1267 982; x_wconf 88' lang='lat' dir='ltr'>Guil-</span> 
     </span>
     <span class='ocr_line' id='line_1_6' title="bbox 192 1027 1266 1127; baseline 0 -26"><span class='ocrx_word' id='word_1_31' title='bbox 192 1030 355 1118; x_wconf 86' lang='lat' dir='ltr'>lelmum,</span> <span class='ocrx_word' id='word_1_32' title='bbox 374 1027 563 1100; x_wconf 89' lang='lat' dir='ltr'>dominum</span> <span class='ocrx_word' id='word_1_33' title='bbox 579 1055 696 1116; x_wconf 90' lang='lat' dir='ltr'>suum,</span> <span class='ocrx_word' id='word_1_34' title='bbox 711 1046 837 1100; x_wconf 86' lang='lat' dir='ltr'>contra</span> <span class='ocrx_word' id='word_1_35' title='bbox 850 1053 885 1100; x_wconf 89' lang='lat' dir='ltr'>se</span> <span class='ocrx_word' id='word_1_36' title='bbox 896 1027 938 1100; x_wconf 92' lang='lat' dir='ltr'>ad</span> <span class='ocrx_word' id='word_1_37' title='bbox 950 1056 1109 1127; x_wconf 87' lang='lat' dir='ltr'>pugnam</span> <span class='ocrx_word' id='word_1_38' title='bbox 1121 1030 1266 1101; x_wconf 87' lang='lat' dir='ltr'>venicu-</span> 
     </span>
     <span class='ocr_line' id='line_1_7' title="bbox 192 1146 1266 1245; baseline 0 -27"><span class='ocrx_word' id='word_1_39' title='bbox 192 1164 265 1220; x_wconf 87' lang='lat' dir='ltr'>tem</span> <span class='ocrx_word' id='word_1_40' title='bbox 282 1147 449 1220; x_wconf 77' lang='lat' dir='ltr'>audacter</span> <span class='ocrx_word' id='word_1_41' title='bbox 466 1150 622 1244; x_wconf 83' lang='lat' dir='ltr'>excepit,</span> <span class='ocrx_word' id='word_1_42' title='bbox 643 1149 730 1220; x_wconf 86' lang='lat' dir='ltr'>vicit</span> <span class='ocrx_word' id='word_1_43' title='bbox 747 1165 782 1219; x_wconf 92' lang='lat' dir='ltr'>et</span> <span class='ocrx_word' id='word_1_44' title='bbox 800 1146 1096 1245; x_wconf 87' lang='lat' dir='ltr'>comprehendit,</span> <span class='ocrx_word' id='word_1_45' title='bbox 1117 1166 1152 1219; x_wconf 89' lang='lat' dir='ltr'>ct</span> <span class='ocrx_word' id='word_1_46' title='bbox 1167 1174 1266 1220; x_wconf 87' lang='lat' dir='ltr'>exer-</span> 
     </span>
     <span class='ocr_line' id='line_1_8' title="bbox 191 1263 1264 1364; baseline 0.001 -26"><span class='ocrx_word' id='word_1_47' title='bbox 191 1266 304 1338; x_wconf 90' lang='lat' dir='ltr'>citum</span> <span class='ocrx_word' id='word_1_48' title='bbox 327 1269 420 1364; x_wconf 85' lang='lat' dir='ltr'>ejus,</span> <span class='ocrx_word' id='word_1_49' title='bbox 440 1267 550 1364; x_wconf 88' lang='lat' dir='ltr'>captis</span> <span class='ocrx_word' id='word_1_50' title='bbox 569 1265 782 1364; x_wconf 87' lang='lat' dir='ltr'>quibusdam</span> <span class='ocrx_word' id='word_1_51' title='bbox 800 1263 996 1353; x_wconf 91' lang='lat' dir='ltr'>militibus,</span> <span class='ocrx_word' id='word_1_52' title='bbox 1019 1265 1169 1364; x_wconf 79' lang='lat' dir='ltr'>fugavit.</span> <span class='ocrx_word' id='word_1_53' title='bbox 1189 1266 1264 1339; x_wconf 92' lang='lat' dir='ltr'>Hac</span> 
     </span>
     <span class='ocr_line' id='line_1_9' title="bbox 191 1381 1263 1482; baseline 0.002 -29"><span class='ocrx_word' id='word_1_54' title='bbox 191 1381 310 1481; x_wconf 85' lang='lat' dir='ltr'>itaque</span> <span class='ocrx_word' id='word_1_55' title='bbox 328 1384 476 1456; x_wconf 88' lang='lat' dir='ltr'>victoria</span> <span class='ocrx_word' id='word_1_56' title='bbox 500 1384 631 1470; x_wconf 86' lang='lat' dir='ltr'>elatus,</span> <span class='ocrx_word' id='word_1_57' title='bbox 660 1382 766 1453; x_wconf 91' lang='lat' dir='ltr'>nimis</span> <span class='ocrx_word' id='word_1_58' title='bbox 788 1383 977 1471; x_wconf 81' lang='lat' dir='ltr'>intumuit,</span> <span class='ocrx_word' id='word_1_59' title='bbox 1002 1382 1263 1482; x_wconf 87' lang='lat' dir='ltr'>dominumque</span> 
     </span>
     <span class='ocr_line' id='line_1_10' title="bbox 190 1500 1260 1599; baseline 0 -28"><span class='ocrx_word' id='word_1_60' title='bbox 190 1526 312 1588; x_wconf 90' lang='lat' dir='ltr'>suum,</span> <span class='ocrx_word' id='word_1_61' title='bbox 332 1518 367 1572; x_wconf 92' lang='lat' dir='ltr'>et</span> <span class='ocrx_word' id='word_1_62' title='bbox 384 1502 583 1599; x_wconf 87' lang='lat' dir='ltr'>Rogerinm</span> <span class='ocrx_word' id='word_1_63' title='bbox 599 1501 642 1571; x_wconf 91' lang='lat' dir='ltr'>de</span> <span class='ocrx_word' id='word_1_64' title='bbox 660 1500 773 1572; x_wconf 84' lang='lat' dir='ltr'>Glotis</span> <span class='ocrx_word' id='word_1_65' title='bbox 784 1555 795 1590; x_wconf 89' lang='lat'>‚</span> <span class='ocrx_word' id='word_1_66' title='bbox 815 1500 974 1598; x_wconf 86' lang='lat' dir='ltr'>aliosque</span> <span class='ocrx_word' id='word_1_67' title='bbox 991 1526 1080 1598; x_wconf 86' lang='lat' dir='ltr'>quos</span> <span class='ocrx_word' id='word_1_68' title='bbox 1099 1517 1260 1597; x_wconf 81' lang='lat' dir='ltr'>ceperat,</span> 
     </span>
     <span class='ocr_line' id='line_1_11' title="bbox 189 1613 1263 1712; baseline -0.001 -23"><span class='ocrx_word' id='word_1_69' title='bbox 189 1613 385 1689; x_wconf 88' lang='lat' dir='ltr'>crudeliter</span> <span class='ocrx_word' id='word_1_70' title='bbox 405 1617 591 1688; x_wconf 79' lang='lat' dir='ltr'>cruciavit.</span> <span class='ocrx_word' id='word_1_71' title='bbox 612 1615 717 1699; x_wconf 86' lang='lat' dir='ltr'>Nam,</span> <span class='ocrx_word' id='word_1_72' title='bbox 737 1641 801 1712; x_wconf 88' lang='lat' dir='ltr'>per</span> <span class='ocrx_word' id='word_1_73' title='bbox 820 1632 890 1686; x_wconf 92' lang='lat' dir='ltr'>tres</span> <span class='ocrx_word' id='word_1_74' title='bbox 909 1641 1059 1703; x_wconf 89' lang='lat' dir='ltr'>menses,</span> <span class='ocrx_word' id='word_1_75' title='bbox 1088 1616 1122 1686; x_wconf 94' lang='lat' dir='ltr'>in</span> <span class='ocrx_word' id='word_1_76' title='bbox 1146 1633 1263 1688; x_wconf 89' lang='lat' dir='ltr'>castro</span> 
     </span>
     <span class='ocr_line' id='line_1_12' title="bbox 188 1730 1262 1823; baseline 0.001 -20"><span class='ocrx_word' id='word_1_77' title='bbox 188 1730 423 1805; x_wconf 84' lang='lat' dir='ltr'>Breherrallo</span> <span class='ocrx_word' id='word_1_78' title='bbox 437 1758 498 1805; x_wconf 92' lang='lat' dir='ltr'>eos</span> <span class='ocrx_word' id='word_1_79' title='bbox 512 1734 548 1805; x_wconf 89' lang='lat' dir='ltr'>in</span> <span class='ocrx_word' id='word_1_80' title='bbox 564 1759 707 1806; x_wconf 82' lang='lat' dir='ltr'>carcere</span> <span class='ocrx_word' id='word_1_81' title='bbox 717 1734 876 1818; x_wconf 87' lang='lat' dir='ltr'>strinxit,</span> <span class='ocrx_word' id='word_1_82' title='bbox 891 1750 926 1805; x_wconf 91' lang='lat' dir='ltr'>et</span> <span class='ocrx_word' id='word_1_83' title='bbox 939 1733 1160 1823; x_wconf 79' lang='lat' dir='ltr'>multotienS,</span> <span class='ocrx_word' id='word_1_84' title='bbox 1176 1732 1262 1804; x_wconf 91' lang='lat' dir='ltr'>dum</span> 
     </span>
     <span class='ocr_line' id='line_1_13' title="bbox 190 1848 1262 1950; baseline 0.001 -30"><span class='ocrx_word' id='word_1_85' title='bbox 190 1849 300 1920; x_wconf 90' lang='lat' dir='ltr'>nimia</span> <span class='ocrx_word' id='word_1_86' title='bbox 320 1848 433 1921; x_wconf 89' lang='lat' dir='ltr'>hiems</span> <span class='ocrx_word' id='word_1_87' title='bbox 460 1852 619 1939; x_wconf 84' lang='lat' dir='ltr'>saeviret,</span> <span class='ocrx_word' id='word_1_88' title='bbox 642 1853 677 1923; x_wconf 91' lang='lat' dir='ltr'>in</span> <span class='ocrx_word' id='word_1_89' title='bbox 703 1852 786 1922; x_wconf 91' lang='lat' dir='ltr'>solis</span> <span class='ocrx_word' id='word_1_90' title='bbox 811 1851 983 1938; x_wconf 91' lang='lat' dir='ltr'>camisiis,</span> <span class='ocrx_word' id='word_1_91' title='bbox 1003 1879 1093 1950; x_wconf 88' lang='lat' dir='ltr'>aqua</span> <span class='ocrx_word' id='word_1_92' title='bbox 1115 1851 1262 1949; x_wconf 86' lang='lat' dir='ltr'>largiter</span> 
     </span>
     <span class='ocr_line' id='line_1_14' title="bbox 188 1965 1262 2051; baseline 0.005 -15"><span class='ocrx_word' id='word_1_93' title='bbox 188 1965 413 2051; x_wconf 83' lang='lat' dir='ltr'>humectatis,</span> <span class='ocrx_word' id='word_1_94' title='bbox 432 1968 467 2037; x_wconf 91' lang='lat' dir='ltr'>iu</span> <span class='ocrx_word' id='word_1_95' title='bbox 479 1969 633 2039; x_wconf 76' lang='lat' dir='ltr'>fenestra</span> <span class='ocrx_word' id='word_1_96' title='bbox 646 1967 809 2038; x_wconf 82' lang='lat' dir='ltr'>sublimis</span> <span class='ocrx_word' id='word_1_97' title='bbox 826 1968 916 2038; x_wconf 75' lang='lat' dir='ltr'>aulae</span> <span class='ocrx_word' id='word_1_98' title='bbox 931 1968 1056 2039; x_wconf 85' lang='lat' dir='ltr'>Boreoe</span> <span class='ocrx_word' id='word_1_99' title='bbox 1073 1968 1127 2039; x_wconf 83' lang='lat' dir='ltr'>rel</span> <span class='ocrx_word' id='word_1_100' title='bbox 1143 1967 1262 2041; x_wconf 87' lang='lat' dir='ltr'>Circio</span> 
     </span>
     <span class='ocr_line' id='line_1_15' title="bbox 187 2083 1260 2182; baseline 0.001 -26"><span class='ocrx_word' id='word_1_101' title='bbox 187 2084 370 2182; x_wconf 84' lang='lat' dir='ltr'>exposuit,</span> <span class='ocrx_word' id='word_1_102' title='bbox 391 2083 505 2157; x_wconf 91' lang='lat' dir='ltr'>donec</span> <span class='ocrx_word' id='word_1_103' title='bbox 525 2102 597 2158; x_wconf 86' lang='lat' dir='ltr'>tota</span> <span class='ocrx_word' id='word_1_104' title='bbox 616 2087 722 2157; x_wconf 82' lang='lat' dir='ltr'>vestis</span> <span class='ocrx_word' id='word_1_105' title='bbox 739 2087 831 2157; x_wconf 88' lang='lat' dir='ltr'>circa</span> <span class='ocrx_word' id='word_1_106' title='bbox 850 2110 981 2182; x_wconf 92' lang='lat' dir='ltr'>corpus</span> <span class='ocrx_word' id='word_1_107' title='bbox 1000 2085 1206 2157; x_wconf 69' lang='lat' dir='ltr'>tinctorum</span> <span class='ocrx_word' id='word_1_108' title='bbox 1224 2085 1260 2157; x_wconf 88' lang='lat' dir='ltr'>in</span> 
     </span>
     <span class='ocr_line' id='line_1_16' title="bbox 188 2201 1259 2302; baseline 0.002 -29"><span class='ocrx_word' id='word_1_109' title='bbox 188 2227 263 2273; x_wconf 91' lang='lat' dir='ltr'>uno</span> <span class='ocrx_word' id='word_1_110' title='bbox 288 2203 370 2300; x_wconf 87' lang='lat' dir='ltr'>gelu</span> <span class='ocrx_word' id='word_1_111' title='bbox 387 2201 550 2302; x_wconf 79' lang='lat' dir='ltr'>diriguit.</span> <span class='ocrx_word' id='word_1_112' title='bbox 569 2202 751 2288; x_wconf 72' lang='lat' dir='ltr'>Tandem,</span> <span class='ocrx_word' id='word_1_113' title='bbox 771 2201 1101 2274; x_wconf 85' lang='lat' dir='ltr'>intercurrentibus</span> <span class='ocrx_word' id='word_1_114' title='bbox 1117 2203 1259 2292; x_wconf 90' lang='lat' dir='ltr'>amicis,</span> 
     </span>
     <span class='ocr_line' id='line_1_17' title="bbox 187 2310 1260 2421; baseline 0.004 -31"><span class='ocrx_word' id='word_1_115' title='bbox 187 2345 255 2417; x_wconf 81' lang='lat' dir='ltr'>pax</span> <span class='ocrx_word' id='word_1_116' title='bbox 270 2320 366 2392; x_wconf 88' lang='lat' dir='ltr'>inter</span> <span class='ocrx_word' id='word_1_117' title='bbox 379 2346 438 2393; x_wconf 90' lang='lat' dir='ltr'>eos</span> <span class='ocrx_word' id='word_1_118' title='bbox 451 2323 539 2392; x_wconf 82' lang='lat' dir='ltr'>sacta</span> <span class='ocrx_word' id='word_1_119' title='bbox 555 2310 621 2408; x_wconf 86' lang='lat' dir='ltr'>est,</span> <span class='ocrx_word' id='word_1_120' title='bbox 638 2349 678 2394; x_wconf 89' lang='lat' dir='ltr'>ac</span> <span class='ocrx_word' id='word_1_121' title='bbox 694 2322 754 2392; x_wconf 87' lang='lat' dir='ltr'>tali</span> <span class='ocrx_word' id='word_1_122' title='bbox 773 2338 897 2393; x_wconf 87' lang='lat' dir='ltr'>tenore</span> <span class='ocrx_word' id='word_1_123' title='bbox 910 2321 1125 2394; x_wconf 82' lang='lat' dir='ltr'>Guillelmus</span> <span class='ocrx_word' id='word_1_124' title='bbox 1140 2322 1260 2421; x_wconf 79' lang='lat' dir='ltr'>egredi</span> 
     </span>
     <span class='ocr_line' id='line_1_18' title="bbox 184 2435 1261 2534; baseline 0.003 -26"><span class='ocrx_word' id='word_1_125' title='bbox 184 2435 232 2509; x_wconf 90' lang='lat' dir='ltr'>de</span> <span class='ocrx_word' id='word_1_126' title='bbox 248 2462 391 2509; x_wconf 86' lang='lat' dir='ltr'>carcere</span> <span class='ocrx_word' id='word_1_127' title='bbox 410 2440 602 2534; x_wconf 85' lang='lat' dir='ltr'>permissus</span> <span class='ocrx_word' id='word_1_128' title='bbox 620 2454 684 2510; x_wconf 91' lang='lat' dir='ltr'>est.</span> <span class='ocrx_word' id='word_1_129' title='bbox 704 2438 836 2526; x_wconf 79' lang='lat' dir='ltr'>isabel,</span> <span class='ocrx_word' id='word_1_130' title='bbox 857 2438 968 2513; x_wconf 86' lang='lat' dir='ltr'>filiam</span> <span class='ocrx_word' id='word_1_131' title='bbox 986 2465 1105 2526; x_wconf 90' lang='lat' dir='ltr'>suam,</span> <span class='ocrx_word' id='word_1_132' title='bbox 1132 2439 1261 2512; x_wconf 86' lang='lat' dir='ltr'>Goello</span> 
     </span>
     <span class='ocr_line' id='line_1_19' title="bbox 186 2552 1263 2654; baseline 0.001 -29"><span class='ocrx_word' id='word_1_133' title='bbox 186 2554 376 2652; x_wconf 86' lang='lat' dir='ltr'>conjugem</span> <span class='ocrx_word' id='word_1_134' title='bbox 395 2552 512 2642; x_wconf 85' lang='lat' dir='ltr'>dedit,</span> <span class='ocrx_word' id='word_1_135' title='bbox 537 2571 572 2625; x_wconf 96' lang='lat' dir='ltr'>et</span> <span class='ocrx_word' id='word_1_136' title='bbox 595 2555 661 2626; x_wconf 91' lang='lat' dir='ltr'>tria</span> <span class='ocrx_word' id='word_1_137' title='bbox 683 2555 781 2625; x_wconf 91' lang='lat' dir='ltr'>milia</span> <span class='ocrx_word' id='word_1_138' title='bbox 802 2552 978 2625; x_wconf 86' lang='lat' dir='ltr'>librarum</span> <span class='ocrx_word' id='word_1_139' title='bbox 1002 2581 1084 2626; x_wconf 89' lang='lat' dir='ltr'>cum</span> <span class='ocrx_word' id='word_1_140' title='bbox 1106 2556 1206 2654; x_wconf 89' lang='lat' dir='ltr'>equis</span> <span class='ocrx_word' id='word_1_141' title='bbox 1226 2571 1263 2626; x_wconf 86' lang='lat' dir='ltr'>et</span> 
     </span>
     <span class='ocr_line' id='line_1_20' title="bbox 185 2667 1339 2770; baseline 0.002 -31"><span class='ocrx_word' id='word_1_142' title='bbox 185 2669 314 2756; x_wconf 86' lang='lat' dir='ltr'>armis,</span> <span class='ocrx_word' id='word_1_143' title='bbox 336 2670 485 2769; x_wconf 88' lang='lat' dir='ltr'>aliisque</span> <span class='ocrx_word' id='word_1_144' title='bbox 508 2669 632 2740; x_wconf 90' lang='lat' dir='ltr'>multis</span> <span class='ocrx_word' id='word_1_145' title='bbox 650 2667 851 2767; x_wconf 89' lang='lat' dir='ltr'>sumptibus</span> <span class='ocrx_word' id='word_1_146' title='bbox 875 2672 1055 2768; x_wconf 89' lang='lat' dir='ltr'>erogavit,</span> <span class='ocrx_word' id='word_1_147' title='bbox 1083 2685 1119 2741; x_wconf 93' lang='lat' dir='ltr'>et</span> <span class='ocrx_word' id='word_1_148' title='bbox 1141 2696 1261 2741; x_wconf 91' lang='lat' dir='ltr'>arcem</span> <span class='ocrx_word' id='word_1_149' title='bbox 1335 2763 1339 2770; x_wconf 19' lang='lat'>⁵</span> 
     </span>
     <span class='ocr_line' id='line_1_21' title="bbox 184 2784 1262 2885; baseline -0.001 -27"><span class='ocrx_word' id='word_1_150' title='bbox 184 2784 231 2858; x_wconf 90' lang='lat' dir='ltr'>de</span> <span class='ocrx_word' id='word_1_151' title='bbox 246 2785 367 2859; x_wconf 89' lang='lat' dir='ltr'>lbreio</span> <span class='ocrx_word' id='word_1_152' title='bbox 385 2788 551 2885; x_wconf 88' lang='lat' dir='ltr'>promisit</span> <span class='ocrx_word' id='word_1_153' title='bbox 568 2793 634 2883; x_wconf 71' lang='grc' dir='ltr'>(ὅ).</span> <span class='ocrx_word' id='word_1_154' title='bbox 653 2789 716 2858; x_wconf 88' lang='lat' dir='ltr'>His</span> <span class='ocrx_word' id='word_1_155' title='bbox 735 2789 782 2858; x_wconf 91' lang='lat' dir='ltr'>ita</span> <span class='ocrx_word' id='word_1_156' title='bbox 803 2788 1026 2884; x_wconf 91' lang='lat' dir='ltr'>compositis,</span> <span class='ocrx_word' id='word_1_157' title='bbox 1048 2786 1262 2858; x_wconf 78' lang='lat' dir='ltr'>Guillelmus</span> 
     </span>
     <span class='ocr_line' id='line_1_22' title="bbox 186 2902 1261 3007; baseline -0.001 -32"><span class='ocrx_word' id='word_1_158' title='bbox 186 2902 282 2976; x_wconf 86' lang='lat' dir='ltr'>liber</span> <span class='ocrx_word' id='word_1_159' title='bbox 309 2904 440 2976; x_wconf 83' lang='lat' dir='ltr'>extitit.</span> <span class='ocrx_word' id='word_1_160' title='bbox 466 2903 534 2976; x_wconf 91' lang='lat' dir='ltr'>Sed</span> <span class='ocrx_word' id='word_1_161' title='bbox 558 2932 627 3003; x_wconf 87' lang='lat' dir='ltr'>pax</span> <span class='ocrx_word' id='word_1_162' title='bbox 650 2932 760 3007; x_wconf 87' lang='lat' dir='ltr'>quam</span> <span class='ocrx_word' id='word_1_163' title='bbox 784 2904 1015 3004; x_wconf 79' lang='lat' dir='ltr'>pepigerant,</span> <span class='ocrx_word' id='word_1_164' title='bbox 1041 2931 1168 3003; x_wconf 90' lang='lat' dir='ltr'>parum</span> <span class='ocrx_word' id='word_1_165' title='bbox 1191 2902 1261 2974; x_wconf 91' lang='lat' dir='ltr'>du-</span> 
     </span>
     <span class='ocr_line' id='line_1_23' title="bbox 185 3039 295 3094; baseline 0 0"><span class='ocrx_word' id='word_1_166' title='bbox 185 3039 295 3094; x_wconf 73' lang='lat' dir='ltr'>ravit.</span> 
     </span>
    </p>

    <p class='ocr_par' dir='ltr' id='par_1_4' title="bbox 235 3134 1262 3241">
     <span class='ocr_line' id='line_1_24' title="bbox 235 3134 1262 3241; baseline 0 -29"><span class='ocrx_word' id='word_1_167' title='bbox 235 3141 406 3241; x_wconf 89' lang='lat' dir='ltr'>Sequenti</span> <span class='ocrx_word' id='word_1_168' title='bbox 421 3167 518 3213; x_wconf 90' lang='lat' dir='ltr'>anno</span> <span class='ocrx_word' id='word_1_169' title='bbox 533 3142 601 3239; x_wconf 71' lang='lat' dir='ltr'>(d),</span> <span class='ocrx_word' id='word_1_170' title='bbox 617 3134 852 3229; x_wconf 89' lang='lat' dir='ltr'>Guillelmus,</span> <span class='ocrx_word' id='word_1_171' title='bbox 871 3137 1118 3240; x_wconf 88' lang='lat' dir='ltr'>inquietudine</span> <span class='ocrx_word' id='word_1_172' title='bbox 1133 3141 1262 3212; x_wconf 91' lang='lat' dir='ltr'>stimu-</span> 
     </span>
    </p>
   </div>
   <div class='ocr_carea' id='block_1_3' title="bbox 188 3315 1258 3327">
    <p class='ocr_par' dir='ltr' id='par_1_5' title="bbox 188 3315 1258 3327">
     <span class='ocr_line' id='line_1_25' title="bbox 188 3315 1258 3327; baseline -0.002 -4"><span class='ocrx_word' id='word_1_173' title='bbox 188 3315 329 3324; x_wconf 40' lang='lat'>›-··--...-«..</span> <span class='ocrx_word' id='word_1_174' title='bbox 346 3317 460 3324; x_wconf 54' lang='lat'>--.-,</span> <span class='ocrx_word' id='word_1_175' title='bbox 482 3317 711 3327; x_wconf 66' lang='lat'>....—....--....--..,</span> <span class='ocrx_word' id='word_1_176' title='bbox 731 3317 792 3322; x_wconf 64' lang='lat' dir='ltr'>-..u</span> <span class='ocrx_word' id='word_1_177' title='bbox 810 3316 933 3322; x_wconf 79' lang='lat'>...........</span> <span class='ocrx_word' id='word_1_178' title='bbox 951 3316 990 3322; x_wconf 72' lang='lat'>-</span> <span class='ocrx_word' id='word_1_179' title='bbox 1003 3317 1048 3321; x_wconf 75' lang='lat'>..-..</span> <span class='ocrx_word' id='word_1_180' title='bbox 1070 3317 1128 3323; x_wconf 47' lang='grc' dir='ltr'>.-μω-</span> <span class='ocrx_word' id='word_1_181' title='bbox 1142 3317 1160 3322; x_wconf 84' lang='grc'>-</span> <span class='ocrx_word' id='word_1_182' title='bbox 1178 3317 1232 3322; x_wconf 79' lang='grc'>......</span> <span class='ocrx_word' id='word_1_183' title='bbox 1250 3317 1258 3324; x_wconf 90' lang='grc'>,</span> 
     </span>
    </p>
   </div>
   <div class='ocr_carea' id='block_1_4' title="bbox 182 3406 1265 4200">
    <p class='ocr_par' dir='ltr' id='par_1_6' title="bbox 183 3406 1263 3751">
     <span class='ocr_line' id='line_1_26' title="bbox 221 3406 1262 3481; baseline 0 -20"><span class='ocrx_word' id='word_1_184' title='bbox 221 3408 260 3478; x_wconf 80' lang='grc' dir='ltr'>(ι)</span> <span class='ocrx_word' id='word_1_185' title='bbox 275 3409 327 3462; x_wconf 89' lang='lat' dir='ltr'>Ces</span> <span class='ocrx_word' id='word_1_186' title='bbox 340 3410 516 3462; x_wconf 80' lang='lat' dir='ltr'>e&#39;rcnements</span> <span class='ocrx_word' id='word_1_187' title='bbox 529 3418 611 3481; x_wconf 77' lang='lat' dir='ltr'>ayant</span> <span class='ocrx_word' id='word_1_188' title='bbox 623 3406 742 3480; x_wconf 76' lang='lat' dir='ltr'>prece&#39;dt&#39;·</span> <span class='ocrx_word' id='word_1_189' title='bbox 754 3417 782 3460; x_wconf 89' lang='lat' dir='ltr'>et</span> <span class='ocrx_word' id='word_1_190' title='bbox 795 3408 892 3460; x_wconf 70' lang='lat' dir='ltr'>amend</span> <span class='ocrx_word' id='word_1_191' title='bbox 903 3406 928 3460; x_wconf 91' lang='lat' dir='ltr'>lc</span> <span class='ocrx_word' id='word_1_192' title='bbox 941 3406 1052 3460; x_wconf 86' lang='lat' dir='ltr'>combat</span> <span class='ocrx_word' id='word_1_193' title='bbox 1064 3416 1143 3460; x_wconf 87' lang='lat' dir='ltr'>entre</span> <span class='ocrx_word' id='word_1_194' title='bbox 1152 3407 1262 3461; x_wconf 87' lang='lat' dir='ltr'>Ascelin</span> 
     </span>
     <span class='ocr_line' id='line_1_27' title="bbox 183 3495 1262 3569; baseline -0.002 -19"><span class='ocrx_word' id='word_1_195' title='bbox 183 3495 259 3550; x_wconf 85' lang='lat' dir='ltr'>Goel</span> <span class='ocrx_word' id='word_1_196' title='bbox 274 3508 303 3551; x_wconf 86' lang='lat' dir='ltr'>et</span> <span class='ocrx_word' id='word_1_197' title='bbox 319 3496 481 3551; x_wconf 83' lang='lat' dir='ltr'>Guillaume</span> <span class='ocrx_word' id='word_1_198' title='bbox 500 3497 535 3551; x_wconf 89' lang='lat' dir='ltr'>de</span> <span class='ocrx_word' id='word_1_199' title='bbox 556 3496 693 3561; x_wconf 87' lang='lat' dir='ltr'>Breteuil,</span> <span class='ocrx_word' id='word_1_200' title='bbox 711 3515 765 3569; x_wconf 87' lang='lat' dir='ltr'>quc</span> <span class='ocrx_word' id='word_1_201' title='bbox 781 3513 851 3567; x_wconf 85' lang='lat' dir='ltr'>nous</span> <span class='ocrx_word' id='word_1_202' title='bbox 870 3513 988 3566; x_wconf 66' lang='lat' dir='ltr'>croyons</span> <span class='ocrx_word' id='word_1_203' title='bbox 1007 3495 1083 3548; x_wconf 80' lang='lat' dir='ltr'>avoir</span> <span class='ocrx_word' id='word_1_204' title='bbox 1101 3498 1205 3565; x_wconf 83' lang='lat' dir='ltr'>prouve&#39;</span> <span class='ocrx_word' id='word_1_205' title='bbox 1222 3497 1262 3550; x_wconf 90' lang='lat' dir='ltr'>ci-</span> 
     </span>
     <span class='ocr_line' id='line_1_28' title="bbox 183 3584 1263 3661; baseline -0.001 -21"><span class='ocrx_word' id='word_1_206' title='bbox 183 3586 281 3641; x_wconf 88' lang='lat' dir='ltr'>dessns</span> <span class='ocrx_word' id='word_1_207' title='bbox 295 3590 457 3661; x_wconf 84' lang='lat' dir='ltr'>appartcnir</span> <span class='ocrx_word' id='word_1_208' title='bbox 475 3607 509 3641; x_wconf 88' lang='lat' dir='ltr'>au</span> <span class='ocrx_word' id='word_1_209' title='bbox 528 3587 599 3642; x_wconf 90' lang='lat' dir='ltr'>mois</span> <span class='ocrx_word' id='word_1_210' title='bbox 615 3586 651 3641; x_wconf 88' lang='lat' dir='ltr'>de</span> <span class='ocrx_word' id='word_1_211' title='bbox 669 3588 771 3641; x_wconf 78' lang='lat' dir='ltr'>ferrici·</span> <span class='ocrx_word' id='word_1_212' title='bbox 793 3602 874 3657; x_wconf 80' lang='lat'>1092,</span> <span class='ocrx_word' id='word_1_213' title='bbox 894 3584 914 3638; x_wconf 87' lang='lat' dir='ltr'>it</span> <span class='ocrx_word' id='word_1_214' title='bbox 932 3595 973 3638; x_wconf 90' lang='lat' dir='ltr'>est</span> <span class='ocrx_word' id='word_1_215' title='bbox 993 3584 1152 3657; x_wconf 86' lang='lat' dir='ltr'>impossible</span> <span class='ocrx_word' id='word_1_216' title='bbox 1170 3585 1205 3639; x_wconf 91' lang='lat' dir='ltr'>de</span> <span class='ocrx_word' id='word_1_217' title='bbox 1223 3585 1263 3639; x_wconf 80' lang='lat' dir='ltr'>les</span> 
     </span>
     <span class='ocr_line' id='line_1_29' title="bbox 184 3677 423 3751; baseline 0.004 -20"><span class='ocrx_word' id='word_1_218' title='bbox 184 3677 279 3751; x_wconf 85' lang='lat' dir='ltr'>placer</span> <span class='ocrx_word' id='word_1_219' title='bbox 295 3697 330 3733; x_wconf 88' lang='lat' dir='ltr'>en</span> <span class='ocrx_word' id='word_1_220' title='bbox 346 3683 423 3751; x_wconf 66' lang='lat'>1094.</span> 
     </span>
    </p>

    <p class='ocr_par' dir='ltr' id='par_1_7' title="bbox 220 3767 1022 3840">
     <span class='ocr_line' id='line_1_30' title="bbox 220 3767 1022 3840; baseline -0.004 -19"><span class='ocrx_word' id='word_1_221' title='bbox 220 3769 259 3839; x_wconf 78' lang='lat' dir='ltr'>(a)</span> <span class='ocrx_word' id='word_1_222' title='bbox 276 3769 349 3822; x_wconf 86' lang='lat' dir='ltr'>Dans</span> <span class='ocrx_word' id='word_1_223' title='bbox 364 3769 390 3822; x_wconf 82' lang='lat' dir='ltr'>la</span> <span class='ocrx_word' id='word_1_224' title='bbox 404 3768 525 3823; x_wconf 82' lang='lat' dir='ltr'>semaine</span> <span class='ocrx_word' id='word_1_225' title='bbox 539 3768 578 3821; x_wconf 90' lang='lat' dir='ltr'>du</span> <span class='ocrx_word' id='word_1_226' title='bbox 596 3785 629 3823; x_wconf 75' lang='lat' dir='ltr'>aa</span> <span class='ocrx_word' id='word_1_227' title='bbox 643 3787 678 3821; x_wconf 87' lang='lat' dir='ltr'>au</span> <span class='ocrx_word' id='word_1_228' title='bbox 694 3785 729 3840; x_wconf 77' lang='lat'>29</span> <span class='ocrx_word' id='word_1_229' title='bbox 743 3767 844 3821; x_wconf 77' lang='lat' dir='ltr'>serrier</span> <span class='ocrx_word' id='word_1_230' title='bbox 863 3785 940 3839; x_wconf 75' lang='lat'>¹⁰9²·</span> <span class='ocrx_word' id='word_1_231' title='bbox 1018 3809 1022 3818; x_wconf 94' lang='lat'>.</span> 
     </span>
    </p>

    <p class='ocr_par' dir='ltr' id='par_1_8' title="bbox 182 3855 1265 4200">
     <span class='ocr_line' id='line_1_31' title="bbox 220 3855 1263 3932; baseline -0.003 -18"><span class='ocrx_word' id='word_1_232' title='bbox 220 3856 260 3929; x_wconf 82' lang='lat'>(3)</span> <span class='ocrx_word' id='word_1_233' title='bbox 281 3859 375 3932; x_wconf 85' lang='lat' dir='ltr'>Voyez</span> <span class='ocrx_word' id='word_1_234' title='bbox 395 3858 546 3924; x_wconf 87' lang='lat' dir='ltr'>ci-dessus,</span> <span class='ocrx_word' id='word_1_235' title='bbox 568 3878 596 3930; x_wconf 90' lang='lat' dir='ltr'>p.</span> <span class='ocrx_word' id='word_1_236' title='bbox 612 3856 676 3915; x_wconf 76' lang='lat'>332.</span> <span class='ocrx_word' id='word_1_237' title='bbox 695 3857 858 3912; x_wconf 84' lang='lat' dir='ltr'>Guillaume</span> <span class='ocrx_word' id='word_1_238' title='bbox 877 3856 913 3909; x_wconf 85' lang='lat' dir='ltr'>de</span> <span class='ocrx_word' id='word_1_239' title='bbox 935 3856 1056 3910; x_wconf 85' lang='lat' dir='ltr'>Breteuil</span> <span class='ocrx_word' id='word_1_240' title='bbox 1078 3855 1108 3908; x_wconf 85' lang='lat' dir='ltr'>fit</span> <span class='ocrx_word' id='word_1_241' title='bbox 1128 3855 1189 3928; x_wconf 89' lang='lat' dir='ltr'>plns</span> <span class='ocrx_word' id='word_1_242' title='bbox 1209 3874 1263 3930; x_wconf 92' lang='lat' dir='ltr'>quc</span> 
     </span>
     <span class='ocr_line' id='line_1_32' title="bbox 183 3945 1263 4021; baseline -0.001 -19"><span class='ocrx_word' id='word_1_243' title='bbox 183 3959 340 4021; x_wconf 87' lang='lat' dir='ltr'>promettrc</span> <span class='ocrx_word' id='word_1_244' title='bbox 355 3949 381 4004; x_wconf 88' lang='lat' dir='ltr'>le</span> <span class='ocrx_word' id='word_1_245' title='bbox 395 3950 512 4004; x_wconf 70' lang='lat' dir='ltr'>chateau</span> <span class='ocrx_word' id='word_1_246' title='bbox 527 3949 609 4002; x_wconf 87' lang='lat' dir='ltr'>d’Ivri</span> <span class='ocrx_word' id='word_1_247' title='bbox 624 3952 638 4002; x_wconf 75' lang='grc' dir='ltr'>ἐι</span> <span class='ocrx_word' id='word_1_248' title='bbox 653 3948 762 4003; x_wconf 81' lang='lat' dir='ltr'>Ascelin</span> <span class='ocrx_word' id='word_1_249' title='bbox 776 3946 862 4012; x_wconf 91' lang='lat' dir='ltr'>Gocl‚</span> <span class='ocrx_word' id='word_1_250' title='bbox 880 3946 899 4000; x_wconf 91' lang='lat' dir='ltr'>il</span> <span class='ocrx_word' id='word_1_251' title='bbox 915 3946 941 4000; x_wconf 87' lang='lat' dir='ltr'>le</span> <span class='ocrx_word' id='word_1_252' title='bbox 954 3945 994 4001; x_wconf 88' lang='lat' dir='ltr'>lui</span> <span class='ocrx_word' id='word_1_253' title='bbox 1006 3945 1074 4000; x_wconf 84' lang='lat' dir='ltr'>lirra</span> <span class='ocrx_word' id='word_1_254' title='bbox 1087 3946 1150 4000; x_wconf 83' lang='lat' dir='ltr'>bien</span> <span class='ocrx_word' id='word_1_255' title='bbox 1167 3946 1263 4001; x_wconf 75' lang='lat' dir='ltr'>rdelle-</span> 
     </span>
     <span class='ocr_line' id='line_1_33' title="bbox 183 4035 1265 4109; baseline -0.004 -18"><span class='ocrx_word' id='word_1_256' title='bbox 183 4047 282 4100; x_wconf 89' lang='lat' dir='ltr'>ment‚</span> <span class='ocrx_word' id='word_1_257' title='bbox 302 4056 410 4093; x_wconf 91' lang='lat' dir='ltr'>comme</span> <span class='ocrx_word' id='word_1_258' title='bbox 428 4057 466 4093; x_wconf 92' lang='lat' dir='ltr'>on</span> <span class='ocrx_word' id='word_1_259' title='bbox 482 4057 513 4092; x_wconf 85' lang='lat' dir='ltr'>va</span> <span class='ocrx_word' id='word_1_260' title='bbox 534 4040 601 4092; x_wconf 85' lang='lat' dir='ltr'>roir.</span> <span class='ocrx_word' id='word_1_261' title='bbox 623 4040 659 4091; x_wconf 87' lang='lat' dir='ltr'>Le</span> <span class='ocrx_word' id='word_1_262' title='bbox 678 4037 769 4092; x_wconf 79' lang='lat' dir='ltr'>feroce</span> <span class='ocrx_word' id='word_1_263' title='bbox 784 4037 914 4109; x_wconf 85' lang='lat' dir='ltr'>seigneur</span> <span class='ocrx_word' id='word_1_264' title='bbox 933 4035 967 4089; x_wconf 91' lang='lat' dir='ltr'>de</span> <span class='ocrx_word' id='word_1_265' title='bbox 988 4035 1086 4090; x_wconf 86' lang='lat' dir='ltr'>Bre&#39;ral</span> <span class='ocrx_word' id='word_1_266' title='bbox 1106 4036 1201 4090; x_wconf 81' lang='lat' dir='ltr'>n’etait</span> <span class='ocrx_word' id='word_1_267' title='bbox 1216 4054 1265 4108; x_wconf 80' lang='lat' dir='ltr'>pas</span> 
     </span>
     <span class='ocr_line' id='line_1_34' title="bbox 182 4125 935 4200; baseline -0.003 -19"><span class='ocrx_word' id='word_1_268' title='bbox 182 4125 219 4182; x_wconf 88' lang='lat' dir='ltr'>de</span> <span class='ocrx_word' id='word_1_269' title='bbox 232 4129 371 4182; x_wconf 72' lang='lat' dir='ltr'>caractere</span> <span class='ocrx_word' id='word_1_270' title='bbox 385 4133 401 4183; x_wconf 75' lang='lat' dir='ltr'>a</span> <span class='ocrx_word' id='word_1_271' title='bbox 414 4147 442 4184; x_wconf 88' lang='lat' dir='ltr'>se</span> <span class='ocrx_word' id='word_1_272' title='bbox 457 4140 603 4184; x_wconf 87' lang='lat' dir='ltr'>contenter</span> <span class='ocrx_word' id='word_1_273' title='bbox 617 4127 651 4183; x_wconf 87' lang='lat' dir='ltr'>de</span> <span class='ocrx_word' id='word_1_274' title='bbox 665 4129 758 4182; x_wconf 81' lang='lat' dir='ltr'>vaines</span> <span class='ocrx_word' id='word_1_275' title='bbox 773 4143 935 4200; x_wconf 87' lang='lat' dir='ltr'>promesses.</span> 
     </span>
    </p>
   </div>
   <div class='ocr_carea' id='block_1_5' title="bbox 220 4217 414 4293">
    <p class='ocr_par' dir='ltr' id='par_1_9' title="bbox 220 4217 414 4293">
     <span class='ocr_line' id='line_1_35' title="bbox 220 4217 414 4293; baseline 0.021 -23"><span class='ocrx_word' id='word_1_276' title='bbox 220 4218 261 4289; x_wconf 67' lang='lat' dir='ltr'>(t)</span> <span class='ocrx_word' id='word_1_277' title='bbox 278 4217 318 4273; x_wconf 84' lang='lat' dir='ltr'>En</span> <span class='ocrx_word' id='word_1_278' title='bbox 334 4217 414 4293; x_wconf 85' lang='lat'>1093.</span> 
     </span>
    </p>
   </div>
   <div class='ocr_carea' id='block_1_6' title="bbox 0 0 1448 4934">
    <p class='ocr_par' dir='ltr' id='par_1_10' title="bbox 0 0 1448 4934">
     <span class='ocr_line' id='line_1_36' title="bbox 0 0 1448 4934; baseline 0 2"><span class='ocrx_word' id='word_1_279' title='bbox 0 0 1448 4934; x_wconf 95' lang='lat' dir='ltr'> </span> 
     </span>
    </p>
   </div>
  </div>
 </body>
</html>
