2888 4934
165 410 345 488 [ssosss]
566 404 681 465 nasu
702 403 859 464 sexrns.
1054 387 1060 399 '
1200 407 1236 466 si

165 539 323 624 culum,
339 561 446 637 quem
460 562 568 607 manu
585 535 759 634 gestabat,
779 537 816 606 in
830 550 924 606 terra
939 533 1080 622 defixit,
1097 536 1242 635 Deoque

165 654 316 758 gratias
334 679 459 753 agens,
480 651 648 724 ambabus
668 651 831 724 manibus
848 677 993 750 agapem
1008 656 1058 749 (ι)
1076 654 1239 750 suscepit.

165 772 347 872 Cumque
372 768 416 841 de
444 769 553 842 humo
576 766 743 840 baculum
761 767 1002 856 abstraxisset,
1031 793 1097 839 nec
1129 765 1242 840 adbuc

165 888 416 982 eleemosynae
440 883 597 980 portitor
621 881 664 954 de
688 882 768 955 loco
793 882 1005 970 recessisset,
1026 881 1144 954 subito
1166 882 1245 953 lons

165 1029 349 1104 magnus,
365 998 543 1099 cuspidem
555 999 672 1073 baculi
685 1000 835 1090 secutus,
852 1001 988 1098 erupit,
1004 1000 1064 1098 qui
1082 1023 1193 1098 tuque
1207 999 1242 1069 in

165 1119 402 1196 hodiernum
416 1116 511 1190 diem
530 1117 722 1206 ebulliens,
748 1116 881 1190 ibidem
899 1117 992 1190 lluit.
1016 1120 1055 1188 ln
1075 1142 1147 1217 quo
1160 1117 1246 1189 loco

165 1237 312 1313 multae
329 1234 554 1308 infirmorum
579 1237 742 1308 sanitates
757 1251 906 1334 patratae
931 1251 1030 1324 sunt,
1050 1234 1146 1307 etde
1164 1236 1244 1306 lon-

165 1355 329 1456 ginquis
354 1351 560 1452 regionibus
587 1351 826 1426 febricitantes
850 1379 917 1450 pro
941 1350 1116 1424 desiderio
1140 1377 1246 1423 eura-

166 1469 294 1544 tionis
306 1469 390 1541 illuc
398 1469 494 1541 asciti
507 1485 603 1541 sunt.
619 1470 687 1541 Per
700 1470 814 1542 visum
826 1470 932 1540 etiam
942 1467 1105 1566 pluribus
1114 1470 1244 1567 jussum

169 1602 233 1660 est
252 1601 296 1658 ut
314 1612 381 1684 pro
397 1586 507 1658 salute
528 1585 760 1660 nanciscenda
779 1587 980 1660 Uticensem
998 1586 1127 1658 saltum
1145 1611 1246 1683 quae-

172 1718 322 1792 terent,
336 1700 427 1775 etde
441 1703 476 1773 S.
490 1701 739 1776 Ebrulfilonte
751 1708 812 1803 qui
823 1720 944 1775 manat
956 1703 1043 1790 illic,
1062 1701 1245 1775 biberent.

174 1821 311 1895 Plures
328 1820 437 1919 igitur
452 1819 496 1892 de
510 1819 715 1919 Burgundio
732 1822 787 1892 vel
804 1819 1013 1918 Aquitania,
1032 1845 1092 1890 seu
1112 1818 1155 1891 de
1172 1817 1248 1890 aliis

181 1935 386 2010 Galliarum
411 1935 616 2035 regionibus
637 1938 819 2024 exierunt,
841 1937 985 2009 Uticum
1006 1963 1087 2008 cum
1110 1961 1247 2008 summa

184 2050 395 2126 difficultate
419 2055 654 2151 quaesierunt,
677 2069 713 2125 et
740 2055 797 2126 vix
824 2054 925 2152 (quia
951 2071 1037 2125 tunc
1064 2053 1162 2125 locus
1189 2052 1249 2123 ille

186 2169 362 2244 obscurus
388 2187 481 2258 erat,
504 2172 554 2242 uti
579 2170 755 2260 desertus)
774 2170 997 2270 indagantes,
1017 2171 1246 2242 invenerunt.
1317 2196 1320 2201 ’

188 2287 352 2362 'Paridem
375 2289 521 2360 invento
545 2291 642 2362 sonte
666 2316 747 2363 cum
767 2289 979 2376 hausissent,
999 2307 1034 2361 et
1062 2287 1143 2361 inde
1168 2316 1247 2361 cum

190 2404 302 2477 sancti
320 2404 475 2476 nominis
495 2406 716 2478 invocatione
733 2404 886 2478 fideliter
903 2403 1092 2492 bibissent,
1112 2430 1173 2477 seu
1186 2429 1249 2474 ca-

192 2537 255 2620 pnt
271 2521 328 2593 vel
344 2520 408 2591 alia
422 2519 582 2593 membra
600 2522 783 2610 lavissent,
804 2539 945 2619 recepta
963 2525 1109 2593 sanitate
1126 2519 1252 2621 gaude-

191 2635 291 2726 bant,
306 2638 451 2735 Dcoque
465 2638 593 2735 gratias
603 2654 758 2736 agentes,
770 2637 813 2710 ad
828 2639 974 2736 propria
984 2637 1057 2708 laeti
1069 2635 1247 2709 redibant.

240 2756 331 2845 [103
341 2752 497 2850 r·ro(io.]
511 2753 594 2824 Haec
608 2751 739 2824 ibidem
752 2778 817 2849 per
830 2752 940 2823 multa
951 2752 1075 2824 saecula
1089 2755 1252 2851 frequen-

195 2884 246 2940 ter
256 2892 370 2967 usque
383 2866 426 2939 ad
439 2884 597 2966 tempora
612 2870 757 2940 Henrici
769 2869 861 2966 regis
872 2870 1095 2940 Francorum
1109 2870 1163 2966 (s)
1176 2894 1254 2967 age-

194 2980 339 3069 bantur,
354 2980 440 3053 dum
451 2998 531 3080 post
542 2982 818 3055 devastationem
831 2985 1013 3055 Dacorum
1026 3012 1108 3056 raro
1117 2981 1254 3056 cultore

195 3097 367 3173 Uticensis
376 3124 484 3196 pagus
496 3098 730 3171 incolebatur.
742 3101 844 3173 Tunc
856 3099 1000 3199 quidam
1009 3102 1181 3200 pagensis,
1192 3126 1256 3172 no·

194 3217 290 3289 mine
297 3216 542 3315 berengarius,
550 3242 594 3289 ex
601 3233 746 3316 paterna
755 3216 1071 3292 successioueillud
1079 3246 1138 3289 rus
1146 3242 1256 3290 susce-

196 3331 263 3429 pit3
276 3348 326 3420 et,
341 3357 386 3405 ne
395 3331 622 3406 adventantes
632 3333 765 3407 infirmi
776 3352 847 3408 sata
860 3361 920 3406 sua
930 3334 1166 3421 devastarent,
1178 3336 1256 3408 lon-

198 3461 269 3519 tem
279 3471 361 3545 sepe
378 3448 629 3521 circumclusit.
644 3450 775 3522 Dolens
793 3475 946 3549 namque
959 3449 1113 3521 ruricola
1127 3447 1255 3521 crebro

198 3562 412 3636 irascebatur
430 3564 525 3664 quod
543 3582 663 3663 prata,
683 3566 798 3655 horti,
818 3567 934 3638 stalla
952 3592 1032 3665 quae
1052 3566 1087 3636 in
1105 3564 1256 3637 circuitu

368 3751 841 3763 ——--——-.-..-.--.-——-..-—.
860 3756 961 3762 ——--
987 3754 1145 3761 .-.....-—.—.
1155 3754 1159 3759 ·
1168 3754 1255 3760 -—-.-

230 3846 270 3920 (1)
279 3848 319 3902 Ce
332 3858 391 3902 mot
401 3848 470 3903 n’est
484 3869 529 3921 pas
542 3852 599 3922 pris
618 3852 653 3905 ici
664 3851 731 3905 dans
741 3870 790 3906 sou
803 3870 863 3906 sens
881 3853 1002 3924 primitis
1016 3852 1050 3906 de
1063 3871 1142 3925 repas
1153 3853 1202 3908 fait
1219 3872 1254 3906 cn

198 3953 328 3991 commun
345 3936 412 3991 dans
424 3936 463 3991 les
480 3938 575 4010 eglises
594 3958 646 3994 aut
660 3940 825 4014 principales
848 3940 1013 4009 solennites,
1027 3945 1094 3998 mais
1105 3944 1172 4001 (laus
1185 3942 1256 3997 celui

199 4023 232 4080 de
243 4027 406 4082 nourriture
418 4027 568 4083 distribute
583 4049 634 4084 anx
647 4049 768 4102 pauvres.

231 4112 272 4184 (a)
285 4114 334 4182 (πο
345 4114 437 4186 juillet
454 4115 643 4191 1031-29a0tt
660 4115 749 4188 1060).
