2888 4934
97 392 221 472 [urin
238 393 330 469 roos]
487 387 762 451 tirannorum.
1103 395 1163 457 575
1257 377 1262 384 ’

94 523 327 624 praecluebat,
343 522 513 623 eloquens
524 539 561 595 et
568 522 748 622 jocundus
760 521 932 596 omnihus
942 526 1063 598 omnis
1074 543 1166 600 erat.

94 642 345 742 Singultuosus
366 665 456 741 ergo
476 641 653 714 exercitus
675 639 839 741 exequias
865 641 938 740 ejus
965 642 1168 716 celebrave-

94 775 202 849 runt,
230 775 265 831 et
300 757 520 833 aromatibus
558 756 745 831 conditum
780 783 911 858 corpus
946 759 983 832 in
1023 761 1166 834 ecclesia

95 878 206 949 sancti
218 878 316 949 Petri
329 875 479 975 apostoli
496 876 727 974 sepelierunt.

144 993 270 1067 Comes
285 993 404 1066 Sancti
417 992 566 1093 AEgidii,
578 992 784 1065 nullatenus
794 993 954 1093 pigritia
967 994 1024 1067 vel
1039 1021 1167 1069 socor-

94 1110 164 1183 dia
190 1110 435 1210 adquiescens,
459 1111 549 1211 quin
574 1108 767 1209 gentilibus
796 1111 873 1185 zelo
903 1112 1164 1202 inimicaretur,

94 1229 268 1303 continuo
282 1245 417 1302 terram
429 1229 710 1301 sarracenorum
727 1229 906 1327 ingressus
920 1246 991 1317 est,
1007 1247 1044 1303 et
1057 1229 1167 1304 Alba·

94 1373 174 1420 ram
188 1347 260 1445 (r),
280 1346 442 1420 nobilem
454 1371 581 1420 eorum
596 1346 793 1434 civitatem,
809 1348 1029 1446 expugnavit
1042 1365 1079 1421 et
1091 1349 1168 1422 vio

94 1467 210 1539 lenter
235 1461 486 1563 apprehendit.
517 1463 649 1536 Omnes
677 1463 866 1564 utriusque
892 1490 996 1538 sexus
1013 1466 1167 1538 civitatis

93 1581 228 1654 incolas
245 1605 335 1679 pene
352 1579 523 1678 peremit,
542 1579 742 1679 urbemque
763 1578 948 1666 subactam
962 1608 1028 1655 suo
1043 1581 1167 1655 domi-

93 1698 156 1771 nio
172 1698 402 1796 manciparit.
421 1695 597 1771 Idoneum
615 1697 653 1770 in
673 1722 713 1778 ea
732 1697 942 1796 pontificem
966 1700 1021 1798 (a)
1039 1699 1166 1773 Chris-

127 2028 305 2097 (1)Albarie.
327 2027 467 2082 Raimond
487 2027 610 2100 d'Agiles
629 2011 758 2100 l'appelie
776 2027 888 2096 Barra,
909 2040 939 2084 et
957 2029 997 2083 les
1014 2030 1166 2086 historiens

92 2117 249 2174 Orientaux
263 2116 388 2171 Bare'ou
400 2118 429 2172 E
431 2117 529 2172 lbarie‘.
543 2118 583 2172 Ce
595 2118 639 2180 sut
653 2115 722 2171 dans
735 2115 775 2171 les
789 2118 920 2172 envirous
932 2117 968 2173 de
981 2129 1053 2174 cette
1062 2119 1126 2174 vitle
1137 2131 1166 2177 et

91 2205 127 2263 de
139 2208 252 2262 Marrah
265 2225 320 2281 que
333 2206 372 2261 les
385 2207 487 2262 croise's
500 2209 591 2262 virent
603 2225 676 2280 pour
687 2205 712 2260 la
723 2207 862 2279 premiere
875 2207 927 2263 lois
939 2207 989 2264 des
1001 2210 1115 2283 champs
1129 2209 1165 2266 de

88 2316 190 2354 munes
202 2300 217 2352 a
230 2315 319 2352 sucre.
336 2297 467 2371 Quoique
477 2296 504 2352 le
516 2314 630 2372 passage
645 2298 684 2351 ou
700 2296 799 2351 Albert
811 2296 893 2352 d’aix
911 2297 1002 2354 decrit
1017 2309 1091 2354 cette
1104 2299 1165 2355 cul-

89 2399 153 2442 ture
170 2388 224 2443 aoit
240 2386 305 2441 bien
318 2404 426 2457 connu,
443 2405 515 2443 nous
531 2406 567 2443 ne
579 2405 697 2461 croyons
714 2386 834 2461 pouvoir
845 2406 917 2443 nous
931 2388 1076 2464 dispenset
1089 2389 1124 2446 de
1137 2389 1164 2447 le

89 2479 236 2550 consigner
248 2477 284 2532 ici
299 2501 304 2530 :

126 2570 293 2625 Calamellos
306 2568 410 2624 ibidem
425 2569 556 2636 mellitos,
574 2587 626 2639 per
645 2587 809 2639 camporum
821 2570 969 2637 planitiem
984 2569 1166 2626 abundanter

87 2670 225 2731 repertos,
246 2681 316 2733 quos
335 2668 441 2715 uocant
458 2676 552 2725 aucta,
575 2660 653 2712 suxit
672 2660 807 2730 populus,
825 2659 936 2714 illorum
955 2659 1066 2713 salubri
1081 2679 1163 2716 succo

86 2751 214 2812 loetatus,·
236 2758 262 2802 et
285 2751 338 2803 uix
354 2746 395 2801 acl
409 2750 584 2801 saturitatem
600 2764 661 2815 prce
683 2745 833 2801 dulcedine
855 2746 966 2817 expleri
981 2746 1032 2801 boc
1049 2757 1163 2818 gustato

85 2839 228 2896 volebant.
251 2838 311 2893 Hoc
334 2839 406 2892 enim
427 2856 517 2909 genus
538 2835 633 2890 herbae
654 2855 763 2891 summo
787 2836 883 2891 labore
903 2836 1093 2910 agricolarum
1111 2852 1164 2908 per

85 2930 213 3002 singulos
221 2928 359 2983 exeolitur
367 2946 466 2982 aurcos.
478 2924 588 2983 Deinde
599 2935 721 2998 tempore
732 2928 831 2980 messis
843 2936 984 2981 maturum
992 2928 1163 2982 mortariolis

85 3020 227 3095 indigenae
237 3017 423 3087 contundunt,
438 3037 550 3073 succum
561 3018 696 3072 collatum
708 3017 966 3090 (conglutinatum)
977 3019 1005 3071 in
1014 3021 1094 3072 vasis
1104 3021 1162 3072 suis

85 3120 264 3184 reponentes,
277 3127 419 3182 quousque
429 3108 595 3180 coagulatus
605 3105 773 3163 indurescat
783 3106 837 3163 sub
849 3110 940 3179 specie
951 3110 1024 3162 nivis
1033 3109 1083 3162 vel
1093 3109 1162 3163 salis

84 3202 151 3256 albi.
170 3203 256 3274 Quem
270 3219 365 3254 rasum
381 3218 444 3261 curn
456 3208 525 3271 potu
541 3201 705 3266 miscentes,
723 3207 774 3252 aut
790 3218 853 3252 cum
870 3216 946 3272 aqua
962 3207 1095 3266 terentes,
1109 3217 1162 3270 pro

83 3290 226 3361 pulmento
238 3298 352 3344 sumunt
359 3331 364 3348 ,
378 3296 406 3341 et
415 3306 500 3361 super
501 3285 608 3360 savum
621 3287 712 3341 mellis
723 3286 905 3359 gustantibus
917 3285 998 3340 dulce
1006 3305 1040 3340 ac
1048 3285 1162 3341 salubre

84 3377 204 3434 vedetur.
218 3379 309 3433 Aiunt
318 3377 433 3452 quidam
444 3396 533 3450 genus
549 3377 654 3445 mellis,
668 3375 747 3450 quod
758 3379 901 3450 reperiens
913 3376 1071 3443 Ionatham,
1075 3377 1161 3448 filius

85 3468 158 3523 Saul
180 3471 270 3541 regis,
295 3486 382 3541 super
391 3467 503 3540 saciem
527 3476 626 3535 terrie,
650 3465 814 3521 inobediens
836 3476 954 3540 gustare
978 3470 1160 3539 praesumpsit

83 3559 124 3626 (1.
139 3559 211 3631 neg.
226 3558 274 3626 26,
291 3575 334 3633 27,
351 3555 409 3628 43).
430 3556 481 3612 llis
495 3576 562 3631 ergo
575 3558 733 3612 calamellis
750 3558 850 3611 melliti
865 3560 974 3631 saporis
991 3557 1113 3629 populus
1131 3559 1159 3611 in

83 3648 226 3704 obsidione
235 3648 376 3718 Aibariae,
389 3649 498 3704 Marroe
510 3658 537 3703 et
549 3647 678 3717 Archas,
694 3649 812 3703 multum
824 3647 1058 3721 horrendasame
1070 3665 1161 3702 cretead

84 3746 142 3805 tus,
156 3746 197 3791 est
212 3736 394 3809 refocillatus.

118 3830 159 3896 (a)
174 3827 214 3882 Ce
227 3825 316 3898 prelat
330 3825 472 3898 s’appelait
486 3827 596 3895 Pierre,
611 3837 640 3882 et
653 3828 722 3883 eutr
738 3827 891 3900 originaire
905 3826 940 3881 de
956 3825 1117 3883 Narbonae.
1133 3826 1158 3881 ll

82 3919 127 3974 sut
140 3921 215 3972 sacre
232 3936 282 3990 par
301 3917 326 3972 ie
342 3918 499 3990 patriarche
513 3919 589 3974 Grec
607 3919 792 3984 d'Antioche,
812 3920 882 3973 Jean
896 3918 948 3986 lv,
965 3916 1014 3993 qui
1028 3917 1099 3972 erait
1114 3919 1161 3972 ete

83 4009 140 4062 sort
156 4007 293 4062 maltraite
307 4027 357 4080 par
376 4006 416 4062 les
434 4008 524 4062 Turcs
543 4007 668 4081 pendant
686 4009 712 4064 le
729 4010 817 4082 siege,
837 4019 866 4063 et
881 4009 944 4082 qui,
965 4025 1021 4082 peu
1038 4007 1117 4081 apres
1131 4004 1158 4060 la

84 4099 158 4171 prise
177 4097 211 4150 de
227 4106 298 4151 cette
312 4096 390 4164 rilie,
406 4115 441 4152 ne
454 4097 623 4153 s'accordaot
639 4116 688 4172 pas
702 4116 766 4154 arec
784 4099 823 4154 les
841 4097 983 4154 chretiens
1000 4097 1107 4163 latins,
1127 4107 1160 4147 se

84 4189 169 4242 retica
182 4191 197 4242 a
209 4187 451 4261 Constantinople.
