2888 4934
183 413 220 485 [1⁰
236 428 311 467 tutu
329 409 420 481 1097]
583 403 700 463 LIBER
722 402 859 462 NONUS.
1199 400 1258 460 509

183 542 245 642 qui
264 538 309 611 ab
331 564 374 612 eo
395 537 618 637 longiuscule
634 550 872 621 recesserant,
891 533 992 606 atad
1011 559 1070 607 eos
1086 536 1258 634 juvandos

185 658 223 728 in
251 654 378 755 grandi
410 654 615 728 necessitate
641 668 853 751 properent.
882 650 1065 723 Peditihus
1089 650 1192 750 jubet
1219 668 1261 724 ut

185 774 340 872 impigre
360 788 396 844 et
418 770 616 870 prudenter
637 772 793 842 tentoria
814 770 944 869 ligant,
965 785 1001 840 et
1021 768 1197 840 militibus
1221 785 1260 839 ut

184 916 305 963 secum
323 891 468 964 obviam
486 892 631 990 paganis
647 889 691 960 ad
707 888 844 961 bellum
862 885 1076 986 procedant,
1096 902 1132 958 et
1154 887 1259 959 labo-

185 1035 266 1082 rem
279 1009 486 1080 certaminis
502 1005 662 1079 indefessi
678 1006 888 1078 sustineant.
909 1007 1058 1077 Interim
1078 1005 1186 1076 Turci
1202 1030 1261 1077 oc-

184 1127 382 1199 clamantes
397 1128 411 1222 (
420 1126 451 1222 t)
466 1124 698 1211 advenerant,
714 1141 750 1195 et
763 1123 977 1223 sagittand0‚
996 1120 1260 1222 veljaculando‚

186 1270 249 1318 seu
258 1245 421 1317 cominus
429 1243 606 1335 feriendo,
617 1242 1023 1315 Christianosacerrime
1034 1238 1260 1312 infestabant.

186 1360 295 1432 Nulla
309 1360 463 1459 fatigatis
479 1360 632 1433 dabatur
648 1363 809 1461 requies,
830 1359 890 1432 sed
907 1361 1029 1431 omnia
1044 1358 1261 1432 Christiano·

186 1504 271 1551 rum
292 1504 443 1576 corpora
462 1504 593 1551 cruore
612 1478 669 1550 vel
687 1477 817 1550 sudore
835 1478 1007 1577 liquentia
1023 1478 1260 1574 conspiceres.

186 1596 221 1668 E
238 1615 364 1669 contra
391 1597 519 1670 Franci
547 1595 686 1694 pondus
710 1596 795 1667 belli
826 1595 1068 1666 indesinenter
1093 1593 1263 1682 sufferre,

188 1714 352 1787 incursus
368 1717 404 1787 iu
419 1715 535 1788 hostes
548 1714 740 1813 aliquando
754 1712 952 1812 prudenter
965 1712 1126 1798 differre,
1142 1712 1267 1811 gladiis

191 1829 375 1902 interdum
400 1834 581 1917 resistere,
606 1833 720 1904 socios
739 1846 885 1903 vocatos
910 1846 1116 1927 expectare,
1136 1854 1202 1902 nec
1228 1831 1265 1902 in

191 1947 314 2047 aliquo
333 1948 500 2021 titubare.
519 1951 620 2021 Hanc
638 1948 871 2021 conflictuum
889 1948 1097 2019 violentiam
1115 1947 1159 2019 ab
1177 1947 1268 2020 hora

191 2063 261 2137 diei
280 2067 384 2138 tertia
401 2069 563 2166 usquein
581 2066 709 2139 horam
723 2092 858 2139 nonam
873 2066 1116 2164 pertulerunt.
1133 2065 1198 2137 llla
1211 2065 1269 2137 die

194 2182 363 2255 mulieres
400 2186 547 2255 fuerunt
586 2183 806 2256 bellantibus
846 2184 1135 2281 pernecessariae.
1178 2182 1270 2254 Nam

192 2300 397 2372 sitientibus
416 2329 545 2402 aquam
563 2303 759 2400 perniciter
773 2300 1028 2400 porrigebant,
1050 2318 1086 2372 et
1101 2328 1272 2400 pugnan-

196 2434 248 2490 tes
263 2417 488 2493 exhortando
503 2419 757 2493 confortabant
771 2420 840 2519 (a).
854 2420 981 2491 Martis
995 2447 1141 2517 campus
1153 2421 1274 2493 iucau-
1300 2466 1304 2473 ·

194 2533 334 2607 duerat.
353 2539 453 2610 Totis
470 2540 568 2611 enim
586 2538 722 2611 viribus
738 2540 910 2638 utrinque
927 2537 1147 2611 certabatur.
1166 2537 1272 2610 Chri-

196 2654 300 2726 stiani
330 2654 571 2753 angebantur.
607 2655 699 2727 Nam
726 2655 942 2756 plerumque
976 2658 1011 2726 in
1040 2655 1123 2753 ipsis
1150 2657 1274 2729 castris

196 2771 519 2870 impugnabantur.
561 2773 663 2845 Alius
697 2774 874 2846 exercitus
914 2772 1038 2870 legatis
1074 2771 1273 2846 Boamundi

196 2884 439 2975 discredebat,
456 2907 492 2961 et
507 2888 551 2962 de
565 2888 650 2962 belli
667 2889 884 2962 certitudine
895 2887 1109 2988 ambigebat.
1129 2890 1274 2961 Nullam

199 3022 343 3104 gentem
357 3007 524 3106 sperabat
535 3033 626 3096 esse,
642 3033 723 3107 quae
738 3022 863 3080 contra
879 3007 932 3078 sui
945 3008 1121 3079 exercitus
1134 3024 1276 3106 partem

199 3123 327 3196 saltem
344 3125 518 3198 decimam
535 3125 579 3199 de
597 3125 696 3199 bello
716 3125 863 3198 auderet
882 3124 1064 3198 anhelare.
1082 3127 1275 3227 Postquam

239 3339 278 3408 (ι)
296 3339 456 3393 Clumuntes
469 3340 600 3394 uidelicet
612 3348 696 3413 atque
710 3339 861 3393 stridentes
875 3339 962 3392 mullo
978 3339 1109 3399 clamore.
1129 3349 1215 3413 alque
1231 3340 1276 3394 di-

205 3439 301 3483 centes
319 3434 411 3484 nescio
427 3431 498 3504 quid
513 3430 681 3485 diabolicum
699 3433 728 3485 in
747 3430 869 3484 barbara
887 3429 998 3500 lingua,
1016 3427 1059 3483 dit
1072 3429 1168 3483 Pierre
1181 3429 1277 3487 Tude·

205 3515 278 3572 bode
290 3536 354 3572 avec
369 3537 423 3573 une
438 3522 544 3574 uafrete
558 3519 730 3574 cltarmaute.

244 3607 282 3677 (a)
299 3606 387 3662 Notre
398 3618 499 3662 auteur
514 3627 549 3662 ne
561 3608 654 3663 donne
669 3627 717 3682 pas
729 3625 784 3661 une
798 3606 860 3660 ide‘e
871 3615 965 3659 exacte
981 3604 1029 3659 dcs
1042 3617 1233 3662 mouvements
1245 3607 1280 3664 de

207 3695 235 3752 la
246 3696 357 3752 bataille
369 3697 404 3752 de
416 3698 547 3771 Dorylee;
561 3698 581 3753 il
592 3698 686 3753 oublie
699 3697 734 3752 de
746 3698 924 3751 mentionner
937 3694 1067 3768 l'attaquc
1078 3707 1106 3749 et
1118 3694 1143 3749 la
1156 3698 1228 3770 prise
1242 3698 1281 3753 du

210 3805 291 3860 camp
302 3788 350 3843 des
359 3789 508 3844 Chre'ticns
521 3809 571 3862 par
584 3789 623 3844 les
637 3791 740 3855 Tum,
756 3789 782 3843 la
795 3787 889 3841 valeus·
898 3785 1028 3841 brillante
1041 3786 1078 3839 du
1093 3786 1147 3840 duc
1161 3787 1195 3842 de
1209 3790 1282 3845 Nor·

211 3877 337 3946 mendic,
354 3880 378 3933 la
392 3881 497 3953 reprise
511 3880 551 3934 du
562 3898 643 3952 camp
658 3898 708 3952 par
723 3876 881 3943 Boemond‚
895 3876 943 3950 qui
958 3874 1147 3932 commandait
1162 3877 1188 3933 le
1200 3898 1282 3954 corps

213 3965 249 4022 de
264 3970 384 4024 reterre.
398 3970 439 4025 Ce
456 3988 490 4024 ne
510 3980 562 4043 put
578 3970 638 4024 etre
657 3968 785 4042 qu’apres
804 3965 866 4021 leur
883 3963 1039 4020 de'livrance
1056 3985 1106 4038 par
1123 3985 1153 4022 ce
1170 3967 1284 4025 dernier

213 4059 390 4128 benemeut,
402 4078 457 4133 que
466 4060 505 4114 les
518 4060 631 4114 femmes
644 4059 789 4131 porterent
804 4056 852 4111 des
867 4055 1131 4111 rafralcbissements
1141 4076 1194 4112 aux
1207 4077 1284 4114 com·

214 4146 343 4203 bettants.
