2888 4934
183 446 259 521 [om.
280 441 371 516 1097]
584 436 700 499 cnm
720 436 858 498 nouus.
1192 440 1254 501 sia

183 570 270 647 dum
289 568 333 642 ad
356 571 508 643 Pontem
527 570 697 664 Ferreum
722 574 775 668 (1)
791 568 1098 670 propinquarent,
1118 571 1256 645 Turcos

184 689 402 763 invenerunt
431 688 658 775 innumeros,
685 687 866 760 munitum
896 683 1129 760 Antiochiam
1156 688 1257 761 lesti-

184 820 324 880 nantes.
341 806 464 906 ltaque
480 806 672 905 repentino
686 807 723 878 in
741 830 801 879 eos
824 805 960 903 impetu
981 805 1076 878 lacto
1095 807 1257 905 (semper

185 924 283 997 euim
301 921 492 996 Christiani
510 922 832 1023 proficiscebantur
845 923 1012 1019 armati),
1031 923 1152 998 subito
1166 948 1258 997 oon-

188 1038 287 1114 flictu
304 1066 364 1115 eos
381 1057 702 1115 consternaverunt
718 1043 785 1139 (a).
806 1039 929 1112 Multis
944 1040 1089 1130 deletis,
1106 1038 1150 1114 ad
1167 1066 1259 1140 pro-

187 1159 267 1258 pria
279 1175 412 1248 castra,
431 1185 513 1260 quae
530 1184 637 1258 super
660 1157 820 1230 llumiuis
836 1158 932 1256 ripas
954 1161 1076 1232 metati
1093 1161 1256 1248 lucrant,

188 1273 412 1348 reduxerunt.
437 1300 562 1348 eorum
590 1272 773 1346 burdones
807 1275 886 1373 (ὅ),
917 1300 1007 1374 quos
1037 1275 1260 1348 multimodis

189 1406 336 1463 onustos
349 1389 562 1462 victualibus
580 1405 616 1461 et
631 1389 779 1461 diversis
800 1389 909 1488 gazis,
934 1389 979 1461 ad
1003 1391 1190 1489 propriam
1207 1391 1262 1463 ci-

189 1508 337 1579 vitatem
357 1506 595 1581 deducebant.
614 1506 762 1579 Factum
787 1522 838 1578 est
858 1506 969 1607 igitur
988 1508 1201 1580 immensum
1224 1509 1260 1579 in

190 1624 315 1698 castris
348 1624 536 1723 gaudium,
579 1639 657 1695 tum
691 1649 762 1721 pro
795 1625 967 1715 victoria,
1000 1641 1077 1696 tum
1111 1641 1263 1723 propter

189 1741 325 1840 opima,
339 1768 421 1842 quae
435 1740 478 1813 ad
488 1767 548 1814 eos
560 1755 793 1838 reportarant
805 1743 1010 1830 cursitores,
1027 1743 1153 1842 spolia.
1170 1743 1264 1835 Quo

192 1855 343 1930 tidiauas
368 1875 512 1958 ergoet
540 1858 728 1931 continuas
757 1859 833 1931 Deo
862 1859 1066 1932 referebant
1092 1858 1212 1932 laudea
1229 1874 1266 1931 et

192 1975 343 2075 gratias,
362 1975 442 2076 qui,
462 2001 532 2074 pro
546 2000 611 2047 suo
627 2000 780 2048 amores
795 1977 904 2048 natali
927 1977 1004 2050 solo
1024 1977 1150 2076 procul
1171 2000 1264 2049 exu-

193 2091 307 2165 lantes
339 2109 413 2165 tam
445 2094 664 2166 excellenter
699 2092 914 2193 protegebat
945 2095 1041 2167 iuter
1071 2093 1266 2194 phalanges

193 2207 365 2284 ethnicas.

242 2327 491 2416 Buamundus,
512 2328 689 2428 pigritiae,
713 2328 770 2401 vel
787 2328 1057 2417 somnolentiae,
1079 2353 1268 2429 nunquam

194 2442 425 2544 adquiescens
436 2443 896 2545 (irrequietuseuimhomo
907 2446 1016 2543 erat),
1026 2460 1270 2544 cumquatuor

194 2561 356 2635 millibus
365 2562 525 2636 militum
537 2588 655 2662 prope
672 2560 877 2636 Antiochiae
891 2577 1035 2659 portam
1044 2578 1147 2636 caute
1164 2562 1268 2634 clan-

194 2677 353 2753 destinus
375 2680 493 2769 venit,
521 2681 549 2751 si
577 2680 639 2780 qui
663 2681 757 2753 sorte
791 2679 946 2752 latenter
975 2677 1266 2778 ingrederentur,

196 2795 251 2869 vel
265 2794 538 2895 egrederentur,
556 2812 761 2896 erpectans.

244 2911 312 2984 lx.
328 2912 477 2986 Summo
488 2911 649 2986 diluculo
659 2912 836 2987 exercitus
846 2912 890 2986 de
903 2911 997 3001 loco,
1015 2913 1051 2984 iu
1063 2927 1269 3013 quoerant,

197 3027 354 3102 tentoria
378 3027 543 3128 collegit,
568 3026 797 3103 Antiochiam
826 3029 990 3119 accessit,
1009 3044 1137 3129 quarta
1159 3027 1268 3114 teria,

235 3334 276 3406 (ι)
291 3331 332 3388 Ge
347 3342 418 3405 pout
432 3332 467 3387 dc
483 3333 554 3388 ueul
564 3332 661 3387 arches
674 3351 722 3388 sur
739 3332 883 3400 l’Oroute,
903 3343 932 3387 et
942 3350 1000 3388 non
1013 3350 1061 3387 sur
1073 3330 1099 3385 le
1112 3329 1273 3402 Pharphar,

199 3424 269 3479 e‘tnit
280 3423 351 3478 situe‘
362 3427 378 3478 a
389 3432 488 3496 quatre
501 3422 586 3477 lienes
597 3422 774 3480 d'Autioche.
788 3423 827 3478 nt.
841 3422 975 3478 Michaud
988 3440 1058 3477 nous
1070 3419 1195 3494 apprend
1206 3420 1278 3495 qu’il

200 3532 217 3567 a
229 3515 276 3569 dte
286 3514 414 3567 renueret
426 3529 462 3567 en
478 3510 560 3581 1822,
579 3531 630 3586 par
642 3530 682 3567 un
694 3512 892 3568 tremblement
910 3512 944 3566 de
960 3522 1050 3580 terre,
1069 3529 1133 3566 arec
1147 3510 1187 3565 les
1202 3510 1276 3565 deux

201 3612 281 3656 tours
292 3600 417 3657 metues
429 3600 464 3655 de
477 3600 562 3655 lamcs
574 3600 609 3655 de
622 3601 665 3656 ser
677 3602 727 3672 (au
737 3602 828 3656 moins
837 3619 885 3656 sur
896 3600 971 3656 leurs
981 3602 1104 3673 portes),
1118 3597 1278 3674 ausquelles

201 3691 221 3747 il
236 3690 328 3747 derait
340 3709 389 3745 son
403 3708 479 3745 nom.
494 3690 657 3746 Guillaumc
667 3690 703 3746 de
717 3691 777 3764 Tyr
792 3690 913 3746 cherchc
926 3709 983 3746 une
995 3698 1076 3745 autre
1093 3690 1230 3762 origineh
1246 3707 1278 3744 oc

202 3798 283 3849 nom,
292 3790 321 3836 et
331 3780 449 3853 pre'tend
458 3779 484 3834 la
493 3791 605 3835 trouver
614 3780 682 3835 dans
693 3781 840 3836 leucinde
851 3781 908 3836 Fer
915 3780 983 3855 qu'il
995 3781 1117 3837 attribue
1125 3783 1141 3836 a
1150 3780 1279 3837 l'Oroute

202 3872 219 3924 h
229 3868 381 3924 Antioche.

239 3957 278 4029 (a)
293 3958 368 4013 Dans
382 3975 414 4013 cc
431 3957 557 4029 combat,
573 3956 599 4012 lc
612 3957 668 4013 duc
678 3956 714 4012 de
726 3956 900 4013 Normaudie
911 3958 955 4014 lut
968 3958 1072 4032 charge
1085 3957 1123 4013 du
1136 3974 1279 4017 comman-

204 4044 324 4101 dement·
333 4043 370 4100 de
380 4044 591 4119 lavant-garde.
608 4047 660 4101 Les
671 4043 820 4131 &teudards
833 4044 868 4099 de
883 4044 994 4102 l'armee
1005 4046 1168 4105 chreticuuc
1180 4047 1276 4109 iurent

204 4133 308 4191 conto
318 4135 336 4189 a
346 4132 442 4207 Roget
453 4133 489 4188 de
499 4130 654 4188 Barnerille
666 4142 695 4188 et
706 4135 721 4188 h
734 4133 839 4190 Errard
852 4132 891 4189 du
902 4134 1007 4191 Puiset.

240 4223 282 4295 (ὅ)
295 4223 416 4297 Maleto,
431 4224 509 4281 betes
523 4223 557 4279 de
571 4240 687 4280 mmme.
