<?xml version="1.0" encoding="UTF-8"?>
<!DOCTYPE html PUBLIC "-//W3C//DTD XHTML 1.0 Transitional//EN"
    "http://www.w3.org/TR/xhtml1/DTD/xhtml1-transitional.dtd">
<html xmlns="http://www.w3.org/1999/xhtml" xml:lang="en" lang="en">
 <head>
  <title>
</title>
<meta http-equiv="Content-Type" content="text/html;charset=utf-8" />
  <meta name='ocr-system' content='tesseract 3.04.00' />
  <meta name='ocr-capabilities' content='ocr_page ocr_carea ocr_par ocr_line ocrx_word'/>
</head>
<body>
  <div class='ocr_page' id='page_1' title='image "./ordericivitalis05deligoog/ordericivitalis05deligoog_0556.png"; bbox 0 0 2888 4934; ppageno 0'>
   <div class='ocr_carea' id='block_1_1' title="bbox 75 340 1150 458">
    <p class='ocr_par' dir='ltr' id='par_1_1' title="bbox 75 340 1150 458">
     <span class='ocr_line' id='line_1_1' title="bbox 75 340 1150 458; baseline -0.003 -22"><span class='ocrx_word' id='word_1_1' title='bbox 75 383 133 458; x_wconf 48' lang='lat' dir='ltr'>[xe</span> <span class='ocrx_word' id='word_1_2' title='bbox 153 376 398 453; x_wconf 79' lang='lat' dir='ltr'>xt⁰tttttt11098]</span> <span class='ocrx_word' id='word_1_3' title='bbox 450 372 567 435; x_wconf 78' lang='lat' dir='ltr'>utura</span> <span class='ocrx_word' id='word_1_4' title='bbox 586 340 776 432; x_wconf 75' lang='lat' dir='ltr'>ocaavus.</span> <span class='ocrx_word' id='word_1_5' title='bbox 1089 373 1150 434; x_wconf 75' lang='lat' dir='ltr'>aas</span> 
     </span>
    </p>
   </div>
   <div class='ocr_carea' id='block_1_2' title="bbox 72 503 1153 2483">
    <p class='ocr_par' dir='ltr' id='par_1_2' title="bbox 72 503 1153 2483">
     <span class='ocr_line' id='line_1_2' title="bbox 74 503 1147 602; baseline -0.004 -21"><span class='ocrx_word' id='word_1_6' title='bbox 74 534 203 581; x_wconf 87' lang='lat' dir='ltr'>narum</span> <span class='ocrx_word' id='word_1_7' title='bbox 222 507 377 580; x_wconf 88' lang='lat' dir='ltr'>conscia.</span> <span class='ocrx_word' id='word_1_8' title='bbox 404 504 648 577; x_wconf 84' lang='lat' dir='ltr'>laetabundus</span> <span class='ocrx_word' id='word_1_9' title='bbox 663 503 769 576; x_wconf 85' lang='lat' dir='ltr'>heros</span> <span class='ocrx_word' id='word_1_10' title='bbox 789 505 980 602; x_wconf 78' lang='lat' dir='ltr'><strong>lugubrem</strong></span> <span class='ocrx_word' id='word_1_11' title='bbox 996 522 1147 578; x_wconf 86' lang='lat' dir='ltr'>matrem</span> 
     </span>
     <span class='ocr_line' id='line_1_3' title="bbox 73 622 1151 726; baseline -0.004 -27"><span class='ocrx_word' id='word_1_12' title='bbox 73 624 235 726; x_wconf 86' lang='lat' dir='ltr'>superbis</span> <span class='ocrx_word' id='word_1_13' title='bbox 251 622 550 723; x_wconf 83' lang='lat' dir='ltr'>promissionibus</span> <span class='ocrx_word' id='word_1_14' title='bbox 574 623 812 722; x_wconf 83' lang='lat' dir='ltr'>compescuit,</span> <span class='ocrx_word' id='word_1_15' title='bbox 835 638 871 694; x_wconf 91' lang='lat' dir='ltr'>et</span> <span class='ocrx_word' id='word_1_16' title='bbox 885 622 989 694; x_wconf 88' lang='lat' dir='ltr'>tertia</span> <span class='ocrx_word' id='word_1_17' title='bbox 1015 623 1073 695; x_wconf 90' lang='lat' dir='ltr'>dic</span> <span class='ocrx_word' id='word_1_18' title='bbox 1089 651 1151 695; x_wconf 87' lang='lat' dir='ltr'>ar-</span> 
     </span>
     <span class='ocr_line' id='line_1_4' title="bbox 73 739 1148 841; baseline -0.001 -25"><span class='ocrx_word' id='word_1_19' title='bbox 73 759 189 817; x_wconf 83' lang='lat' dir='ltr'>matus</span> <span class='ocrx_word' id='word_1_20' title='bbox 203 745 239 815; x_wconf 93' lang='lat' dir='ltr'>in</span> <span class='ocrx_word' id='word_1_21' title='bbox 253 740 426 841; x_wconf 89' lang='lat' dir='ltr'>oppidum</span> <span class='ocrx_word' id='word_1_22' title='bbox 436 740 503 813; x_wconf 87' lang='lat' dir='ltr'>sibi</span> <span class='ocrx_word' id='word_1_23' title='bbox 516 741 759 829; x_wconf 91' lang='lat' dir='ltr'>commissum,</span> <span class='ocrx_word' id='word_1_24' title='bbox 769 766 854 813; x_wconf 91' lang='lat' dir='ltr'>cum</span> <span class='ocrx_word' id='word_1_25' title='bbox 865 739 986 812; x_wconf 86' lang='lat' dir='ltr'>nimiis</span> <span class='ocrx_word' id='word_1_26' title='bbox 996 741 1148 830; x_wconf 85' lang='lat' dir='ltr'>viribus,</span> 
     </span>
     <span class='ocr_line' id='line_1_5' title="bbox 73 854 1151 944; baseline -0.003 -12"><span class='ocrx_word' id='word_1_27' title='bbox 73 861 186 932; x_wconf 85' lang='lat' dir='ltr'>venit.</span> <span class='ocrx_word' id='word_1_28' title='bbox 208 857 402 929; x_wconf 76' lang='lat' dir='ltr'>Christiani</span> <span class='ocrx_word' id='word_1_29' title='bbox 421 856 565 929; x_wconf 88' lang='lat' dir='ltr'>obviam</span> <span class='ocrx_word' id='word_1_30' title='bbox 584 856 769 927; x_wconf 80' lang='lat' dir='ltr'>ismaelitis</span> <span class='ocrx_word' id='word_1_31' title='bbox 787 857 956 927; x_wconf 84' lang='lat' dir='ltr'>exierunt</span> <span class='ocrx_word' id='word_1_32' title='bbox 963 886 974 944; x_wconf 77' lang='lat'>3</span> <span class='ocrx_word' id='word_1_33' title='bbox 994 854 1055 929; x_wconf 90' lang='lat' dir='ltr'>sed</span> <span class='ocrx_word' id='word_1_34' title='bbox 1077 859 1151 929; x_wconf 93' lang='lat' dir='ltr'>im-</span> 
     </span>
     <span class='ocr_line' id='line_1_6' title="bbox 74 972 1152 1074; baseline -0.005 -23"><span class='ocrx_word' id='word_1_35' title='bbox 74 1005 234 1051; x_wconf 83' lang='lat' dir='ltr'>mensam</span> <span class='ocrx_word' id='word_1_36' title='bbox 259 973 531 1049; x_wconf 82' lang='lat' dir='ltr'>multitudinem</span> <span class='ocrx_word' id='word_1_37' title='bbox 557 991 593 1046; x_wconf 87' lang='lat' dir='ltr'>et</span> <span class='ocrx_word' id='word_1_38' title='bbox 617 973 869 1047; x_wconf 80' lang='lat' dir='ltr'>fortitudinem</span> <span class='ocrx_word' id='word_1_39' title='bbox 895 972 1041 1046; x_wconf 91' lang='lat' dir='ltr'>illorum</span> <span class='ocrx_word' id='word_1_40' title='bbox 1069 1002 1152 1074; x_wconf 88' lang='lat' dir='ltr'>per·</span> 
     </span>
     <span class='ocr_line' id='line_1_7' title="bbox 72 1090 1152 1194; baseline -0.003 -26"><span class='ocrx_word' id='word_1_41' title='bbox 72 1097 168 1168; x_wconf 85' lang='lat' dir='ltr'>serre</span> <span class='ocrx_word' id='word_1_42' title='bbox 202 1094 457 1194; x_wconf 90' lang='lat' dir='ltr'>nequiverunt.</span> <span class='ocrx_word' id='word_1_43' title='bbox 485 1091 679 1190; x_wconf 81' lang='lat' dir='ltr'>Extemplo</span> <span class='ocrx_word' id='word_1_44' title='bbox 710 1093 745 1163; x_wconf 91' lang='lat' dir='ltr'>in</span> <span class='ocrx_word' id='word_1_45' title='bbox 778 1090 959 1163; x_wconf 82' lang='lat' dir='ltr'>civitatem</span> <span class='ocrx_word' id='word_1_46' title='bbox 989 1094 1152 1193; x_wconf 74' lang='lat' dir='ltr'>refugere</span> 
     </span>
     <span class='ocr_line' id='line_1_8' title="bbox 73 1209 1148 1311; baseline -0.002 -26"><span class='ocrx_word' id='word_1_47' title='bbox 73 1214 185 1286; x_wconf 85' lang='lat' dir='ltr'>coacti</span> <span class='ocrx_word' id='word_1_48' title='bbox 213 1228 318 1296; x_wconf 91' lang='lat' dir='ltr'>sunt,</span> <span class='ocrx_word' id='word_1_49' title='bbox 337 1227 375 1282; x_wconf 92' lang='lat' dir='ltr'>et</span> <span class='ocrx_word' id='word_1_50' title='bbox 400 1212 435 1281; x_wconf 94' lang='lat' dir='ltr'>in</span> <span class='ocrx_word' id='word_1_51' title='bbox 454 1226 605 1311; x_wconf 78' lang='lat' dir='ltr'>angusto</span> <span class='ocrx_word' id='word_1_52' title='bbox 630 1226 820 1306; x_wconf 88' lang='lat' dir='ltr'>portarum</span> <span class='ocrx_word' id='word_1_53' title='bbox 840 1209 1000 1308; x_wconf 78' lang='lat' dir='ltr'>ingressu</span> <span class='ocrx_word' id='word_1_54' title='bbox 1021 1211 1148 1298; x_wconf 90' lang='lat' dir='ltr'>multi,</span> 
     </span>
     <span class='ocr_line' id='line_1_9' title="bbox 76 1325 1152 1428; baseline -0.001 -27"><span class='ocrx_word' id='word_1_55' title='bbox 76 1330 268 1428; x_wconf 87' lang='lat' dir='ltr'>repentino</span> <span class='ocrx_word' id='word_1_56' title='bbox 286 1329 422 1426; x_wconf 89' lang='lat' dir='ltr'>impetu</span> <span class='ocrx_word' id='word_1_57' title='bbox 437 1326 618 1418; x_wconf 82' lang='lat' dir='ltr'>sull&#39;ocati,</span> <span class='ocrx_word' id='word_1_58' title='bbox 633 1326 820 1423; x_wconf 88' lang='lat' dir='ltr'>perierunt</span> <span class='ocrx_word' id='word_1_59' title='bbox 836 1325 851 1421; x_wconf 66' lang='lat' dir='ltr'>l</span> <span class='ocrx_word' id='word_1_60' title='bbox 858 1327 905 1423; x_wconf 90' lang='lat'>1).</span> <span class='ocrx_word' id='word_1_61' title='bbox 925 1327 1033 1399; x_wconf 74' lang='lat' dir='ltr'>&#39;l&#39;urci</span> <span class='ocrx_word' id='word_1_62' title='bbox 1054 1329 1152 1400; x_wconf 91' lang='lat' dir='ltr'>enim</span> 
     </span>
     <span class='ocr_line' id='line_1_10' title="bbox 76 1441 1152 1543; baseline -0.002 -24"><span class='ocrx_word' id='word_1_63' title='bbox 76 1446 309 1519; x_wconf 84' lang='lat' dir='ltr'>vehementer</span> <span class='ocrx_word' id='word_1_64' title='bbox 325 1471 385 1518; x_wconf 89' lang='lat' dir='ltr'>eos</span> <span class='ocrx_word' id='word_1_65' title='bbox 403 1445 557 1543; x_wconf 78' lang='lat' dir='ltr'>aggressi</span> <span class='ocrx_word' id='word_1_66' title='bbox 578 1459 675 1514; x_wconf 89' lang='lat' dir='ltr'>sunt.</span> <span class='ocrx_word' id='word_1_67' title='bbox 695 1441 864 1515; x_wconf 83' lang='lat' dir='ltr'>Incubuit</span> <span class='ocrx_word' id='word_1_68' title='bbox 878 1469 966 1542; x_wconf 81' lang='lat' dir='ltr'>ergo</span> <span class='ocrx_word' id='word_1_69' title='bbox 983 1443 1152 1517; x_wconf 85' lang='lat' dir='ltr'>Christia-</span> 
     </span>
     <span class='ocr_line' id='line_1_11' title="bbox 77 1560 1149 1663; baseline 0 -27"><span class='ocrx_word' id='word_1_70' title='bbox 77 1566 133 1637; x_wconf 89' lang='lat' dir='ltr'>nis</span> <span class='ocrx_word' id='word_1_71' title='bbox 149 1591 278 1663; x_wconf 80' lang='lat' dir='ltr'>magua</span> <span class='ocrx_word' id='word_1_72' title='bbox 292 1563 505 1661; x_wconf 86' lang='lat' dir='ltr'>desperatio.</span> <span class='ocrx_word' id='word_1_73' title='bbox 528 1560 599 1632; x_wconf 87' lang='lat' dir='ltr'>Alii</span> <span class='ocrx_word' id='word_1_74' title='bbox 620 1578 738 1633; x_wconf 88' lang='lat' dir='ltr'>tamen</span> <span class='ocrx_word' id='word_1_75' title='bbox 752 1561 842 1633; x_wconf 85' lang='lat' dir='ltr'>alios</span> <span class='ocrx_word' id='word_1_76' title='bbox 857 1561 1149 1652; x_wconf 86' lang='lat' dir='ltr'>consolabantur,</span> 
     </span>
     <span class='ocr_line' id='line_1_12' title="bbox 76 1677 1151 1792; baseline -0.001 -38"><span class='ocrx_word' id='word_1_77' title='bbox 76 1699 113 1754; x_wconf 86' lang='lat' dir='ltr'>et</span> <span class='ocrx_word' id='word_1_78' title='bbox 127 1683 164 1754; x_wconf 91' lang='lat' dir='ltr'>in</span> <span class='ocrx_word' id='word_1_79' title='bbox 177 1681 272 1753; x_wconf 91' lang='lat' dir='ltr'>diem</span> <span class='ocrx_word' id='word_1_80' title='bbox 283 1682 476 1754; x_wconf 84' lang='lat' dir='ltr'>crastinum</span> <span class='ocrx_word' id='word_1_81' title='bbox 489 1678 532 1751; x_wconf 93' lang='lat' dir='ltr'>de</span> <span class='ocrx_word' id='word_1_82' title='bbox 543 1678 673 1777; x_wconf 84' lang='lat' dir='ltr'>praelio</span> <span class='ocrx_word' id='word_1_83' title='bbox 686 1678 1009 1792; x_wconf 78' lang='lat' dir='ltr'>conciopabautur.</span> <span class='ocrx_word' id='word_1_84' title='bbox 1027 1677 1151 1781; x_wconf 85' lang='lat' dir='ltr'>Aliqui</span> 
     </span>
     <span class='ocr_line' id='line_1_13' title="bbox 77 1792 1151 1894; baseline 0 -26"><span class='ocrx_word' id='word_1_85' title='bbox 77 1814 216 1883; x_wconf 88' lang='lat' dir='ltr'>tamen,</span> <span class='ocrx_word' id='word_1_86' title='bbox 236 1797 330 1868; x_wconf 86' lang='lat' dir='ltr'>ultra</span> <span class='ocrx_word' id='word_1_87' title='bbox 350 1798 406 1894; x_wconf 88' lang='lat' dir='ltr'>jus</span> <span class='ocrx_word' id='word_1_88' title='bbox 424 1812 461 1866; x_wconf 88' lang='lat' dir='ltr'>et</span> <span class='ocrx_word' id='word_1_89' title='bbox 476 1794 526 1866; x_wconf 87' lang='lat' dir='ltr'>sas</span> <span class='ocrx_word' id='word_1_90' title='bbox 542 1794 843 1882; x_wconf 86' lang='lat' dir='ltr'>meticulosiores,</span> <span class='ocrx_word' id='word_1_91' title='bbox 864 1792 906 1864; x_wconf 85' lang='lat' dir='ltr'>ad</span> <span class='ocrx_word' id='word_1_92' title='bbox 926 1793 1077 1868; x_wconf 86' lang='lat' dir='ltr'>dedecus</span> <span class='ocrx_word' id='word_1_93' title='bbox 1098 1799 1151 1868; x_wconf 90' lang='lat' dir='ltr'>sui</span> 
     </span>
     <span class='ocr_line' id='line_1_14' title="bbox 78 1912 1153 2013; baseline -0.001 -26"><span class='ocrx_word' id='word_1_94' title='bbox 78 1932 188 1987; x_wconf 92' lang='lat' dir='ltr'>noctu</span> <span class='ocrx_word' id='word_1_95' title='bbox 211 1914 255 1985; x_wconf 90' lang='lat' dir='ltr'>de</span> <span class='ocrx_word' id='word_1_96' title='bbox 282 1914 364 2012; x_wconf 80' lang='lat' dir='ltr'>luga</span> <span class='ocrx_word' id='word_1_97' title='bbox 391 1913 654 2013; x_wconf 83' lang='lat' dir='ltr'>cogitaverunt.</span> <span class='ocrx_word' id='word_1_98' title='bbox 683 1912 892 1983; x_wconf 91' lang='lat' dir='ltr'>Willelmus</span> <span class='ocrx_word' id='word_1_99' title='bbox 912 1913 966 2008; x_wconf 76' lang='lat' dir='ltr'>(s)</span> <span class='ocrx_word' id='word_1_100' title='bbox 992 1914 1091 1985; x_wconf 87' lang='lat' dir='ltr'>enim</span> <span class='ocrx_word' id='word_1_101' title='bbox 1108 1914 1153 1986; x_wconf 83' lang='lat' dir='ltr'>de</span> 
     </span>
     <span class='ocr_line' id='line_1_15' title="bbox 76 2027 1153 2126; baseline -0.001 -24"><span class='ocrx_word' id='word_1_102' title='bbox 76 2029 357 2102; x_wconf 88' lang='lat' dir='ltr'>Grentemaisnil</span> <span class='ocrx_word' id='word_1_103' title='bbox 375 2046 411 2100; x_wconf 90' lang='lat' dir='ltr'>et</span> <span class='ocrx_word' id='word_1_104' title='bbox 431 2027 620 2101; x_wconf 83' lang='lat' dir='ltr'>Albericus</span> <span class='ocrx_word' id='word_1_105' title='bbox 636 2030 748 2100; x_wconf 80' lang='lat' dir='ltr'>frater</span> <span class='ocrx_word' id='word_1_106' title='bbox 770 2028 864 2126; x_wconf 72' lang='lat' dir='ltr'>ejtn,</span> <span class='ocrx_word' id='word_1_107' title='bbox 890 2027 1010 2121; x_wconf 84' lang='lat' dir='ltr'>Guido</span> <span class='ocrx_word' id='word_1_108' title='bbox 1035 2031 1153 2102; x_wconf 89' lang='lat' dir='ltr'>Trus-</span> 
     </span>
     <span class='ocr_line' id='line_1_16' title="bbox 77 2130 1150 2245; baseline 0.001 -27"><span class='ocrx_word' id='word_1_109' title='bbox 77 2149 184 2220; x_wconf 89' lang='lat' dir='ltr'>sellus</span> <span class='ocrx_word' id='word_1_110' title='bbox 199 2165 235 2220; x_wconf 88' lang='lat' dir='ltr'>et</span> <span class='ocrx_word' id='word_1_111' title='bbox 249 2145 460 2220; x_wconf 86' lang='lat' dir='ltr'>Lambertus</span> <span class='ocrx_word' id='word_1_112' title='bbox 471 2147 611 2244; x_wconf 86' lang='lat' dir='ltr'>Pauper</span> <span class='ocrx_word' id='word_1_113' title='bbox 623 2147 698 2244; x_wconf 71' lang='grc' dir='ltr'>(ὅ),</span> <span class='ocrx_word' id='word_1_114' title='bbox 716 2130 847 2245; x_wconf 81' lang='lat' dir='ltr'>aliique</span> <span class='ocrx_word' id='word_1_115' title='bbox 858 2146 980 2244; x_wconf 90' lang='lat' dir='ltr'>plures</span> <span class='ocrx_word' id='word_1_116' title='bbox 994 2145 1150 2220; x_wconf 85' lang='lat' dir='ltr'>hesterni</span> 
     </span>
     <span class='ocr_line' id='line_1_17' title="bbox 77 2264 1152 2364; baseline -0.001 -26"><span class='ocrx_word' id='word_1_117' title='bbox 77 2265 165 2339; x_wconf 91' lang='lat' dir='ltr'>belli</span> <span class='ocrx_word' id='word_1_118' title='bbox 186 2267 316 2338; x_wconf 90' lang='lat' dir='ltr'>timore</span> <span class='ocrx_word' id='word_1_119' title='bbox 330 2266 515 2364; x_wconf 88' lang='lat' dir='ltr'>perterriti</span> <span class='ocrx_word' id='word_1_120' title='bbox 535 2281 637 2352; x_wconf 84' lang='lat' dir='ltr'>sunt3</span> <span class='ocrx_word' id='word_1_121' title='bbox 653 2281 689 2336; x_wconf 91' lang='lat' dir='ltr'>et</span> <span class='ocrx_word' id='word_1_122' title='bbox 706 2280 747 2335; x_wconf 87' lang='lat' dir='ltr'>ut</span> <span class='ocrx_word' id='word_1_123' title='bbox 764 2265 799 2336; x_wconf 91' lang='lat' dir='ltr'>in</span> <span class='ocrx_word' id='word_1_124' title='bbox 827 2264 1025 2337; x_wconf 85' lang='lat' dir='ltr'>crastinum</span> <span class='ocrx_word' id='word_1_125' title='bbox 1047 2266 1152 2338; x_wconf 81' lang='lat' dir='ltr'>attiu-</span> 
     </span>
     <span class='ocr_line' id='line_1_18' title="bbox 78 2381 1149 2483; baseline 0.001 -27"><span class='ocrx_word' id='word_1_126' title='bbox 78 2399 205 2483; x_wconf 79' lang='lat' dir='ltr'>gerent</span> <span class='ocrx_word' id='word_1_127' title='bbox 239 2383 402 2471; x_wconf 87' lang='lat' dir='ltr'>solliciti,</span> <span class='ocrx_word' id='word_1_128' title='bbox 434 2381 577 2454; x_wconf 82' lang='lat' dir='ltr'>sonibus</span> <span class='ocrx_word' id='word_1_129' title='bbox 605 2408 670 2480; x_wconf 86' lang='lat' dir='ltr'>per</span> <span class='ocrx_word' id='word_1_130' title='bbox 705 2408 850 2454; x_wconf 80' lang='lat' dir='ltr'>murum</span> <span class='ocrx_word' id='word_1_131' title='bbox 882 2381 1021 2455; x_wconf 89' lang='lat' dir='ltr'>demissi</span> <span class='ocrx_word' id='word_1_132' title='bbox 1054 2403 1149 2458; x_wconf 89' lang='lat' dir='ltr'>sunt.</span> 
     </span>
    </p>
   </div>
   <div class='ocr_carea' id='block_1_3' title="bbox 78 2497 1154 2597">
    <p class='ocr_par' dir='ltr' id='par_1_3' title="bbox 78 2497 1154 2597">
     <span class='ocr_line' id='line_1_19' title="bbox 78 2497 1154 2597; baseline 0.001 -25"><span class='ocrx_word' id='word_1_133' title='bbox 78 2498 197 2590; x_wconf 87' lang='lat' dir='ltr'>Unde,</span> <span class='ocrx_word' id='word_1_134' title='bbox 209 2499 251 2571; x_wconf 88' lang='lat' dir='ltr'>ad</span> <span class='ocrx_word' id='word_1_135' title='bbox 261 2527 360 2571; x_wconf 88' lang='lat' dir='ltr'>suam</span> <span class='ocrx_word' id='word_1_136' title='bbox 372 2497 582 2571; x_wconf 87' lang='lat' dir='ltr'>diuturnam</span> <span class='ocrx_word' id='word_1_137' title='bbox 594 2498 844 2597; x_wconf 80' lang='lat' dir='ltr'>ignominiam,</span> <span class='ocrx_word' id='word_1_138' title='bbox 854 2499 976 2570; x_wconf 82' lang='lat' dir='ltr'>lurtiri</span> <span class='ocrx_word' id='word_1_139' title='bbox 989 2501 1154 2574; x_wconf 80' lang='lat' dir='ltr'>thnurn·</span> 
     </span>
    </p>
   </div>
   <div class='ocr_carea' id='block_1_4' title="bbox 79 2735 1153 4247">
    <p class='ocr_par' dir='ltr' id='par_1_4' title="bbox 79 2735 1153 2881">
     <span class='ocr_line' id='line_1_20' title="bbox 115 2735 1153 2809; baseline 0.003 -18"><span class='ocrx_word' id='word_1_140' title='bbox 115 2739 155 2807; x_wconf 83' lang='grc' dir='ltr'>(ι)</span> <span class='ocrx_word' id='word_1_141' title='bbox 165 2737 229 2792; x_wconf 86' lang='lat' dir='ltr'>Ceci</span> <span class='ocrx_word' id='word_1_142' title='bbox 242 2737 330 2791; x_wconf 84' lang='lat' dir='ltr'>arriva</span> <span class='ocrx_word' id='word_1_143' title='bbox 342 2736 368 2790; x_wconf 91' lang='lat' dir='ltr'>le</span> <span class='ocrx_word' id='word_1_144' title='bbox 376 2735 456 2807; x_wconf 90' lang='lat' dir='ltr'>jeudi</span> <span class='ocrx_word' id='word_1_145' title='bbox 472 2754 503 2790; x_wconf 88' lang='grc' dir='ltr'>ιο</span> <span class='ocrx_word' id='word_1_146' title='bbox 513 2736 586 2807; x_wconf 88' lang='lat' dir='ltr'>juin.</span> <span class='ocrx_word' id='word_1_147' title='bbox 600 2736 637 2789; x_wconf 88' lang='lat' dir='ltr'>Le</span> <span class='ocrx_word' id='word_1_148' title='bbox 649 2735 760 2789; x_wconf 84' lang='lat' dir='ltr'>cotnbat</span> <span class='ocrx_word' id='word_1_149' title='bbox 771 2736 904 2788; x_wconf 84' lang='lat' dir='ltr'>contiuua</span> <span class='ocrx_word' id='word_1_150' title='bbox 914 2745 992 2791; x_wconf 84' lang='lat' dir='ltr'>toute</span> <span class='ocrx_word' id='word_1_151' title='bbox 1002 2736 1026 2790; x_wconf 94' lang='lat' dir='ltr'>la</span> <span class='ocrx_word' id='word_1_152' title='bbox 1033 2737 1153 2809; x_wconf 76' lang='lat' dir='ltr'>journee</span> 
     </span>
     <span class='ocr_line' id='line_1_21' title="bbox 79 2825 301 2881; baseline -0.018 0"><span class='ocrx_word' id='word_1_153' title='bbox 79 2827 118 2881; x_wconf 89' lang='lat' dir='ltr'>du</span> <span class='ocrx_word' id='word_1_154' title='bbox 133 2825 301 2881; x_wconf 86' lang='lat' dir='ltr'>lendemain.</span> 
     </span>
    </p>

    <p class='ocr_par' dir='ltr' id='par_1_5' title="bbox 79 2911 1153 3518">
     <span class='ocr_line' id='line_1_22' title="bbox 113 2911 1153 2985; baseline 0.002 -16"><span class='ocrx_word' id='word_1_155' title='bbox 113 2917 153 2985; x_wconf 82' lang='lat'>(2)</span> <span class='ocrx_word' id='word_1_156' title='bbox 180 2915 352 2968; x_wconf 74' lang='lat' dir='ltr'>Beau-srere</span> <span class='ocrx_word' id='word_1_157' title='bbox 374 2912 409 2967; x_wconf 81' lang='lat' dir='ltr'>tle</span> <span class='ocrx_word' id='word_1_158' title='bbox 433 2912 585 2968; x_wconf 76' lang='lat' dir='ltr'>Boemond.</span> <span class='ocrx_word' id='word_1_159' title='bbox 614 2911 704 2965; x_wconf 79' lang='lat' dir='ltr'>llaoul</span> <span class='ocrx_word' id='word_1_160' title='bbox 729 2911 764 2966; x_wconf 91' lang='lat' dir='ltr'>de</span> <span class='ocrx_word' id='word_1_161' title='bbox 788 2913 864 2967; x_wconf 86' lang='lat' dir='ltr'>Caeu</span> <span class='ocrx_word' id='word_1_162' title='bbox 889 2911 932 2967; x_wconf 86' lang='lat' dir='ltr'>dit</span> <span class='ocrx_word' id='word_1_163' title='bbox 958 2914 1153 2984; x_wconf 85' lang='lat' dir='ltr'>positivement</span> 
     </span>
     <span class='ocr_line' id='line_1_23' title="bbox 79 3000 1153 3079; baseline 0.001 -21"><span class='ocrx_word' id='word_1_164' title='bbox 79 3005 175 3079; x_wconf 86' lang='lat' dir='ltr'>qu’lve</span> <span class='ocrx_word' id='word_1_165' title='bbox 187 3003 223 3058; x_wconf 86' lang='lat' dir='ltr'>de</span> <span class='ocrx_word' id='word_1_166' title='bbox 235 3001 444 3058; x_wconf 87' lang='lat' dir='ltr'>Grentcmesnil</span> <span class='ocrx_word' id='word_1_167' title='bbox 459 3002 584 3057; x_wconf 86' lang='lat' dir='ltr'>s’associa</span> <span class='ocrx_word' id='word_1_168' title='bbox 598 3003 613 3055; x_wconf 80' lang='lat' dir='ltr'>lt</span> <span class='ocrx_word' id='word_1_169' title='bbox 626 3000 651 3054; x_wconf 86' lang='lat' dir='ltr'>la</span> <span class='ocrx_word' id='word_1_170' title='bbox 666 3005 751 3055; x_wconf 86' lang='lat' dir='ltr'>honte</span> <span class='ocrx_word' id='word_1_171' title='bbox 765 3001 799 3056; x_wconf 88' lang='lat' dir='ltr'>de</span> <span class='ocrx_word' id='word_1_172' title='bbox 814 3019 856 3055; x_wconf 79' lang='lat' dir='ltr'>ses</span> <span class='ocrx_word' id='word_1_173' title='bbox 867 3001 940 3056; x_wconf 81' lang='lat' dir='ltr'>deux</span> <span class='ocrx_word' id='word_1_174' title='bbox 952 3002 1049 3057; x_wconf 68' lang='lat' dir='ltr'>freres.</span> <span class='ocrx_word' id='word_1_175' title='bbox 1064 3004 1087 3058; x_wconf 95' lang='lat' dir='ltr'>ll</span> <span class='ocrx_word' id='word_1_176' title='bbox 1099 3006 1153 3060; x_wconf 88' lang='lat' dir='ltr'>cite</span> 
     </span>
     <span class='ocr_line' id='line_1_24' title="bbox 79 3090 1153 3168; baseline 0.001 -19"><span class='ocrx_word' id='word_1_177' title='bbox 79 3112 180 3149; x_wconf 88' lang='lat' dir='ltr'>encore</span> <span class='ocrx_word' id='word_1_178' title='bbox 201 3094 290 3166; x_wconf 85' lang='lat' dir='ltr'>parmi</span> <span class='ocrx_word' id='word_1_179' title='bbox 309 3093 347 3146; x_wconf 87' lang='lat' dir='ltr'>les</span> <span class='ocrx_word' id='word_1_180' title='bbox 370 3092 561 3147; x_wconf 82' lang='lat' dir='ltr'>Funambules</span> <span class='ocrx_word' id='word_1_181' title='bbox 576 3109 615 3144; x_wconf 91' lang='lat' dir='ltr'>un</span> <span class='ocrx_word' id='word_1_182' title='bbox 636 3090 839 3162; x_wconf 81' lang='lat' dir='ltr'>gentilltomme</span> <span class='ocrx_word' id='word_1_183' title='bbox 859 3093 1062 3166; x_wconf 82' lang='lat' dir='ltr'>Tourangeau,</span> <span class='ocrx_word' id='word_1_184' title='bbox 1084 3095 1153 3168; x_wconf 91' lang='lat' dir='ltr'>qu’il</span> 
     </span>
     <span class='ocr_line' id='line_1_25' title="bbox 79 3179 1151 3257; baseline 0 -19"><span class='ocrx_word' id='word_1_185' title='bbox 79 3202 192 3238; x_wconf 89' lang='lat' dir='ltr'>nomme</span> <span class='ocrx_word' id='word_1_186' title='bbox 215 3181 305 3237; x_wconf 84' lang='lat' dir='ltr'>Raoul</span> <span class='ocrx_word' id='word_1_187' title='bbox 327 3181 362 3234; x_wconf 88' lang='lat' dir='ltr'>de</span> <span class='ocrx_word' id='word_1_188' title='bbox 383 3181 419 3235; x_wconf 90' lang='lat' dir='ltr'>La</span> <span class='ocrx_word' id='word_1_189' title='bbox 441 3180 611 3236; x_wconf 85' lang='lat' dir='ltr'>Fontenelle.</span> <span class='ocrx_word' id='word_1_190' title='bbox 635 3179 730 3235; x_wconf 84' lang='lat' dir='ltr'>Pierre</span> <span class='ocrx_word' id='word_1_191' title='bbox 757 3179 911 3236; x_wconf 86' lang='lat' dir='ltr'>Tudebotle</span> <span class='ocrx_word' id='word_1_192' title='bbox 931 3195 997 3238; x_wconf 79' lang='lat' dir='ltr'>veut</span> <span class='ocrx_word' id='word_1_193' title='bbox 1018 3201 1073 3257; x_wconf 87' lang='lat' dir='ltr'>que</span> <span class='ocrx_word' id='word_1_194' title='bbox 1094 3184 1151 3238; x_wconf 90' lang='lat' dir='ltr'>Gui</span> 
     </span>
     <span class='ocr_line' id='line_1_26' title="bbox 79 3272 1152 3346; baseline 0 -18"><span class='ocrx_word' id='word_1_195' title='bbox 79 3274 211 3328; x_wconf 82' lang='lat' dir='ltr'>Trousscl</span> <span class='ocrx_word' id='word_1_196' title='bbox 233 3273 300 3326; x_wconf 85' lang='lat' dir='ltr'>n’ait</span> <span class='ocrx_word' id='word_1_197' title='bbox 319 3272 409 3345; x_wconf 75' lang='lat' dir='ltr'>quitto</span> <span class='ocrx_word' id='word_1_198' title='bbox 429 3272 540 3326; x_wconf 84' lang='lat' dir='ltr'>l’arme&#39;e</span> <span class='ocrx_word' id='word_1_199' title='bbox 559 3273 622 3346; x_wconf 78' lang='lat' dir='ltr'>qu&#39;lr</span> <span class='ocrx_word' id='word_1_200' title='bbox 642 3281 713 3325; x_wconf 87' lang='lat' dir='ltr'>cette</span> <span class='ocrx_word' id='word_1_201' title='bbox 731 3273 854 3345; x_wconf 78' lang='lat' dir='ltr'>cpoque,</span> <span class='ocrx_word' id='word_1_202' title='bbox 876 3283 903 3326; x_wconf 88' lang='lat' dir='ltr'>ct</span> <span class='ocrx_word' id='word_1_203' title='bbox 924 3273 978 3327; x_wconf 91' lang='lat' dir='ltr'>cite</span> <span class='ocrx_word' id='word_1_204' title='bbox 997 3291 1098 3328; x_wconf 86' lang='lat' dir='ltr'>encore</span> <span class='ocrx_word' id='word_1_205' title='bbox 1118 3292 1152 3328; x_wconf 90' lang='lat' dir='ltr'>au</span> 
     </span>
     <span class='ocr_line' id='line_1_27' title="bbox 79 3361 1153 3435; baseline 0 -17"><span class='ocrx_word' id='word_1_206' title='bbox 79 3363 197 3418; x_wconf 79' lang='lat' dir='ltr'>nombre</span> <span class='ocrx_word' id='word_1_207' title='bbox 214 3367 262 3418; x_wconf 87' lang='lat' dir='ltr'>des</span> <span class='ocrx_word' id='word_1_208' title='bbox 278 3363 389 3433; x_wconf 86' lang='lat' dir='ltr'>luyards</span> <span class='ocrx_word' id='word_1_209' title='bbox 404 3361 477 3416; x_wconf 76' lang='lat' dir='ltr'>deur</span> <span class='ocrx_word' id='word_1_210' title='bbox 494 3379 679 3435; x_wconf 76' lang='lat' dir='ltr'>personnages</span> <span class='ocrx_word' id='word_1_211' title='bbox 699 3365 840 3429; x_wconf 87' lang='lat' dir='ltr'>nomme&#39;s,</span> <span class='ocrx_word' id='word_1_212' title='bbox 859 3362 916 3415; x_wconf 88' lang='lat' dir='ltr'>l’un</span> <span class='ocrx_word' id='word_1_213' title='bbox 935 3363 1097 3418; x_wconf 83' lang='lat' dir='ltr'>Guillaunte</span> <span class='ocrx_word' id='word_1_214' title='bbox 1118 3365 1153 3418; x_wconf 91' lang='lat' dir='ltr'>de</span> 
     </span>
     <span class='ocr_line' id='line_1_28' title="bbox 79 3446 864 3518; baseline -0.006 -12"><span class='ocrx_word' id='word_1_215' title='bbox 79 3452 268 3518; x_wconf 84' lang='lat' dir='ltr'>Bernourillc,</span> <span class='ocrx_word' id='word_1_216' title='bbox 284 3462 311 3505; x_wconf 89' lang='lat' dir='ltr'>et</span> <span class='ocrx_word' id='word_1_217' title='bbox 323 3451 422 3504; x_wconf 79' lang='lat' dir='ltr'>l’auttc</span> <span class='ocrx_word' id='word_1_218' title='bbox 435 3450 611 3515; x_wconf 88' lang='lat' dir='ltr'>Guillaume,</span> <span class='ocrx_word' id='word_1_219' title='bbox 627 3449 669 3503; x_wconf 84' lang='lat' dir='ltr'>fils</span> <span class='ocrx_word' id='word_1_220' title='bbox 681 3449 716 3502; x_wconf 91' lang='lat' dir='ltr'>de</span> <span class='ocrx_word' id='word_1_221' title='bbox 730 3446 864 3503; x_wconf 80' lang='lat' dir='ltr'>lliclrard.</span> 
     </span>
    </p>

    <p class='ocr_par' dir='ltr' id='par_1_6' title="bbox 79 3539 1153 4247">
     <span class='ocr_line' id='line_1_29' title="bbox 114 3539 1152 3615; baseline -0.003 -17"><span class='ocrx_word' id='word_1_222' title='bbox 114 3541 154 3613; x_wconf 71' lang='grc' dir='ltr'>(ὅ)</span> <span class='ocrx_word' id='word_1_223' title='bbox 167 3541 311 3607; x_wconf 83' lang='lat' dir='ltr'>Lambert,</span> <span class='ocrx_word' id='word_1_224' title='bbox 326 3543 487 3596; x_wconf 82' lang='lat' dir='ltr'>suruomme</span> <span class='ocrx_word' id='word_1_225' title='bbox 498 3541 524 3595; x_wconf 90' lang='lat' dir='ltr'>le</span> <span class='ocrx_word' id='word_1_226' title='bbox 536 3540 658 3604; x_wconf 82' lang='lat' dir='ltr'>Pauvre,</span> <span class='ocrx_word' id='word_1_227' title='bbox 674 3550 764 3593; x_wconf 88' lang='lat' dir='ltr'>comte</span> <span class='ocrx_word' id='word_1_228' title='bbox 776 3539 811 3593; x_wconf 89' lang='lat' dir='ltr'>dc</span> <span class='ocrx_word' id='word_1_229' title='bbox 825 3539 985 3608; x_wconf 84' lang='lat' dir='ltr'>Clerntont,</span> <span class='ocrx_word' id='word_1_230' title='bbox 1000 3543 1064 3613; x_wconf 79' lang='lat' dir='ltr'>pres</span> <span class='ocrx_word' id='word_1_231' title='bbox 1076 3543 1152 3615; x_wconf 83' lang='lat' dir='ltr'>lluy,</span> 
     </span>
     <span class='ocr_line' id='line_1_30' title="bbox 79 3628 1152 3707; baseline 0 -20"><span class='ocrx_word' id='word_1_232' title='bbox 79 3635 211 3707; x_wconf 83' lang='lat' dir='ltr'>province</span> <span class='ocrx_word' id='word_1_233' title='bbox 230 3632 265 3686; x_wconf 83' lang='lat' dir='ltr'>tle</span> <span class='ocrx_word' id='word_1_234' title='bbox 287 3632 383 3704; x_wconf 79' lang='lat' dir='ltr'>Liegc,</span> <span class='ocrx_word' id='word_1_235' title='bbox 408 3632 470 3703; x_wconf 88' lang='lat' dir='ltr'>puis</span> <span class='ocrx_word' id='word_1_236' title='bbox 487 3630 522 3684; x_wconf 89' lang='lat' dir='ltr'>dc</span> <span class='ocrx_word' id='word_1_237' title='bbox 542 3630 704 3702; x_wconf 80' lang='lat' dir='ltr'>Montaigu,</span> <span class='ocrx_word' id='word_1_238' title='bbox 725 3630 804 3702; x_wconf 77' lang='lat' dir='ltr'>apres</span> <span class='ocrx_word' id='word_1_239' title='bbox 824 3628 848 3682; x_wconf 85' lang='lat' dir='ltr'>la</span> <span class='ocrx_word' id='word_1_240' title='bbox 869 3640 944 3684; x_wconf 89' lang='lat' dir='ltr'>mort</span> <span class='ocrx_word' id='word_1_241' title='bbox 964 3630 999 3684; x_wconf 87' lang='lat' dir='ltr'>de</span> <span class='ocrx_word' id='word_1_242' title='bbox 1020 3647 1070 3685; x_wconf 88' lang='lat' dir='ltr'>son</span> <span class='ocrx_word' id='word_1_243' title='bbox 1087 3633 1152 3704; x_wconf 59' lang='lat' dir='ltr'>plere</span> 
     </span>
     <span class='ocr_line' id='line_1_31' title="bbox 79 3717 1153 3796; baseline 0 -21"><span class='ocrx_word' id='word_1_244' title='bbox 79 3727 180 3796; x_wconf 86' lang='lat' dir='ltr'>(voyez</span> <span class='ocrx_word' id='word_1_245' title='bbox 196 3722 347 3788; x_wconf 88' lang='lat' dir='ltr'>ci·dessus,</span> <span class='ocrx_word' id='word_1_246' title='bbox 366 3741 394 3792; x_wconf 86' lang='lat' dir='ltr'>p.</span> <span class='ocrx_word' id='word_1_247' title='bbox 408 3723 489 3795; x_wconf 67' lang='lat'>477),</span> <span class='ocrx_word' id='word_1_248' title='bbox 504 3721 604 3790; x_wconf 82' lang='lat' dir='ltr'>suivit,</span> <span class='ocrx_word' id='word_1_249' title='bbox 622 3737 729 3773; x_wconf 87' lang='lat' dir='ltr'>comme</span> <span class='ocrx_word' id='word_1_250' title='bbox 743 3719 798 3786; x_wconf 89' lang='lat' dir='ltr'>lui,</span> <span class='ocrx_word' id='word_1_251' title='bbox 811 3737 860 3772; x_wconf 88' lang='lat' dir='ltr'>son</span> <span class='ocrx_word' id='word_1_252' title='bbox 873 3717 952 3773; x_wconf 88' lang='lat' dir='ltr'>oncle</span> <span class='ocrx_word' id='word_1_253' title='bbox 966 3718 1101 3775; x_wconf 82' lang='lat' dir='ltr'>Godelroi</span> <span class='ocrx_word' id='word_1_254' title='bbox 1117 3721 1153 3776; x_wconf 87' lang='lat' dir='ltr'>de</span> 
     </span>
     <span class='ocr_line' id='line_1_32' title="bbox 80 3809 1151 3881; baseline 0 -14"><span class='ocrx_word' id='word_1_255' title='bbox 80 3813 209 3867; x_wconf 87' lang='lat' dir='ltr'>Bouillon</span> <span class='ocrx_word' id='word_1_256' title='bbox 228 3815 244 3864; x_wconf 74' lang='grc' dir='ltr'>ἐι</span> <span class='ocrx_word' id='word_1_257' title='bbox 263 3810 286 3864; x_wconf 85' lang='lat' dir='ltr'>la</span> <span class='ocrx_word' id='word_1_258' title='bbox 301 3811 512 3876; x_wconf 83' lang='lat' dir='ltr'>Terre-Salate,</span> <span class='ocrx_word' id='word_1_259' title='bbox 531 3829 565 3864; x_wconf 91' lang='lat' dir='ltr'>en</span> <span class='ocrx_word' id='word_1_260' title='bbox 579 3809 669 3863; x_wconf 86' lang='lat' dir='ltr'>revint</span> <span class='ocrx_word' id='word_1_261' title='bbox 684 3828 747 3862; x_wconf 86' lang='lat' dir='ltr'>avec</span> <span class='ocrx_word' id='word_1_262' title='bbox 760 3809 857 3864; x_wconf 83' lang='lat' dir='ltr'>Pierre</span> <span class='ocrx_word' id='word_1_263' title='bbox 875 3809 1000 3864; x_wconf 83' lang='lat' dir='ltr'>l’Ernrite</span> <span class='ocrx_word' id='word_1_264' title='bbox 1014 3829 1049 3865; x_wconf 87' lang='lat' dir='ltr'>en</span> <span class='ocrx_word' id='word_1_265' title='bbox 1069 3813 1151 3881; x_wconf 83' lang='lat'>1105,</span> 
     </span>
     <span class='ocr_line' id='line_1_33' title="bbox 80 3898 1153 3974; baseline 0.001 -16"><span class='ocrx_word' id='word_1_266' title='bbox 80 3915 109 3958; x_wconf 87' lang='lat' dir='ltr'>et</span> <span class='ocrx_word' id='word_1_267' title='bbox 125 3902 209 3957; x_wconf 83' lang='lat' dir='ltr'>londa</span> <span class='ocrx_word' id='word_1_268' title='bbox 227 3920 261 3954; x_wconf 88' lang='lat' dir='ltr'>au</span> <span class='ocrx_word' id='word_1_269' title='bbox 280 3899 418 3973; x_wconf 83' lang='lat' dir='ltr'>laubourg</span> <span class='ocrx_word' id='word_1_270' title='bbox 438 3899 472 3952; x_wconf 88' lang='lat' dir='ltr'>de</span> <span class='ocrx_word' id='word_1_271' title='bbox 490 3901 550 3953; x_wconf 85' lang='lat' dir='ltr'>llur</span> <span class='ocrx_word' id='word_1_272' title='bbox 569 3918 608 3953; x_wconf 89' lang='lat' dir='ltr'>un</span> <span class='ocrx_word' id='word_1_273' title='bbox 625 3901 782 3953; x_wconf 72' lang='lat' dir='ltr'>monestere</span> <span class='ocrx_word' id='word_1_274' title='bbox 797 3898 832 3954; x_wconf 89' lang='lat' dir='ltr'>de</span> <span class='ocrx_word' id='word_1_275' title='bbox 851 3900 1001 3955; x_wconf 86' lang='lat' dir='ltr'>chanoines</span> <span class='ocrx_word' id='word_1_276' title='bbox 1017 3902 1153 3974; x_wconf 73' lang='lat' dir='ltr'>regulicrs</span> 
     </span>
     <span class='ocr_line' id='line_1_34' title="bbox 80 3987 1152 4063; baseline 0.003 -16"><span class='ocrx_word' id='word_1_277' title='bbox 80 3992 116 4047; x_wconf 88' lang='lat' dir='ltr'>de</span> <span class='ocrx_word' id='word_1_278' title='bbox 130 3991 233 4046; x_wconf 86' lang='lat' dir='ltr'>l’ordre</span> <span class='ocrx_word' id='word_1_279' title='bbox 248 3992 283 4044; x_wconf 87' lang='lat' dir='ltr'>dc</span> <span class='ocrx_word' id='word_1_280' title='bbox 302 3990 551 4062; x_wconf 77' lang='lat' dir='ltr'>Salat-Angustia,</span> <span class='ocrx_word' id='word_1_281' title='bbox 570 3989 639 4042; x_wconf 90' lang='lat' dir='ltr'>dont</span> <span class='ocrx_word' id='word_1_282' title='bbox 657 3988 752 4043; x_wconf 90' lang='lat' dir='ltr'>Pierre</span> <span class='ocrx_word' id='word_1_283' title='bbox 771 3987 866 4043; x_wconf 84' lang='lat' dir='ltr'>devint</span> <span class='ocrx_word' id='word_1_284' title='bbox 884 3989 910 4043; x_wconf 89' lang='lat' dir='ltr'>lc</span> <span class='ocrx_word' id='word_1_285' title='bbox 929 3992 1084 4063; x_wconf 77' lang='lat' dir='ltr'>superieur.</span> <span class='ocrx_word' id='word_1_286' title='bbox 1105 3996 1152 4050; x_wconf 90' lang='lat' dir='ltr'>On</span> 
     </span>
     <span class='ocr_line' id='line_1_35' title="bbox 80 4078 1151 4155; baseline 0.002 -18"><span class='ocrx_word' id='word_1_287' title='bbox 80 4083 153 4138; x_wconf 84' lang='lat' dir='ltr'>croit</span> <span class='ocrx_word' id='word_1_288' title='bbox 171 4101 225 4155; x_wconf 87' lang='lat' dir='ltr'>quc</span> <span class='ocrx_word' id='word_1_289' title='bbox 242 4081 371 4136; x_wconf 82' lang='lat' dir='ltr'>Lambert</span> <span class='ocrx_word' id='word_1_290' title='bbox 385 4081 428 4134; x_wconf 87' lang='lat' dir='ltr'>lut</span> <span class='ocrx_word' id='word_1_291' title='bbox 444 4080 469 4133; x_wconf 87' lang='lat' dir='ltr'>lc</span> <span class='ocrx_word' id='word_1_292' title='bbox 488 4078 589 4134; x_wconf 88' lang='lat' dir='ltr'>sccond</span> <span class='ocrx_word' id='word_1_293' title='bbox 608 4079 676 4134; x_wconf 79' lang='lat' dir='ltr'>attari</span> <span class='ocrx_word' id='word_1_294' title='bbox 693 4078 728 4132; x_wconf 87' lang='lat' dir='ltr'>dc</span> <span class='ocrx_word' id='word_1_295' title='bbox 744 4078 902 4148; x_wconf 85' lang='lat' dir='ltr'>Gertrutlc,</span> <span class='ocrx_word' id='word_1_296' title='bbox 920 4080 974 4136; x_wconf 86' lang='lat' dir='ltr'>fille</span> <span class='ocrx_word' id='word_1_297' title='bbox 989 4080 1024 4138; x_wconf 86' lang='lat' dir='ltr'>de</span> <span class='ocrx_word' id='word_1_298' title='bbox 1039 4084 1151 4139; x_wconf 84' lang='lat' dir='ltr'>Thierti</span> 
     </span>
     <span class='ocr_line' id='line_1_36' title="bbox 81 4169 925 4247; baseline 0.001 -21"><span class='ocrx_word' id='word_1_299' title='bbox 81 4172 220 4238; x_wconf 85' lang='lat' dir='ltr'>d‘Alsace,</span> <span class='ocrx_word' id='word_1_300' title='bbox 237 4182 327 4227; x_wconf 85' lang='lat' dir='ltr'>comte</span> <span class='ocrx_word' id='word_1_301' title='bbox 342 4169 377 4224; x_wconf 92' lang='lat' dir='ltr'>dc</span> <span class='ocrx_word' id='word_1_302' title='bbox 394 4169 524 4237; x_wconf 81' lang='lat' dir='ltr'>Flantlre,</span> <span class='ocrx_word' id='word_1_303' title='bbox 542 4179 569 4223; x_wconf 89' lang='lat' dir='ltr'>ct</span> <span class='ocrx_word' id='word_1_304' title='bbox 584 4169 652 4243; x_wconf 89' lang='lat' dir='ltr'>qu&#39;il</span> <span class='ocrx_word' id='word_1_305' title='bbox 668 4180 782 4225; x_wconf 86' lang='lat' dir='ltr'>mourut</span> <span class='ocrx_word' id='word_1_306' title='bbox 795 4188 829 4225; x_wconf 90' lang='lat' dir='ltr'>en</span> <span class='ocrx_word' id='word_1_307' title='bbox 849 4174 925 4247; x_wconf 76' lang='lat'><strong>¹¹⁴7·</strong></span> 
     </span>
    </p>
   </div>
   <div class='ocr_carea' id='block_1_5' title="bbox 157 4261 1005 4336">
    <p class='ocr_par' dir='ltr' id='par_1_7' title="bbox 157 4261 1005 4336">
     <span class='ocr_line' id='line_1_37' title="bbox 157 4261 1005 4336; baseline -0.004 -1"><span class='ocrx_word' id='word_1_308' title='bbox 157 4288 213 4336; x_wconf 85' lang='lat' dir='ltr'>nt.</span> <span class='ocrx_word' id='word_1_309' title='bbox 735 4283 738 4288; x_wconf 68' lang='grc'>“</span> <span class='ocrx_word' id='word_1_310' title='bbox 959 4261 1005 4332; x_wconf 75' lang='lat'>35</span> 
     </span>
    </p>
   </div>
   <div class='ocr_carea' id='block_1_6' title="bbox 0 0 1452 4934">
    <p class='ocr_par' dir='ltr' id='par_1_8' title="bbox 0 0 1452 4934">
     <span class='ocr_line' id='line_1_38' title="bbox 0 0 1452 4934; baseline 0 0"><span class='ocrx_word' id='word_1_311' title='bbox 0 0 1452 4934; x_wconf 95' lang='lat' dir='ltr'> </span> 
     </span>
    </p>
   </div>
  </div>
 </body>
</html>
