2888 4934
83 362 135 440 ss]
391 357 509 456 usus
529 356 717 418 oersvus.

128 492 260 550 Prodidit
272 492 409 550 Owenius
420 494 477 562 (ι),
490 509 538 547 rex
549 501 592 549 est
604 493 712 565 gavisus
725 491 881 559 Howellus,

166 581 250 638 Facta
262 581 383 637 vindicta
394 591 489 637 monte
502 580 554 635 sub
564 580 748 636 Hormaheva.

131 668 204 726 Ense
216 681 298 744 caput
310 671 398 725 secuit
408 668 600 735 Grithfridus,
615 678 644 724 et
657 669 686 723 in
700 689 775 728 mare
785 670 865 741 jecit;

165 761 249 816 &ma
259 759 374 835 quidem
386 759 526 833 reliquum
540 758 663 833 possidet
674 759 750 814 hune
761 759 893 814 loculum.

130 850 166 908 lu
176 849 296 906 claustro
309 850 397 907 saneti
411 850 561 924 requiescit
572 850 660 922 patris
672 849 794 917 fflrrulfi;

166 940 222 999 Pro
234 941 342 998 meritis
354 941 434 1012 cujus
445 941 482 996 sit
495 940 548 996 sibi
561 940 643 1014 plena
654 940 741 995 salus!

132 1030 282 1101 Quondam
295 1030 439 1098 robustus,
450 1029 526 1102 jacet
538 1031 585 1084 hic
598 1049 673 1085 nunc
685 1031 866 1086 exanimatus.

112 1180 117 1187 Α
167 1120 241 1176 Hinc
253 1119 334 1175 dolor
347 1122 377 1175 iu
391 1131 449 1176 tota
464 1130 608 1193 personat,
623 1119 695 1174 heu!
713 1121 810 1192 patria.

133 1211 189 1268 ttic
200 1211 284 1266 modo
296 1211 327 1267 tit
339 1211 442 1285 pulvis,
454 1211 513 1283 jam
526 1210 567 1264 nil
580 1211 639 1283 agit
649 1209 789 1265 utilitatis.

170 1301 259 1374 Ergo,
275 1302 321 1374 pie
334 1301 432 1371 lector,
446 1302 508 1373 ejus
519 1300 614 1355 adesto
629 1317 747 1355 memor.

133 1389 218 1445 Hune
230 1399 263 1443 ut
276 1391 305 1443 in
316 1389 433 1445 etherea
445 1389 518 1444 locet
529 1407 606 1458 arce,
622 1406 689 1462 roga
703 1406 786 1461 prece
798 1387 882 1462 digua

168 1481 241 1536 Cum
253 1479 382 1553 lacrymis
395 1499 507 1548 verum,
521 1481 570 1554 qui
584 1478 658 1553 regit
669 1497 767 1547 omne,
782 1478 883 1534 Deum

131 1569 260 1640 Christe,
276 1572 328 1626 Dei
343 1570 483 1643 splendor,
498 1571 559 1624 vitae
572 1569 653 1624 dator
666 1578 695 1624 et
706 1579 850 1642 reparator

170 1661 272 1731 Orbis,
287 1663 354 1718 huie
366 1662 470 1720 famulo
483 1663 635 1736 propitiare
647 1672 708 1716 tuo.

132 1752 216 1826 llripe
229 1754 370 1808 Tartareis
381 1753 572 1822 Rodbertum,
589 1752 715 1817 Christe,
732 1751 862 1806 caminis!

168 1841 217 1897 Est
228 1843 312 1897 nimis
325 1843 384 1916 ipse
396 1861 475 1910 reus,
488 1853 582 1916 terge,
597 1860 705 1915 precor,
722 1841 839 1895 lacinus.
853 1841 856 1846 ’

83 1971 86 1978 ,
134 1931 234 2000 Parce,
250 1931 326 2006 qnod
341 1933 413 2006 ipse,
428 1932 503 2005 piam
516 1933 641 2005 rogitans
653 1930 774 1990 clamore
786 1932 917 1996 Mariam,

169 2023 311 2079 Conantus
324 2022 423 2097 rigidis
438 2022 570 2079 occubuit
578 2022 688 2095 jaculis.

134 2111 255 2189 indulge
268 2113 379 2186 culpas,
394 2132 536 2168 mansuras
546 2132 638 2171 annue
651 2131 745 2185 gazas,

170 2202 211 2256 Ut
224 2213 307 2276 queat
320 2204 348 2257 in
364 2202 461 2257 nitidis
474 2221 583 2276 semper
595 2203 684 2259 inesse
695 2202 799 2257 choris.
814 2204 914 2258 Amen.

83 2341 143 2421 tv.
161 2342 358 2417 Guillelmo
376 2345 469 2417 Ruso
485 2370 551 2444 per
571 2369 697 2418 omnes
715 2343 920 2445 Anglorum
938 2343 1103 2444 regiones

83 2460 259 2550 minante,
281 2479 317 2534 et
332 2460 466 2562 ubique
481 2461 635 2537 rebelles
649 2461 843 2561 principali
862 2486 1009 2534 censura
1028 2462 1103 2534 for-

83 2603 119 2653 ur
133 2580 416 2678 comprimente,
437 2577 602 2678 turgidus
618 2577 715 2667 odo,
738 2579 782 2652 de
801 2576 933 2678 Anglia
950 2576 1100 2674 ejectus,

83 2693 1104 2795 lonensemdioecesimrepetiit,et1lodbertoducemolli-

83 2828 244 2914 ’agente
262 2814 328 2887 toti
343 2813 578 2887 Normanniae
592 2812 772 2887 dominari
786 2813 927 2912 sategit.
944 2812 1103 2885 Provin-

96 2932 267 3009 torserat
283 2930 475 3021 dissoluta,
488 2947 525 3004 et
538 2930 728 3031 praedones
746 2931 955 3005 catervatim
971 2931 1105 3004 discur-

83 3063 163 3123 sant
194 3074 261 3149 per
293 3050 391 3124 vicos
426 3067 463 3122 et
497 3075 563 3150 per
596 3077 701 3140 rura,
738 3050 963 3148 nimiumque
997 3074 1104 3148 super

83 3180 190 3241 tumes
205 3164 492 3241 debacchabatur
509 3167 798 3244 latrunculorum
822 3183 978 3242 caterva.
1001 3167 1104 3242 Rod-

83 3342 350 3361 μὴ*

83 3430 107 3501 ι)
125 3428 201 3484 tisez
215 3452 220 3482 :
232 3429 347 3500 prodiit.
365 3431 400 3483 Le
418 3430 459 3483 roi
478 3428 583 3498 Owen,
604 3428 646 3483 ssls
663 3428 813 3502 d’Edwyn,
834 3428 875 3483 fils
892 3428 928 3483 de
942 3429 1055 3498 Grono,
1075 3440 1104 3484 et

83 3517 148 3587 uel,
167 3518 209 3573 fils
225 3518 260 3573 de
277 3520 390 3588 Grono,
411 3538 459 3574 son
477 3520 571 3587 oncle,
590 3521 722 3574 n’etalent
736 3523 752 3573 a
768 3530 842 3574 cette
858 3522 966 3592 epoque
983 3538 1039 3592 que
1055 3519 1104 3573 des

83 3607 130 3667 du
141 3607 182 3664 du
196 3609 414 3677 North-Wales,
434 3610 578 3684 seigneurs
593 3608 629 3664 de
645 3608 790 3683 Tegengyl
803 3608 1002 3682 (Euglelield);
1019 3611 1101 3677 mais,

83 3696 157 3774 elque
167 3707 258 3771 temps
270 3701 350 3772 apres
360 3701 411 3770 (en
424 3702 520 3772 1099),
534 3698 625 3754 Owen
636 3698 679 3753 sut
690 3697 767 3771 place
778 3715 828 3771 par
838 3697 878 3752 les
888 3696 1046 3752 Normands
1056 3716 1104 3752 sur

83 3787 155 3845 risse
166 3787 206 3843 du
217 3789 434 3856 North-Wales3
451 3800 480 3842 et
493 3788 773 3861 Howel-ap·Grouo,
791 3790 867 3842 etant
882 3787 1012 3861 seigneur
1026 3805 1104 3842 suse-

83 3896 112 3946 s,
124 3889 194 3951 peut
206 3879 264 3934 tres
275 3877 341 3933 bien
353 3879 430 3933 avoir
442 3881 486 3933 ete
498 3878 599 3933 decore
611 3877 871 3950 emphatiquement
883 3878 923 3932 du
934 3877 1002 3933 titre
1014 3877 1050 3932 de
1062 3879 1105 3933 roi

83 3964 144 4025 toln
155 3965 257 4040 langue
273 3966 395 4040 galloise.
413 3967 436 4021 ll
454 3986 490 4023 ne
502 3968 585 4023 serait
598 3966 690 4022 meme
705 3984 753 4039 pas
768 3966 929 4040 impossible
941 3985 997 4041 que
1014 3985 1046 4021 ce
1062 3966 1105 4021 stt

85 4074 145 4132 que
155 4067 237 4114 notre
248 4067 346 4113 auteur
361 4060 453 4114 aurait
465 4059 549 4113 ronlu
562 4057 693 4131 designer
705 4058 747 4112 six
758 4075 818 4114 vers
829 4058 892 4132 plus
904 4057 987 4126 haut,
1002 4076 1038 4113 an
1049 4056 1105 4113 lieu

83 4146 350 4222 nowet-ap-Owen.

110 4263 166 4329 ut.
919 4267 960 4339 ¹9
