2888 4934
185 399 244 459 378
460 395 644 459 HISTORIA
667 394 972 457 uccttstasttca.
1143 401 1247 480 [1091]

184 527 360 601 Henricus
380 550 485 616 vero,
507 529 590 628 quia
609 528 770 627 ingentes
786 527 948 627 querelas
964 542 1092 603 contra
1109 545 1249 603 utrum·
1276 584 1282 589 -

182 669 252 746 que
277 646 424 718 fratrem
442 643 651 743 promebat,
671 660 882 745 partemque
905 643 950 718 de
976 645 1094 746 ampla
1111 671 1247 749 posses-

181 763 281 836 sione
294 760 474 861 magnifici
488 763 598 862 patris
613 762 666 834 sui
683 761 910 863 requirebat,
927 761 988 838 sed
1001 788 1131 839 eorum
1148 780 1249 839 tena-

98 959 101 964 ,
182 878 290 951 citato
308 878 460 950 nimium
485 877 702 977 perdurante
727 879 779 951 nil
800 877 1032 979 impetrabat,
1050 883 1249 983 aggregatis

181 993 392 1067 Britonibus
408 1009 445 1069 et
461 994 700 1086 Normannis,
723 995 969 1069 Constantiam
992 1011 1030 1072 et
1050 994 1246 1086 Abrincas,

182 1110 323 1210 aliaque
340 1108 470 1211 oppida
489 1110 664 1199 munivit,
684 1125 721 1182 et
738 1107 782 1182 ad
806 1111 1043 1185 resistendum
1059 1113 1147 1187 totis
1163 1113 1249 1187 nisi·

181 1226 248 1301 bus
262 1228 468 1301 insurrexit.
482 1226 618 1301 Verum
631 1229 749 1329 Hugo,
759 1227 957 1302 ¹Cestrcnsis
970 1255 1104 1320 comes,
1119 1230 1248 1332 aliique
1295 1280 1297 1285 -

181 1348 358 1433 fautores,
386 1346 461 1445 ejus
484 1360 731 1445 paupertatem
752 1344 1034 1445 perpendentes,
1054 1363 1093 1422 et
1116 1348 1249 1448 amplas

181 1486 266 1560 opes
285 1459 557 1561 terribilemque
570 1460 770 1560 potentiam
780 1459 964 1535 Guillelmi
980 1462 1076 1562 regis
1090 1477 1249 1535 metuen-

182 1593 252 1668 tes,
268 1578 453 1677 egregium
469 1576 643 1651 clitonem
658 1576 694 1650 in
706 1575 838 1652 bellico
850 1603 985 1678 angore
998 1577 1245 1665 deseruerunt,

181 1712 218 1769 et
242 1695 437 1795 municipia
462 1722 522 1770 sua
548 1696 624 1796 regi
652 1693 890 1769 tradiderunt.
919 1697 961 1770 ln
991 1695 1113 1771 medio
1142 1696 1250 1797 igitur

182 1810 464 1913 quadragesimae
483 1813 557 1912 (1),
577 1813 792 1888 Guillelmus
814 1838 878 1886 rex
899 1828 936 1887 et
956 1811 1163 1887 Rodbertus
1179 1810 1250 1887 dux

183 1930 349 2005 Montem
375 1931 413 2002 S.
438 1930 621 2005 Michaelis
648 1929 887 2021 obsederunt,
906 1930 1028 2031 ibique
1054 1929 1257 2011 Hem-icum

180 2048 331 2121 tratrem
347 2075 451 2121 suurn
467 2048 710 2135 incluserunt,
730 2063 766 2121 et
781 2050 854 2122 lere
871 2073 921 2121 xv
936 2045 1061 2122 diebus
1072 2072 1155 2121 eum
1169 2072 1251 2121 cum

182 2166 253 2237 suis
270 2191 373 2266 aquae
391 2166 541 2265 penuria
558 2167 715 2239 maxime
739 2181 989 2239 coercuerunt.
1014 2168 1132 2239 Porro
1156 2164 1251 2238 calli·

182 2280 249 2354 dus
257 2283 417 2381 juvenis,
436 2282 525 2356 dum
539 2283 590 2356 sic
604 2310 623 2355 a
636 2281 807 2357 fratribus
821 2283 892 2356 suis
909 2297 1167 2372 coarctaretur,
1184 2297 1252 2355 eta

93 2416 96 2422 '
183 2399 344 2498 cognatis
369 2414 476 2500 atque
500 2400 623 2472 amicis
639 2415 675 2472 et
692 2398 945 2474 confoederatis
961 2398 1125 2474 affinibus
1141 2398 1253 2472 undi-

183 2539 254 2616 que
262 2515 530 2605 destitueretur,
547 2533 582 2590 et
593 2517 808 2591 multimoda
820 2543 913 2618 pene
924 2519 1108 2606 omnium,
1124 2515 1253 2619 quibus

184 2631 347 2707 homines
364 2631 546 2734 indigent,
565 2633 679 2708 inedia
697 2651 903 2734 angeretur,
920 2632 1121 2733 prudenter
1134 2658 1251 2709 secum

185 2765 355 2842 tractans,
368 2753 486 2825 varios
495 2752 704 2825 mortalium
718 2779 816 2826 casus
825 2751 1086 2852 praecogitavit,
1100 2767 1138 2824 et
1147 2752 1252 2827 infru·

184 2869 264 2940 nito
281 2869 416 2968 impetu
434 2869 678 2968 pessumdato,
700 2895 772 2942 sese
789 2867 833 2941 ad
848 2869 996 2942 meliora
1012 2883 1176 2967 tempora
1193 2892 1250 2941 rc·

184 3008 325 3058 servare
340 2984 512 3059 decrevit.
532 2984 704 3060 Liberum
727 2985 871 3059 tandem
888 2983 975 3074 sibi,
993 2984 1171 3086 sociisque
1184 2985 1250 3059 suis

184 3101 321 3174 exitum
336 3100 381 3174 de
397 3103 523 3177 Monte
539 3104 585 3177 ab
602 3102 849 3177 obsidentibus
862 3104 1040 3202 poposcit.
1058 3102 1117 3175 llli
1134 3101 1249 3176 admo

184 3216 272 3290 dum
288 3219 397 3319 gavisi
420 3237 524 3309 sunt,
550 3222 737 3321 ipsumque
760 3246 841 3294 cum
867 3219 967 3293 omni
993 3235 1170 3318 apparatu
1190 3244 1250 3293 suu

184 3334 304 3436 egredi
332 3336 531 3411 honorifice
553 3337 796 3436 permiserunt
818 3337 887 3434 (a).
915 3336 1090 3408 Henricus
1114 3335 1248 3434 itaque,

220 3637 261 3709 (ι)
276 3638 313 3692 Le
328 3638 438 3695 cardine
455 3656 628 3713 commenqa,
645 3656 680 3692 eu
697 3655 773 3713 ¹⁰9¹»
787 3637 814 3691 le
828 3636 863 3690 26
877 3637 987 3703 levricr,
1005 3627 1033 3691 et
1051 3653 1080 3689 sc
1093 3638 1213 3691 termina
1229 3634 1250 3689 le

190 3725 317 3885 ¹otiiriiia
333 3817 405 3873 recu
419 3816 460 3872 du
476 3819 552 3894 siege
567 3812 606 3873 du
624 3815 921 3873 Mart-Saint·llichel
934 3834 984 3888 par
1003 3815 1030 3869 le
1044 3816 1086 3871 roi
1107 3826 1138 3872 et
1149 3814 1176 3870 le
1186 3814 1250 3881 duc,

188 3903 267 3959 laisse
278 3904 423 3981 beaucoup
434 3911 450 3963 t
461 3908 576 3965 desirer.
590 3909 666 3963 Pour
674 3907 701 3963 le
714 3905 876 3980 completer,
888 3906 910 3961 il
920 3906 981 3961 saut
991 3905 1142 3961 recourira
1153 3905 1250 3970 Wace,

188 4004 217 4049 et
234 4004 345 4052 surtout
361 3998 377 4051 1
394 3997 509 4054 Floreat
521 3999 557 4054 de
570 4000 733 4054 Worcester
747 4008 776 4054 et
792 4000 808 4051 a
825 3996 986 4053 Guillaume
1003 3995 1039 4050 de
1057 3994 1249 4066 malmesbur-y.

190 4083 227 4138 Le
244 4084 366 4156 premier
383 4103 454 4140 nous
465 4088 590 4160 apprcud
604 4087 825 4163 l’emplacemeut
837 4085 886 4141 des
898 4084 972 4140 deux
983 4101 1065 4158 corps
1077 4082 1214 4152 d’armce,
1230 4079 1251 4136 le

189 4171 291 4231 second
303 4172 329 4230 le
341 4173 439 4248 depart
452 4176 487 4231 de
499 4177 675 4247 Guillaume,
693 4180 802 4250 ennuyt
821 4176 855 4232 de
874 4176 899 4232 la
915 4175 1053 4249 longueur
1066 4173 1107 4231 du
1123 4174 1213 4248 riege3
1228 4168 1250 4224 le
