2872 4920
281 369 345 434 624
561 363 748 431 HISTORIA
769 362 1076 428 nccttslrsrlcs.

281 496 466 586 visitabat,
486 511 524 569 ct
546 496 584 569 in
606 497 737 570 timore
752 496 816 569 Dei
836 496 944 569 sacris
960 493 1187 571 sermonibus
1200 496 1356 573 consorss

279 616 389 691 tubat.
415 612 577 687 Tandem
607 613 643 686 in
668 629 851 687 senectute
876 614 973 687 bona
996 614 1184 687 defunctus
1210 630 1287 703 est,
1315 632 1356 691 et

277 733 441 808 Pratellis
467 732 504 804 in
521 729 666 804 basilica
685 731 806 804 Sancti
828 731 925 804 Petri
950 731 1103 831 apostoli
1120 746 1205 807 arrte
1224 734 1352 807 cruci-

279 848 392 922 fixum
407 848 566 947 sepultus
582 863 648 921 est.

293 984 297 991 ·
326 966 411 1053 Hic,
429 964 512 1064 quia
529 961 738 1051 scribendo,
764 978 800 1036 et
821 987 877 1036 res
900 963 1133 1065 longinquas,
1159 979 1288 1064 utpote
1309 965 1349 1041 in

275 1081 361 1155 Eois
386 1080 588 1153 climatibus
615 1096 727 1168 actas,
751 1077 953 1178 indagando
975 1080 1103 1170 sessus,
1121 1080 1348 1181 requiescere

275 1197 426 1285 anhelo,
453 1213 593 1270 sextum
623 1197 679 1296 (1)
711 1196 968 1271 Ecclesiasticae
1005 1198 1174 1273 Historioe
1205 1196 1346 1273 librum

276 1315 381 1388 finire
406 1313 576 1388 decerno.
601 1315 644 1387 ln
668 1315 975 1412 septimoautem,
1001 1315 1030 1389 si
1052 1340 1172 1415 sospes
1191 1330 1229 1389 et
1250 1315 1346 1391 liber

274 1433 424 1520 vixero,
458 1432 652 1505 auxiliante
681 1431 770 1504 mihi
801 1431 986 1505 Salvatore
1014 1449 1166 1523 nostro,
1202 1434 1240 1506 in
1270 1460 1345 1535 quo

273 1549 428 1621 maxime
449 1572 573 1645 spero,
601 1546 646 1620 de
669 1545 818 1620 diversis
843 1547 1050 1637 eventibus,
1076 1550 1261 1648 prosperis
1286 1551 1343 1624 vel

272 1662 448 1752 adversis,
475 1665 537 1765 qui
562 1689 628 1762 per
654 1688 727 1737 xxx
750 1689 863 1737 annos
889 1665 1141 1763 contigerunt,
1167 1665 1343 1739 veraciter

271 1779 453 1868 tractabo,
473 1796 509 1853 et
529 1807 597 1878 pro
618 1806 718 1878 posse
740 1807 822 1854 meo
844 1782 984 1855 notitiae
1001 1797 1229 1881 posterorum
1246 1784 1338 1854 sim-

270 1898 413 1995 pliciter
430 1896 620 1970 intimabo.
639 1897 710 1970 Mei
727 1899 902 1971 nimirum
921 1900 1054 1973 similes
1069 1917 1217 1973 autumo
1232 1926 1339 2001 quos-

269 2014 352 2088 dam
377 2041 450 2088 esse
477 2015 636 2103 futuros,
663 2017 724 2116 qui
752 2017 992 2115 generationis
1016 2017 1121 2118 hujus
1145 2016 1291 2093 oniines
1316 2044 1337 2091 a

269 2132 554 2232 chronographis
570 2132 672 2205 avide
694 2132 1031 2231 perscrutabuntur,
1050 2150 1087 2207 et
1102 2150 1200 2208 actus
1215 2150 1338 2209 truns-

268 2249 411 2337 itorios,
431 2264 472 2321 ut
490 2248 730 2322 coessentibus
746 2248 814 2321 sibi
831 2247 875 2321 ad
892 2248 1167 2324 aedificationem
1187 2275 1250 2324 seu
1269 2249 1339 2325 de·

266 2364 494 2435 tertationem
507 2381 668 2437 retexere
682 2366 819 2460 possint
833 2365 985 2439 labentis
998 2368 1119 2441 saeculi
1131 2394 1231 2443 casus
1242 2394 1337 2467 prae·

266 2495 403 2552 teritos.

298 2752 338 2816 (1)
352 2747 453 2803 C’ctait
465 2767 500 2802 en
514 2747 578 2803 cibet
590 2747 615 2803 le
628 2750 741 2804 sirieme
755 2749 823 2804 livre
835 2748 904 2804 dans
916 2748 942 2805 ie
951 2750 1015 2824 plan
1025 2750 1148 2824 primitis
1153 2751 1190 2806 de
1199 2750 1328 2821 l’auteur,

261 2848 290 2893 et
304 2836 322 2891 il
333 2837 436 2910 portait
445 2836 471 2891 ie
481 2838 571 2893 meme
583 2838 680 2893 chiffre
690 2858 725 2893 au
735 2850 973 2895 commencement
983 2842 1067 2913 (ainsi
1079 2859 1134 2916 que
1143 2859 1215 2896 nous
1226 2840 1330 2899 l'arons

261 2929 420 3000 remarque)
434 2937 515 2982 avant
525 2946 581 3002 que
591 2927 631 2984 les
645 2929 713 2984 trois
724 2929 858 3002 premiere
866 2941 977 2987 eussent
988 2933 1033 2987 etc
1043 2930 1152 3004 ajoutes
1161 2934 1243 3006 apres
1255 2952 1329 3007 coup

260 3032 294 3069 au
309 3032 390 3087 corps
404 3012 439 3070 dc
452 3014 599 3090 l’ouvrage.

637 3574 709 3613 riuis
731 3575 801 3612 ‘rom
823 3574 927 3617 ΤΕΜῚΙ.
