2888 4934
186 434 295 509 [1090]
559 432 676 492 rrnnn
698 430 883 491 oc'rrvns.
1195 431 1255 496 343

186 561 352 636 salubria
377 578 519 634 suntet
542 588 804 665 permansura,
829 561 1002 635 oblivioni
1018 561 1188 634 traditis?
1213 563 1257 634 Si

187 681 352 752 miserias
376 696 412 751 et
436 696 633 768 tormenta,
656 707 740 780 qnae
762 679 858 752 male
881 678 1033 753 vivendo
1050 682 1253 767 meremini,

186 799 346 886 sciretis,
363 814 398 869 et
410 797 594 870 horrenda
608 825 689 898 qnae
703 797 812 870 modo
826 796 925 887 vidi,
940 823 1015 869 nna
1027 797 1156 871 saltem
1168 796 1256 869 tom

185 916 378 1004 sentiretis,
389 916 515 988 omnia
525 915 685 1016 profecto
694 915 848 988 labentis
855 915 985 988 soecnli
995 915 1258 988 delectamenta

184 1060 256 1133 pro
285 1033 402 1105 nitito
432 1035 674 1106 (estimaretis.
707 1035 793 1107 Haec
821 1033 944 1106 dicens
976 1049 1013 1107 et
1044 1030 1098 1104 his
1127 1029 1256 1105 addere

186 1149 291 1248 plura
318 1149 462 1242 volens,
489 1149 691 1238 obmutuit;
719 1167 756 1223 et
777 1151 932 1223 famosus
951 1150 1053 1247 optio
1074 1150 1142 1237 sic,
1161 1150 1257 1221 inter

186 1265 296 1339 verba
316 1265 501 1355 deficiens,
518 1266 703 1341 hominem
720 1267 833 1340 exuit.

236 1384 299 1454 His
327 1384 374 1454 ita
401 1384 524 1482 gestis,
551 1383 625 1457 dux
648 1384 835 1457 Brioniam
851 1384 1008 1484 Rogerio
1026 1381 1201 1471 reddidit,
1221 1400 1258 1455 et

187 1498 376 1573 Rodberto
389 1501 563 1600 municipi
578 1503 817 1600 compatiens,
836 1501 995 1600 patrium
1008 1499 1153 1574 seudum
1167 1526 1257 1600 pro-

186 1617 360 1713 misittr).
376 1616 511 1691 Amicis
523 1618 621 1692 enim
633 1635 670 1693 et
680 1617 892 1716 parentibus
903 1617 1097 1694 admodum
1109 1619 1259 1718 stipatus

222 1894 262 1963 (1)
273 1891 350 1947 Nous
360 1910 443 1947 avons
453 1912 489 1947 vu
501 1892 650 1959 cidessus,
665 1913 692 1966 p.
707 1890 774 1959 263,
790 1909 846 1967 que
859 1891 889 1962 le
898 1889 953 1946 duc
965 1890 1073 1946 Robert
1085 1892 1157 1946 avait
1169 1892 1259 1963 repris

186 1985 203 2036 t
216 1981 312 2056 Roget
325 1982 361 2039 de
373 1984 527 2039 Beaumont
539 1983 567 2040 le
581 1983 699 2039 chiteau
712 1981 813 2050 (Heri,
827 1982 969 2056 jusque-id
985 1981 1074 2037 confi&
1085 1984 1101 2036 t
1113 1999 1141 2036 ea
1156 1980 1256 2055 garde,

187 2088 260 2144 pour
278 2071 303 2126 ie
323 2071 433 2128 donner
451 2076 467 2127 t
487 2071 649 2128 Guillaume
667 2072 703 2127 de
719 2072 856 2140 Breteuil‚
871 2084 969 2147 etque
986 2072 1081 2145 Roger
1100 2072 1173 2127 avait
1192 2090 1259 2144 recu

187 2160 309 2216 Brionne
322 2181 357 2217 en
370 2161 640 2236 dedommagement
654 2163 729 2218 C'est
742 2172 839 2217 contre
851 2172 895 2217 cet
908 2162 1033 2235 e'change
1044 2180 1100 2236 que
1111 2161 1203 2216 venait
1217 2163 1259 2216 re-

187 2251 291 2307 clamet
301 2252 326 2307 le
335 2264 427 2308 comte
439 2253 474 2309 de
486 2252 613 2322 Meuian,
629 2251 670 2307 fils
682 2251 717 2308 de
731 2252 836 2327 Roger.
851 2252 875 2307 ΙΙ
888 2272 923 2309 ne
934 2253 994 2308 faut
1007 2271 1054 2326 pas
1067 2251 1221 2308 consondre
1232 2251 1258 2306 ia

187 2343 342 2415 possession
353 2343 392 2398 dn
401 2344 517 2399 chiteau
528 2343 611 2399 d'lvri
620 2363 684 2400 avec
691 2343 716 2398 la
724 2344 829 2418 charge
841 2343 1001 2400 subalterne
1010 2343 1046 2399 de
1056 2341 1153 2417 prevdt
1161 2341 1256 2409 d'Ivri‚

185 2433 345 2506 qn’Ascelin
356 2436 429 2491 Goel
441 2436 560 2509 exercait
572 2439 588 2491 t
600 2437 666 2491 titre
679 2433 863 2504 herodiane,
878 2446 960 2491 avant
970 2435 1006 2493 de
1019 2435 1102 2493 s'itoe
1113 2435 1164 2491 fait
1175 2433 1258 2491 ce’der

186 2520 212 2576 le
226 2520 344 2577 chiteau
353 2543 402 2597 par
410 2523 573 2580 Gnillaume
582 2524 616 2580 de
627 2523 765 2592 Bretenil,
783 2542 894 2579 comme
906 2541 977 2579 nous
988 2541 1091 2579 venons
1103 2522 1175 2578 dele
1188 2523 1256 2576 voir.

220 2611 337 2668 Suivant
362 2614 387 2667 le
411 2616 609 2670 continuateur
632 2615 668 2669 de
693 2613 855 2670 Guillanme
879 2614 914 2669 de
934 2616 1093 2688 iumie'ges‚
1120 2632 1152 2668 ce
1176 2613 1259 2667 serait

185 2697 281 2771 Roger
299 2700 336 2756 de
355 2702 505 2768 Biennio,
525 2714 554 2758 et
574 2720 630 2757 non
649 2701 757 2758 Robert
773 2701 810 2757 de
828 2702 947 2771 Menios,
965 2703 1015 2776 qui
1032 2701 1123 2757 aurait
1139 2699 1259 2755 reclamo

185 2788 322 2858 Brionne;
337 2792 406 2847 mais
420 2792 514 2866 Roger
531 2793 567 2848 de
583 2793 719 2848 Biensaite
735 2803 764 2848 et
782 2809 832 2848 son
846 2794 912 2865 pere
926 2794 1035 2849 avaient
1047 2792 1109 2865 dejt
1123 2793 1169 2847 ete
1183 2789 1258 2845 suffi-

184 2889 322 2933 eamment
331 2879 528 2954 dedommages
538 2880 573 2937 de
583 2881 609 2935 la
619 2881 775 2936 succession
786 2879 827 2935 du
835 2891 927 2936 comte
935 2879 1079 2937 Gislebert
1090 2879 1126 2935 de
1136 2880 1259 2935 Brionne

185 2983 235 3036 par
247 2963 287 3020 les
302 2976 390 3021 terres
403 2967 441 3021 du
458 2970 590 3024 Hommet
600 2987 635 3023 en
649 2968 823 3024 Normandie
835 2966 910 3023 etde
924 2967 1091 3042 Tunbridge
1104 2987 1140 3024 en
1153 2967 1259 3042 Angle-

183 3064 273 3124 terre,
295 3056 387 3111 tendis
407 3076 462 3131 qne
482 3059 627 3114 Bandouin
648 3059 683 3114 de
700 3059 805 3114 Meules
821 3069 850 3114 et
868 3076 910 3114 ses
924 3058 1108 3114 descendants
1121 3059 1258 3114 n'avaient

182 3162 286 3200 enoore
302 3164 370 3220 recu
383 3165 474 3203 aucun
489 3149 648 3223 equivalent
666 3167 740 3224 pour
755 3149 816 3204 leur
833 3159 898 3222 part
913 3147 983 3204 dans
999 3159 1073 3205 cette
1091 3149 1258 3204 sucoeeeion.

184 3236 222 3290 1ae
238 3235 294 3291 duc
307 3236 415 3293 Robert
430 3258 466 3293 ne
482 3242 596 3314 pouvait
611 3240 716 3297 confier
732 3242 855 3297 Brionne
872 3245 941 3297 tun
954 3241 1093 3298 chitelain
1107 3240 1170 3315 plus
1185 3241 1259 3296 inte-

184 3326 289 3379 resset
306 3324 333 3380 lc
346 3324 481 3383 desendre
497 3340 594 3385 contre
612 3331 652 3385 les
669 3332 813 3405 seignenrs
829 3329 864 3386 de
882 3329 1188 3404 Benumont·le·Roger
1205 3346 1260 3403 qne

183 3410 293 3468 Robert
303 3413 339 3468 de
351 3415 471 3484 Meules‚
488 3419 617 3489 petit-[ils
631 3420 669 3474 du
683 3421 869 3494 proprietaire
880 3419 1014 3493 primitis,
1029 3419 1054 3474 le
1065 3428 1156 3474 comte
1167 3417 1260 3473 Gisle·

184 3501 258 3558 bert.
272 3503 384 3573 Emma,
397 3508 473 3561 mere
484 3506 519 3562 de
531 3507 640 3564 Robert
650 3508 686 3565 de
699 3510 818 3577 nentes,
832 3511 901 3564 etnit
914 3509 969 3564 fille
980 3509 1065 3564 d’nne
1078 3517 1155 3563 tante
1166 3505 1205 3561 dn
1217 3509 1260 3563 roi

181 3590 360 3660 (inillam,
384 3597 526 3668 peut-etro
546 3596 681 3665 Adelide‚
707 3599 808 3655 femme
828 3600 863 3654 de
884 3598 1003 3654 Renaud
1024 3598 1059 3653 de
1080 3598 1258 3672 Bourgogne.

182 3679 267 3737 Alorn
283 3682 392 3740 Robert
407 3688 499 3742 aurait
513 3705 549 3741 eu
566 3706 667 3744 encore
682 3691 698 3743 ὲ
716 3689 785 3745 seire
802 3689 890 3743 valnir
906 3707 955 3743 sur
971 3688 1093 3744 Brionne
1109 3706 1167 3743 nne
1181 3698 1260 3743 autre

182 3773 360 3844 protention,
376 3793 485 3832 comme
500 3796 589 3832 neven
600 3778 636 3833 de
650 3779 708 3835 Gui
723 3778 759 3833 de
771 3780 949 3851 Bourgognc.

217 3861 243 3916 A
257 3861 404 3919 l’occasion
421 3865 460 3920 do
474 3867 592 3923 chdtean
605 3867 641 3924 de
655 3868 836 3943 Tunbridge,
851 3868 945 3924 donne
957 3872 972 3924 t
985 3866 1113 3923 Richard
1125 3866 1161 3922 de
1175 3867 1259 3920 Bien-

183 3949 250 4007 iaite
265 3934 300 4008 in
318 3954 442 4029 echange
461 3958 496 4013 de
514 3959 651 4028 Brionne,
667 3960 693 4015 le
710 3960 909 4014 continuatenr
926 3959 961 4014 dc
978 3957 1141 4014 Gnillanme
1157 3957 1192 4011 de
1207 3959 1259 4012 Jn-

183 4042 289 4116 mitiges
303 4057 434 4118 rapporte
448 4048 628 4104 l'historiette
642 4050 767 4104 suivante
781 4075 785 4102 :

220 4132 294 4188 Sunt
302 4139 481 4208 antiquorum
488 4139 610 4209 plurimi,
621 4142 672 4213 qni
679 4138 777 4194 dicunt
786 4139 863 4213 qriod
871 4139 1038 4207 Richardus,
1049 4149 1132 4211 pater
1140 4137 1247 4210 Rogcii
1253 4179 1257 4200 ‚

183 4243 235 4294 pm
250 4230 411 4298 repetitione
427 4228 552 4298 eiusdem
567 4234 655 4284 castri
668 4230 775 4285 dudum
793 4235 821 4284 in
841 4230 949 4302 Anglin
964 4239 1110 4302 occeperat
1126 4224 1260 4300 oppidum
