2888 4934
187 413 245 473 132
459 405 642 469 HISTORIA
665 403 968 466 ECCLFSIASTICA.
1041 406 1264 487 [1115-1116]

184 543 282 616 beati
293 541 397 613 Petri
409 539 619 627 basilicam,
635 564 719 640 qua
736 539 793 614 W
786 544 1096 612 estmonasterium
1107 541 1251 637 anglice

184 673 426 759 nuncupatur,
444 655 658 746 devenisset,
677 654 793 728 abbas
807 655 970 756 ejusdem
983 656 1056 729 loci
1071 654 1246 744 Gisleber

183 794 238 852 tus
251 778 266 874 (
273 777 320 875 t),
339 779 397 849 air
409 775 532 847 litteris
549 773 757 846 liberalibus
770 787 804 845 et
817 773 948 846 diuisus
965 773 1241 865 eruditissimus,

184 921 266 967 curn
287 895 386 965 omni
402 915 513 990 grege
528 889 781 963 monachorum
804 905 838 961 et
862 907 1045 991 apparatu
1066 891 1242 983 ecclesia,

182 1011 322 1085 obuiam
350 1008 405 1080 illi
427 1007 693 1108 processionem
719 1022 823 1079 cetra
848 1015 1105 1089 monasterium
1125 1007 1242 1081 duait.

183 1125 338 1200 Dicebat
353 1125 449 1197 enim
465 1151 474 1194 :
491 1122 529 1195 Si
545 1122 700 1196 hominis
716 1120 862 1222 alicujus
879 1124 1012 1197 mortui
1029 1122 1197 1223 reliquie·
1212 1125 1245 1197 iu

182 1240 337 1314 Ecclesia
356 1240 478 1314 festive
494 1238 605 1337 recipi
623 1237 775 1329 debent,
793 1239 909 1313 multo
926 1239 1037 1339 magis
1053 1240 1152 1313 vivas
1168 1239 1247 1315 mli·

181 1362 293 1461 quias,
308 1357 403 1432 hunc
412 1355 783 1445 videlicethominem,
793 1355 992 1430 honorifice
1003 1357 1243 1456 suscipiamus.

180 1477 232 1549 De
254 1491 401 1550 mortuo
422 1497 597 1573 namque,
619 1472 681 1546 ubi
702 1474 748 1545 sit
769 1473 914 1571 spiritus
935 1475 1029 1572 ejus,
1050 1499 1117 1546 nos
1132 1472 1246 1547 adhuc

183 1595 220 1666 in
236 1591 355 1691 fragili
378 1591 449 1662 vita
472 1591 577 1689 positi
594 1588 817 1680 dubitamus3
836 1590 881 1664 dc
897 1591 964 1665 isto
983 1616 1090 1683 vero,
1110 1589 1245 1693 quoda

181 1711 274 1799 Deo,
295 1709 355 1809 qui
373 1707 463 1781 nihil
482 1710 610 1809 injuste
628 1707 732 1800 iacit,
756 1710 792 1782 in
815 1724 936 1783 nostra
952 1708 1143 1807 praesentia
1160 1709 1247 1783 viai·

182 1843 274 1900 tatus
290 1854 329 1898 ac
348 1825 518 1900 liberatus
534 1828 597 1916 sit,
618 1852 693 1902 non
711 1827 928 1927 ignoramus.

234 1948 397 2047 Cumque
420 1946 500 2019 Deo
519 1973 588 2048 pru
607 1972 809 2047 possesne
829 1949 947 2047 juata
973 1949 1248 2021 aestimationem

180 2092 285 2138 suunt
298 2066 568 2138 venerationem
581 2064 741 2136 debitam
748 2091 818 2167 pru
831 2065 929 2137 illius
946 2064 1155 2138 liberatione
1171 2064 1248 2139 red·

180 2181 376 2268 didissent,
395 2184 525 2280 regina
542 2181 645 2253 illum
661 2180 715 2253 ad
731 2180 919 2254 ecclesiam
933 2190 1072 2255 saneta
1087 2182 1248 2283 uirginis

180 2296 399 2396 Egeldridae
407 2297 444 2369 in
453 2297 596 2370 Ellensi
604 2298 729 2370 insula
739 2324 820 2369 cunr
827 2297 962 2395 grandi
970 2298 1147 2371 bonorem
1153 2322 1249 2400 gau·

182 2406 244 2484 dio
253 2415 400 2484 remisit.
416 2414 501 2512 Ego
510 2430 644 2504 autem,
659 2430 693 2485 et
705 2417 821 2486 omnis
830 2404 1088 2487 monachorum
1100 2440 1249 2487 conoen·

182 2547 253 2618 tus,
269 2555 351 2602 cum
364 2534 473 2602 cereis
488 2547 522 2601 et
535 2529 702 2604 crucibus
712 2529 1186 2629 processionaliterobmam
1198 2534 1247 2619 ei,

182 2646 233 2720 Tc
249 2648 364 2719 Deum
382 2643 563 2719 laudamus
580 2663 787 2733 cantantes,
806 2648 994 2720 exivimus.
1018 2648 1185 2748 Cumque
1200 2647 1251 2720 il-

184 2760 408 2863 lunrjestiec,
425 2783 463 2837 ut
474 2764 641 2854 decebat,
656 2768 694 2836 in
708 2763 900 2837 ecclesiam
915 2765 1250 2852 introducentem

183 2881 314 2957 diuinis
353 2882 527 2956 laudibus
560 2881 772 2971 celebratis,
813 2881 1048 2954 monacbilem
1087 2881 1253 2955 lubitum

182 2999 303 3096 (quem
319 3000 386 3071 dist
401 3000 683 3095 desideraverat)
699 3004 738 3072 in
754 2998 887 3073 bonore
899 3000 1121 3072 sanctissimi
1135 3001 1251 3072 Bene·

182 3105 275 3179 dicti
290 3106 489 3180 liberatoris
504 3111 564 3180 sui
578 3111 614 3180 ci
629 3109 864 3182 tradidimus.
886 3111 1002 3183 Boias
1014 3124 1156 3200 auum,
1173 3110 1252 3210 qui·

183 3222 249 3293 bns
264 3223 490 3324 compeditus
498 3224 646 3318 suerat,
664 3225 708 3296 ob
722 3225 891 3299 bonorem
905 3229 1024 3298 sancti
1034 3222 1248 3315 Benedicti,

182 3345 245 3439 qui
272 3367 334 3413 eas
362 3336 608 3439 confregerat,
636 3369 775 3414 necnon
804 3344 1073 3415 uerterationem
1094 3343 1250 3442 uirginis

218 3656 257 3727 (r)
280 3655 421 3711 (lislebert
440 3656 571 3729 Crespiu,
593 3655 662 3709 abbi·
681 3655 716 3708 de
738 3656 948 3721 Westminster,
972 3655 1013 3710 sus
1031 3656 1066 3711 dc
1086 3654 1251 3712 Guillaame

183 3744 313 3816 Crespin‚
331 3762 504 3816 gouverncur
516 3744 551 3799 de
565 3744 692 3811 Neaulle,
707 3756 735 3799 et
748 3744 806 3798 l'ua
818 3744 867 3799 des
879 3746 940 3818 plus
955 3745 1055 3819 grands
1068 3745 1251 3801 bientaiteun

183 3830 218 3885 ‹le
229 3829 351 3903 l'abbaye
363 3831 401 3886 dn
419 3831 486 3896 Boc,
500 3837 515 3887 a
529 3831 646 3907 laquelle
658 3832 678 3885 il
691 3832 783 3887 donna
796 3833 820 3887 la
836 3845 907 3888 terre
919 3833 957 3888 dn
972 3832 1176 3889 Teii-Nollent.

217 3918 358 3974 Gislebert
371 3924 487 3994 Crespiu
504 3922 547 3977 sut
566 3923 623 3977 l’un
641 3924 689 3977 des
705 3934 818 3979 auteurs
832 3923 870 3979 les
886 3925 947 3997 plus
964 3935 1070 3980 savants
1086 3924 1253 3998 etjtesvptus

183 4007 294 4061 licensis
314 4006 347 4061 de
369 4025 417 4062 sou
436 4012 552 4084 epoque.
574 4011 597 4064 ll
615 4013 717 4083 paruit,
738 4023 833 4067 contre
850 4012 982 4087 l'opinion
999 4031 1162 4079 commuue,
1183 4012 1253 4087 qu’il

183 4098 290 4152 existuit
307 4115 407 4152 encore
424 4116 457 4152 cn
475 4098 550 4155 1123.
567 4102 673 4173 Voyez,
691 4120 738 4157 sur
752 4122 779 4158 sn
793 4105 834 4160 vie
847 4114 875 4158 et
888 4122 928 4159 ses
944 4102 1254 4178 ous'1·ages‚fl'Histoire

183 4188 314 4244 litte'raim
328 4189 362 4243 de
378 4188 497 4255 Franco,
514 4202 533 4244 t.
551 4191 590 4260 X,
609 4211 635 4263 p.
655 4210 777 4266 rga-201.
