2888 4934
182 375 224 431 so
458 367 640 428 aurona
662 366 965 428 ucctmrssnca.
1157 368 1222 447 [nt

182 503 284 575 miles
306 501 475 573 emeritus
500 526 595 573 cxxx
619 515 710 572 esset
734 525 935 587 annorum,
963 515 1042 573 toto
1066 498 1221 575 desideri

182 619 331 707 mentis,
356 619 413 692 cui
435 617 563 692 devote
580 618 770 704 servierat,
790 618 916 690 faciem
937 617 1132 717 adoptabat
1154 642 1222 691 con

184 737 370 835 templari3
393 762 537 809 servum
559 733 736 809 videlieet.
744 760 897 835 arguens
923 733 1162 824 infidelitatis,
1184 760 1222 837 qr

183 858 410 958 praesentiam
435 858 521 930 velit
542 858 705 956 refugere
726 857 886 929 Domini.
910 856 978 949 Qui
1002 856 1222 931 febricitatus

186 978 326 1051 nullum
341 974 436 1047 risus
451 992 505 1047 est
519 1000 586 1073 per
601 999 699 1047 xcvn
715 972 790 1047 dies
804 974 991 1073 sumpsisse
1012 973 1159 1065 cibum,
1181 974 1220 1047 ni

184 1093 399 1194 aliquotiens
420 1089 558 1164 domini
585 1093 668 1164 Jesu
691 1095 855 1191 corporis
878 1109 1166 1181 sacramentum
1190 1092 1221 1165 in

185 1226 361 1285 cessanter
380 1207 551 1282 iratribus
569 1234 739 1309 erogans,
762 1235 860 1311 quan
882 1208 973 1282 nihil
998 1208 1221 1310 inaequalitnt

186 1343 382 1426 pateretur,
402 1324 513 1399 divini
532 1324 634 1398 verbi
652 1326 873 1423 mysterium.
890 1326 939 1398 Et
956 1325 1043 1398 dum
1060 1351 1106 1399 ex
1124 1326 1221 1399 vicio

187 1447 274 1519 locis
294 1445 452 1544 religiosi
474 1443 543 1515 viri
564 1441 682 1515 studio
697 1443 831 1515 visendi
851 1442 896 1515 ad
915 1468 997 1516 cum
1016 1442 1221 1516 devenirent

189 1564 491 1659 lacrymantesque
502 1577 739 1658 precarentur
749 1577 807 1650 ut,
821 1560 954 1661 aliquid
965 1586 1010 1633 ex
1027 1561 1148 1634 oblata
1165 1586 1221 1635 ear

189 1696 260 1751 tate
271 1677 460 1776 accipiens,
474 1678 726 1775 corpusculum
739 1677 950 1778 dignaretur·
962 1703 1145 1768 recreare,
1162 1676 1221 1753 «lic

188 1796 251 1868 hat
279 1826 288 1866 ε
315 1794 446 1883 Silete,
473 1795 592 1885 silete,
609 1793 753 1894 fratres
760 1826 773 1881 ,·
798 1796 910 1868 nolite
943 1798 1140 1870 suadentes
1164 1798 1221 1869 mi

175 1913 377 2012 justitiium
400 1917 577 2010 ingerere,
603 1914 707 2011 quod
726 1913 810 1986 nolo
827 1917 989 2015 penitus.
1011 1912 1139 2014 Neque
1158 1912 1219 1987 eni

190 2031 342 2103 terrenis
354 2029 469 2127 epulis
484 2028 684 2129 indigebat,
703 2055 811 2129 quem
827 2030 980 2128 Spiritus
994 2032 1146 2104 Sanctus
1161 2030 1220 2103 int

188 2147 315 2221 alebat
332 2145 544 2219 Pascebatur
561 2149 693 2248 quippe
713 2174 775 2247 spe
794 2165 940 2220 aeteruae
957 2151 1159 2239 suavitatis,
1178 2174 1220 2223 oe

192 2281 247 2336 tus
257 2262 384 2336 donari
396 2288 466 2361 pro
480 2261 593 2336 labori
605 2265 823 2339 commercio
835 2264 949 2337 beatae
959 2266 1220 2339 immortalitati

191 2383 353 2481 Denique
370 2382 523 2454 instante
536 2379 611 2468 die,
631 2408 701 2480 qua
717 2384 748 2454 ei
769 2384 933 2455 voluntas
947 2400 1024 2456 crat
1036 2382 1207 2473 dissolri,

191 2516 314 2598 optato
345 2499 479 2597 perfrui
509 2498 611 2570 vultu
643 2499 841 2588 Creatoris,
874 2502 1087 2574 convocarit
1114 2505 1220 2577 frutra

191 2618 287 2711 Quos
303 2618 377 2716 ejus
390 2615 544 2690 discessu
560 2634 774 2704 moerentes,
792 2636 829 2691 et
843 2617 931 2720 quid
946 2636 1096 2719 agerent
1110 2638 1220 2697 mort

191 2751 333 2832 pastore
349 2733 630 2832 proclamantes,
644 2735 695 2806 sic
707 2734 882 2806 allocutus
896 2751 949 2806 est
965 2766 974 2805 :
991 2736 1142 2828 Filioli,
1162 2766 1220 2811 un

192 2854 337 2924 nimiter
359 2854 565 2951 persistite,
600 2856 761 2925 conneei
787 2852 936 2925 uinculo
960 2853 1179 2927 citan'tutis!
1205 2858 1220 2930 l

191 2969 297 3041 uobis
319 2973 357 3039 in
381 2973 527 3040 invicem
552 2969 701 3042 dilectio
726 2971 948 3071 spiritualis!
971 2970 1059 3043 Νοη
1084 2997 1149 3045 uos
1172 2998 1219 3047 su

193 3085 305 3183 ripiat
319 3082 599 3180 subdolufmus
616 3086 860 3175 insidiatoris,
877 3104 913 3158 et
929 3087 1028 3185 quod
1037 3092 1218 3189 promisit

196 3201 287 3289 Dee,
303 3199 452 3296 implere
461 3200 611 3273 studete.
632 3203 866 3276 Sobrietatent
881 3204 1038 3305 diligite,
1053 3208 1219 3281 castitate

194 3315 387 3405 custodite,
413 3316 651 3390 humilitatem
675 3335 807 3410 tenete,
832 3319 1040 3421 superbiam
1064 3324 1207 3413 vitate,

194 3435 289 3507 alius
311 3435 427 3506 ulium
450 3437 488 3506 in
511 3435 603 3508 borio
625 3462 733 3537 opere
738 3435 894 3534 jestinet
913 3441 1065 3536 proeitre!
1085 3439 1219 3545 Hospti

194 3570 227 3624 et
243 3557 451 3652 peregrinos
473 3552 628 3651 benigno
646 3557 768 3625 aninlo
784 3558 975 3655 suscipite,
991 3573 1144 3655 propter
1157 3558 1219 3631 itta

193 3677 257 3767 qui
280 3670 377 3740 ‹lia-it
400 3698 409 3739 .·
434 3669 578 3768 Hospes
589 3669 678 3768 firi,
704 3688 738 3741 et
763 3674 974 3772 suscepistis
998 3699 1055 3743 me
1080 3674 1151 3770 (ι).
1176 3674 1219 3747 lla

192 3800 229 3856 et
253 3782 319 3854 alia
343 3782 544 3883 hujusmodi
575 3787 735 3885 glorioso
759 3787 913 3860 Ebrulso
934 3806 1151 3885 perorante,
1181 3789 1218 3863 dr

192 3901 300 3970 etiam
326 3925 411 3996 paee
437 3902 629 3993 fratribus,
650 3906 865 3977 sanctissima
887 3907 962 4003 ejus
985 3906 1105 3978 anima
1122 3930 1218 4007 egre

546 4069 677 4078 ——-..-.
682 4071 884 4078 ——-—

227 4146 266 4212 (r)
279 4141 380 4197 llattlt.
395 4158 459 4205 xxv,
474 4139 517 4205 45.
