2888 4934
182 404 246 478 ωδ
461 401 646 474 Hlstottt
666 399 974 474 tectustsstl'ct.
1004 417 1157 492 [κώπη.
1172 404 1264 492 test]

185 547 343 621 Domine
368 543 472 636 dux,
499 539 611 618 aedis
640 544 733 645 quid
757 546 837 617 istoe
860 542 1017 617 dieunt?
1034 542 1266 643 intelligisne

183 682 253 738 eur
279 665 352 736 isto
365 661 552 760 faciunt?
561 659 796 761 feminarum
818 660 1100 761 gratulabundo
1125 661 1265 735 cobor-

184 784 277 856 totio
289 786 452 854 uirorum
462 795 516 853 est
515 777 769 879 formidolosa
782 777 951 878 defectio
965 779 1029 852 En
1036 805 1124 880 proe
1138 779 1264 852 labore

184 914 219 970 et
231 912 328 970 metu
339 898 413 968 oiri
428 896 638 986 labascunt,
656 910 691 968 et
693 893 854 995 feminee
870 902 1081 993 insurgunt,
1098 911 1135 967 et
1152 901 1265 996 quasi

185 1014 242 1089 ad
252 1013 486 1117 opprobrium
498 1030 534 1086 et
545 1014 706 1087 dedecus
719 1012 934 1086 bellatorum
947 1030 1079 1086 oontno
1091 1041 1163 1086 nos
1174 1041 1263 1113 gor-

185 1135 300 1220 ritem,
316 1146 351 1203 et
363 1125 582 1228 nosfrivolis
596 1129 877 1226 allegationibus
891 1147 1019 1201 terrere
1030 1155 1081 1203 ae
1090 1128 1261 1230 decipere

186 1272 259 1321 non
273 1248 421 1349 impune
431 1265 537 1318 ousoe
548 1260 645 1318 sunt.
661 1244 741 1319 Nos
755 1261 913 1318 econtra
925 1243 1038 1334 virili,
1056 1247 1167 1317 immo
1183 1270 1261 1316 ooe·

187 1363 270 1436 lesti
285 1379 433 1435 utamur
447 1361 609 1436 consilio.
631 1369 676 1434 In
695 1365 842 1435 nomine
862 1362 1016 1434 Domini
1036 1369 1154 1435 nostri
1171 1362 1259 1434 lesu

186 1479 340 1572 Christi,
358 1484 423 1580 qui
443 1476 666 1578 sextaferia
684 1478 744 1552 tic
761 1505 897 1580 possus
917 1495 985 1569 est,
1006 1505 1114 1551 arma
1134 1505 1261 1552 sumn-

184 1616 287 1686 tnus,
312 1615 347 1670 et
369 1600 563 1697 insigniter
582 1590 706 1669 urbem
727 1595 1001 1697 aggredientes,
1025 1597 1183 1670 Domini
1201 1622 1260 1668 se-

181 1715 352 1817 pulerum
378 1715 489 1787 bodie
513 1714 705 1787 adeamus.
723 1715 822 1787 Hora
839 1740 929 1815 ergo
947 1714 1049 1787 tertia
1059 1769 1071 1805 ,
1088 1741 1165 1814 qua
1183 1715 1261 1786 Do·

185 1832 328 1905 minum
341 1847 424 1904 ante
440 1832 596 1903 Pilatum
609 1830 727 1904 Judaei
742 1831 1025 1919 damnaverunt,
1040 1829 1255 1918 Christiani,

185 1966 363 2020 memores
380 1945 474 2018 illius
489 1945 679 2044 passionis,
695 1961 868 2047 tanquam
891 1961 1054 2020 tenentes
1079 1947 1178 2019 vires
1198 1971 1260 2019 re·

185 2080 435 2163 sumpserunt,
456 2078 493 2137 et
508 2062 662 2164 quadam
679 2087 771 2136 nova
786 2063 839 2135 eis
857 2063 1140 2164 superveniente
1154 2064 1261 2136 auda·

186 2168 260 2269 eia,
285 2182 385 2282 quasi
419 2179 512 2254 nihil
544 2197 646 2254 autea
678 2179 916 2269 laborassent,
941 2179 1101 2279 praeliari
1134 2205 1262 2279 eoepe-

185 2313 285 2369 runt.
305 2298 385 2369 Dux
404 2298 501 2368 enim
523 2296 762 2385 Gadeiredus,
780 2314 818 2369 et
833 2295 1041 2370 Eustachius
1055 2299 1172 2370 frater
1188 2299 1263 2396 ejus

185 2411 331 2485 sortiter
346 2410 619 2510 preliabantur,
639 2428 675 2482 et
689 2412 770 2487 illos
785 2414 916 2513 seliqui
931 2412 1260 2514 subsequebantur.

185 2528 290 2600 Tunc
311 2525 478 2599 letaldus
494 2542 533 2598 et
551 2526 785 2601 Raimboldus
803 2529 942 2602 Croton
960 2533 1032 2624 (ι),
1052 2528 1158 2626 probi
1183 2532 1262 2601 mi-

538 2730 710 2738 ——u-m

219 2846 258 2916 (ι)
273 2844 321 2900 On
335 2846 407 2899 n’est
420 2844 574 2900 nullemeut
587 2844 715 2900 d'aceord
729 2863 778 2900 sur
789 2844 816 2899 le
830 2864 897 2900 uom
912 2846 940 2900 ni
956 2847 1047 2902 meme
1060 2865 1111 2902 sur
1126 2847 1150 2900 la
1170 2851 1260 2920 patrie

184 2933 233 2988 des
252 2934 392 3007 guerriers
410 2935 459 3008 qui
478 2933 666 2990 escaladerent
685 2933 723 2988 les
741 2936 876 3007 premiere
891 2934 930 2990 les
947 2953 1024 2989 murs
1039 2934 1075 2989 de
1090 2937 1257 2992 Jerusalem.

183 3022 326 3079 Plusieura
340 3023 492 3079 historiens
509 3034 559 3078 ont
576 3023 696 3079 cherche
712 3026 727 3078 ὲ
743 3024 878 3079 reclamer
893 3033 956 3079 taut
971 3043 1008 3079 ou
1023 3027 1116 3098 partie
1132 3025 1169 3080 de
1187 3039 1259 3081 cette

184 3110 274 3184 gleire
287 3130 359 3184 potu
370 3111 445 3167 leurs
455 3098 661 3186 compatriota}
675 3113 769 3181 Ainsi,
782 3113 890 3186 d¹tprea
902 3112 927 3167 la
941 3113 1105 3188 chronique
1117 3113 1154 3168 le
1166 3116 1258 3171 Saint-

185 3199 297 3267 Brieuc,
313 3200 339 3255 {e
351 3202 475 3274 premier
489 3201 525 3255 de
537 3211 601 3257 tous
612 3203 702 3257 aurait
716 3204 761 3258 e'te
775 3221 814 3257 ua
827 3201 947 3270 Breton,
962 3203 1032 3257 suivi
1044 3202 1081 3258 de
1096 3204 1169 3258 deux
1183 3206 1256 3261 Nor·

184 3288 292 3345 munds.
311 3289 424 3363 D’spres
441 3289 532 3344 Raoul
549 3290 584 3345 de
599 3291 688 3357 Caen,
708 3290 824 3362 e'aurait
839 3293 884 3344 ete
896 3309 936 3345 un
950 3292 1081 3363 seigneur
1094 3292 1254 3359 Normaud,

183 3374 310 3432 Bemtrd
328 3377 363 3432 de
381 3378 584 3447 saint-Valeri,
599 3389 699 3452 parent
718 3378 757 3432 du
773 3377 828 3433 duc
844 3377 961 3447 Robert‚
977 3389 1072 3452 etque
1087 3399 1159 3434 nous
1173 3400 1256 3435 avons

184 3466 247 3539 dejt
263 3487 298 3522 vu
317 3469 479 3525 mentionue
491 3469 564 3524 deux
582 3470 635 3523 sois
648 3469 717 3523 dans
730 3488 761 3522 ce
774 3468 854 3523 re'cit.
869 3469 893 3523 ΙΙ
912 3469 1002 3542 paruit
1019 3480 1150 3523 constant
1170 3474 1255 3524 nean-

185 3559 276 3611 moins
286 3578 341 3633 que
355 3558 394 3614 les
405 3559 478 3615 deux
491 3560 630 3633 guerriers
639 3559 688 3633 qui
701 3558 854 3613 arrivirent
867 3558 906 3612 les
918 3559 1053 3631 premiere
1063 3577 1112 3613 sur
1123 3559 1164 3614 les
1179 3579 1255 3614 murs

184 3643 255 3700 dela
268 3648 323 3703 cite
337 3649 424 3705 sainte
437 3649 541 3704 etaient
553 3647 626 3703 deux
636 3648 733 3714 freres,
743 3647 908 3721 origiuaiues
918 3647 954 3702 de
966 3649 1107 3716 Tournai,
1119 3660 1150 3704 et
1159 3669 1255 3723 appan

183 3741 326 3792 mutan
335 3754 418 3812 corps
429 3739 550 3795 d’urmee
559 3739 595 3794 de
602 3738 751 3795 Godeimi.
767 3740 835 3792 L'un
844 3739 986 3811 s’appelait
997 3739 1125 3807 testeae,
1137 3739 1256 3794 Letolde

185 3841 224 3880 ou
240 3823 375 3897 Ludolse,
393 3841 422 3884 et
439 3830 537 3884 i’eutre
555 3829 721 3902 Bugellert.
736 3829 860 3899 Quuutlt
879 3827 1028 3883 Raimbold
1044 3831 1166 3895 Cremu,
1186 3849 1254 3884 nous

184 3928 289 3969 mons
300 3912 336 3968 de
347 3918 406 3970 voir
418 3937 473 3991 que
485 3920 577 3974 e'etait
588 3921 604 3974 t
616 3919 725 3973 l'assaut
738 3917 776 3971 du
789 3916 888 3990 13juin
898 3918 966 3992 qu'il
976 3919 1061 3973 ultan
1070 3932 1219 3992 rapporter
1228 3939 1255 3974 sa

184 4002 318 4057 mutive
336 4000 496 4059 d’eseatade.
516 4006 567 4062 Les
581 4008 660 4061 titres
673 4006 708 4061 de
728 4005 850 4060 Bernard
865 4004 902 4060 de
917 4006 1122 4073 Satist-Valeri,
1144 4008 1216 4062 dans
1231 4009 1256 4061 la

183 4093 301 4160 jour-nee
311 4091 350 4145 du
367 4091 396 4145 15
406 4091 513 4163 juillet,
528 4114 598 4150 nous
613 4100 764 4169 paruissent
775 4097 838 4170 pius
853 4097 1060 4170 authentiques.
1076 4098 1161 4154 Voici
1179 4118 1255 4154 rom·

186 4190 264 4234 ment
272 4180 312 4236 les
321 4182 417 4238 choses
427 4199 456 4235 se
466 4185 619 4253 passerem,
631 4189 739 4243 suivant
752 4187 870 4242 l'auteur
884 4185 922 4241 du
934 4187 1010 4242 Belli
1022 4189 1106 4242 Sacri
1111 4188 1252 4255 Historia,
