2888 4934
191 426 251 487 45¹2
470 423 653 482 HISTORIA
675 420 985 484 ECCLESIASTICA.

187 558 361 659 prodigiis
387 558 542 655 gloriose
569 558 663 629 inter
681 558 878 656 terrigenas
901 556 1053 644 ellulsit,
1074 574 1112 629 et
1128 559 1262 657 Spiritu

187 676 319 748 Sancto
336 673 501 761 edoctus,
517 673 758 745 monachilem
772 674 934 775 regulam
950 671 1082 762 edidit,
1103 675 1263 773 primus-

187 817 257 894 que
271 792 382 864 Gallis
400 790 837 863 t1·adidit.'Florentissimi
853 790 897 863 de
910 791 1031 865 schola
1047 793 1076 891 ej
1083 820 1122 865 us
1141 819 1263 867 mona-

185 911 241 985 ehi
256 909 483 1009 prodierunt,
497 925 533 980 ct
545 910 580 982 in
591 908 740 996 mundo,
754 911 953 982 velutastra
965 911 1001 981 in
1013 910 1259 999 firmamento,

185 1026 378 1099 virtutibus
408 1027 625 1098 micuerunt.
662 1026 843 1098 Eustasius
880 1027 979 1098 enim
1010 1028 1260 1114 Luxoviensis‚

187 1143 313 1243 Agilns
331 1142 580 1231 llesbaccnsiS,
603 1145 694 1216 Faro
712 1143 921 1232 Meldensis,
947 1142 1180 1215 Andomarus
1197 1146 1261 1218 Bo·

186 1262 390 1350 noniensis,
406 1262 623 1359 Philipertus
637 1261 929 1334 Gemmeticensis
945 1263 998 1359 (s)
1008 1316 1018 1347 ,
1035 1263 1171 1361 aliique
1184 1262 1261 1360 plu·

186 1405 242 1452 res
271 1380 426 1477 episcopi
457 1396 493 1450 et
523 1378 668 1451 abbates
710 1379 1016 1451 excellentissimae
1058 1404 1261 1477 processere

184 1498 386 1597 religionis,
403 1523 561 1597 qnorum
574 1498 741 1568 sanctitas
754 1495 980 1568 evidentibus
990 1497 1178 1569 miraculis
1192 1523 1262 1569 cce·

184 1616 268 1687 litus
280 1631 419 1688 ostensa
432 1631 497 1704 est,
511 1613 869 1715 ipsorumquestudio
881 1615 916 1685 in
928 1613 1177 1686 liliisEcclesia
1188 1615 1264 1686 insi-

182 1735 304 1834 gniter
319 1749 515 1832 propagata
527 1748 592 1805 est.
607 1733 690 1830 lpsi,
706 1758 802 1820 reor,
816 1730 962 1802 beatum
976 1730 1163 1818 Maurum,
1177 1732 1264 1829 ejus·

182 1876 253 1952 que
266 1852 381 1924 socios
395 1868 431 1922 et
449 1850 654 1947 discipulos,
674 1864 870 1936 noverunt,
888 1862 1013 1944 utpote
1028 1848 1156 1934 vicini,
1173 1865 1210 1920 et
1221 1847 1264 1919 ab

184 1968 666 2069 ipsissieutabaliisscripta,
679 1966 874 2040 doctorum
887 1963 1136 2038 aedificationis
1148 1991 1261 2053 causa,

183 2090 296 2162 sancti
318 2114 486 2162 normam
510 2110 695 2184 suscepere
715 2083 897 2156 Benedicti
920 2084 974 2180 (a)
985 2113 995 2171 3
1016 2084 1063 2154 ita
1083 2099 1209 2156 tamen
1228 2099 1265 2154 ut

182 2233 258 2280 non
275 2206 516 2280 abhorrerent
540 2206 592 2276 sui
619 2220 747 2275 statuta
775 2203 958 2301 magistri,
982 2201 1066 2272 almi
1099 2200 1266 2274 uidelicet

182 2324 412 2397 Columbani.
432 2324 489 2395 Ab
501 2325 509 2395 i
514 2350 577 2421 pso
588 2321 763 2421 siquidem
776 2319 1068 2393 modumdivinae
1082 2319 1265 2392 servitutis

182 2460 217 2515 et
250 2442 417 2515 ordinem
448 2441 674 2527 didicerunt,
707 2456 742 2510 et
771 2439 926 2510 sormam
956 2438 1168 2510 orationum
1200 2464 1265 2536 pro

182 2560 320 2632 cunctis
341 2558 548 2647 ordinibus,
570 2560 632 2658 qui
654 2560 688 2629 in
708 2558 864 2630 Ecclesia
883 2558 948 2630 Dei
967 2573 1070 2643 sunt,
1099 2556 1264 2656 nigredi-

184 2704 267 2754 nem
307 2679 479 2765 vestium,
513 2679 671 2777 aliasque
708 2674 976 2747 observationes
1011 2690 1263 2770 sumpserunt,

183 2821 270 2893 quas
293 2820 362 2892 pro
386 2794 562 2892 religione
582 2810 618 2864 et
643 2791 827 2864 honestate
858 2792 966 2889 ipsius
996 2806 1214 2878 tenuerunt,
1233 2805 1266 2860 et

184 2936 349 3010 sequaces
363 2936 489 2983 eorum
509 2937 620 3011 nsque
640 2912 674 2982 in
695 2908 911 2982 hodiernum
937 2907 1033 2980 diem
1053 2923 1265 2980 reverenter

185 3027 378 3100 observare
396 3043 584 3126 appetunt.

222 3248 261 3317 (1)
276 3246 355 3302 Saint
370 3247 495 3313 tuscan,
512 3247 583 3300 abbe
597 3247 632 3301 de
646 3248 760 3301 Luxeuil
774 3246 894 3319 (bro-29
907 3264 979 3300 mars
991 3245 1071 3316 625).

221 3338 301 3393 Saiut
313 3336 407 3410 Agite,
422 3336 492 3391 ahbe'
505 3337 540 3390 de
553 3337 654 3391 Rrhais
668 3356 702 3391 en
717 3337 782 3391 Brie
799 3334 919 3407 (636-50
931 3336 998 3390 acdt
1011 3336 1093 3405 650).

219 3429 301 3485 Saint
315 3429 405 3483 Faron
416 3468 423 3491 ,
435 3429 539 3502 deeque
552 3428 586 3483 de
599 3430 696 3483 Meaux
711 3427 829 3499 (uto-28
842 3427 956 3482 octobre
970 3427 1023 3502 672
1032 3429 1052 3497 l.

220 3519 300 3574 Saint
315 3519 413 3584 Omer,
428 3520 532 3593 eveque
543 3519 577 3573 dc
588 3521 771 3585 Te‘rouanne‚
784 3518 933 3574 fondateur
946 3519 981 3573 de
993 3518 1119 3589 l'abbaye
1131 3517 1166 3570 de
1179 3517 1263 3571 Saint-

186 3608 294 3676 Bertin,
308 3611 323 3663 a
335 3608 527 3676 saint-Omen
543 3629 605 3663 vers
618 3609 685 3675 660,
703 3620 777 3663 mort
793 3608 819 3663 le
833 3628 851 3682 9
864 3609 1023 3681 septembre
1035 3607 1100 3683 667.
1118 3609 1206 3663 Notre
1217 3625 1262 3660 art-

184 3705 248 3750 tenr
264 3696 305 3750 lui
322 3696 416 3752 donne
429 3698 465 3751 ici
484 3697 509 3750 la
528 3698 718 3771 qualification
733 3698 865 3771 d’eveque
881 3698 916 3752 de
933 3697 1091 3768 boulogne,
1113 3712 1261 3769 parceque

184 3796 257 3840 cette
269 3786 332 3841 ville
344 3785 434 3841 saisait
448 3789 537 3859 partie
551 3789 589 3842 du
603 3788 713 3842 diocese
728 3788 764 3843 de
780 3790 962 3853 Terouanne,
979 3799 1008 3842 et
1022 3806 1078 3861 que
1093 3797 1211 3842 sourent
1223 3785 1258 3839 les

183 3873 301 3949 &aeques
312 3893 332 3947 y
342 3875 470 3931 faisaient
482 3876 544 3932 leur
556 3878 699 3933 residence
711 3890 739 3933 et
750 3897 785 3932 en
797 3879 943 3951 prenaieut
955 3878 981 3932 le
997 3896 1072 3949 nom.

218 3963 298 4020 Saint
309 3962 442 4033 Filibert,
457 3983 508 4034 ou,
523 3985 631 4022 comme
646 3986 682 4022 on
695 3968 765 4022 ecrit
777 3968 1019 4035 communement,
1034 3964 1190 4027 Philibert,
1204 3964 1258 4019 son·

188 4049 283 4109 *rtem
293 4049 330 4106 de
342 4050 486 4125 Jamie'gee
500 4072 535 4108 en
549 4053 617 4123 655,
631 4066 706 4111 mort
718 4055 743 4110 le
758 4073 792 4110 ao
806 4055 871 4110 aoht
886 4073 947 4109 vers
961 4053 1027 4122 684.
1044 4055 1084 4110 Ce
1098 4072 1135 4108 ne
1150 4053 1255 4125 satque

244 4138 406 4215 ngtrement
417 4138 485 4212 qu’il
498 4141 627 4212 sejourna
639 4146 654 4198 a
665 4143 779 4198 Luxeuil
791 4153 820 4198 et
831 4146 846 4197 ὲ
861 4142 976 4198 Bobbio.
991 4141 1016 4196 Il
1030 4142 1131 4197 n’arait
1145 4158 1192 4214 pas
1203 4137 1254 4212 pris

276 4224 345 4285 td·
357 4223 448 4280 nnius
458 4225 495 4281 de
507 4228 580 4284 taint
593 4230 763 4299 columban,
779 4231 849 4287 mais
861 4229 896 4286 de
909 4231 982 4286 saint
994 4227 1090 4302 Agile,
1104 4231 1121 4283 h
1136 4227 1239 4283 Rebais.

292 4319 429 4391 'mm
440 4332 479 4372 uu
493 4327 553 4372 mot
565 4337 638 4392 pour
650 4338 706 4395 quc
718 4331 791 4377 cette
803 4321 903 4395 phrase
917 4320 972 4375 soit
985 4317 1135 4392 complete.
