2888 4934
184 377 291 454 [1091]
553 368 669 429 tmen
691 368 878 428 omarus.
936 442 944 453 Ι
1194 373 1254 435 aas

184 498 1259 602 rardus,Sagiensisepiscopus(r),utdissidentesparrochia·

183 649 249 696 uos
274 649 355 695 suos
379 621 597 718 pacificaret,
617 621 736 706 venit,
760 618 1025 718 hospitiumque
1042 646 1145 691 suum
1162 621 1257 719 apud

182 742 336 813 Divense
352 738 563 812 coenobium
579 738 633 834 (a)
651 738 846 809 constituit.
866 737 992 808 Pacem
1007 735 1258 810 dissidentibus

183 858 394 957 proposuit,
417 855 476 928 sed
500 854 676 927 discordia
697 855 916 952 praevalcnte
940 855 1120 952 repulsus,
1151 857 1255 955 inge·

182 977 289 1048 muit.
312 973 516 1047 Rodbertus
538 974 683 1070 insuper
703 972 870 1069 injuriam
889 973 919 1043 ei
939 972 1133 1044 maximam
1153 975 1255 1064 lecit,

183 1118 338 1192 eumque
351 1093 457 1163 nimis
468 1090 703 1163 contristavit.
716 1089 968 1186 Nampucrum
980 1090 1183 1189 quemdam,
1194 1093 1256 1191 qui

183 1209 329 1306 praesuli
349 1204 596 1290 ministrabat,
616 1203 703 1275 dum
721 1230 787 1302 per
800 1206 995 1276 exercitum
1012 1207 1141 1302 puerili
1155 1233 1257 1280 more

184 1326 312 1400 ludens
336 1325 539 1427 equitabat,
558 1327 708 1422 ejectum
728 1323 772 1394 de
791 1349 884 1422 equo
910 1323 1202 1421 comprehendit,
1222 1344 1258 1400 et

183 1445 222 1516 in
238 1469 380 1515 carcere
395 1444 520 1526 trusit,
537 1440 676 1539 sibique
690 1439 922 1536 cornipedem
936 1441 1141 1512 retentavit.
1158 1441 1257 1515 ldem

182 1584 274 1658 puer
291 1558 463 1631 Ricardus
481 1556 525 1630 de
554 1557 745 1655 Guaspreia
774 1558 848 1655 (ὅ),
874 1557 967 1628 filius
984 1556 1146 1646 Sevoldi,
1165 1563 1259 1633 voci-

184 1673 345 1762 tabatur;
367 1680 465 1772 cujus
486 1674 667 1771 parentela
688 1689 813 1744 contra
832 1671 1058 1749 Rodbertum
1075 1703 1147 1749 sese
1161 1678 1258 1776 jam-

182 1788 319 1863 dudum
349 1789 538 1861 defendere
568 1789 651 1860 totis
674 1788 812 1861 viribus
838 1790 1036 1863 nitebatur.
1059 1794 1258 1892 Episcopus

184 1925 317 1997 autem,
331 1924 372 1979 ut
383 1908 556 1979 clericum
568 1933 671 1977 suum
683 1907 759 1978 sine
770 1925 871 1979 reatu
883 1935 901 1978 a
915 1907 1101 1982 Rodberto
1113 1926 1266 2007 captum-

184 2025 338 2114 audivit,
360 2024 427 2095 sibi
446 2023 611 2097 eunrdem
631 2025 797 2122 protinus
816 2024 914 2096 reddi
929 2027 1118 2124 praecepit,
1139 2043 1174 2098 et
1192 2025 1257 2098 nisi

184 2143 409 2231 redderetur,
433 2161 549 2214 totum
568 2143 765 2213 exercitum
790 2143 988 2215 interdixit.
1014 2145 1099 2217 Post
1121 2145 1260 2245 aliquot

186 2264 297 2362 igitur
313 2261 406 2352 dies,
424 2259 598 2332 imberbis
615 2260 765 2333 clericus
784 2259 876 2332 liber
887 2261 1051 2334 dimissus
1064 2278 1133 2350 est,
1150 2278 1186 2333 et
1199 2289 1260 2333 an·

184 2383 283 2454 tistes
299 2382 470 2480 languens
487 2381 629 2477 Sagium
652 2378 696 2450 ad
712 2381 896 2477 propriam
919 2379 1037 2453 sedem
1055 2396 1259 2479 reportatus

184 2513 251 2570 est.
284 2497 336 2569 lbi
361 2497 560 2569 Dominicis
581 2497 811 2568 sacramentis
827 2498 989 2567 munitus
1011 2515 1081 2585 est,
1102 2513 1138 2568 et
1165 2498 1260 2568 inter

183 2643 312 2688 manus
322 2616 580 2713 discipulorum
595 2627 633 2687 x⁰
645 2612 811 2686 kalendas
823 2613 993 2686 februarii
1007 2616 1061 2711 (d)
1074 2613 1260 2686 defunctus

184 2750 251 2806 est.
273 2734 379 2832 Cujus
398 2760 529 2832 corpus
556 2735 592 2804 in
613 2733 757 2805 ecclesia
775 2733 887 2804 sancti
914 2733 1074 2804 Gervasii
1092 2733 1260 2830 martyris

185 2852 403 2922 tumulatum
420 2868 484 2922 est.

236 2968 276 3040 ln
297 2973 419 3039 eadem
441 2969 637 3066 septimana
658 2966 712 3064 (5)
731 2965 946 3040 Guillelmus
963 2968 1092 3057 Rulus,
1120 2967 1261 3066 Anglo-

187 3112 270 3158 rum
285 3112 368 3174 rex,
385 3113 468 3158 cum
485 3113 614 3186 magua
632 3086 740 3158 classe
758 3085 794 3156 iu
812 3086 1075 3159 Normanniam
1094 3088 1246 3159 transire

187 3206 289 3277 tavit.
314 3204 421 3305 Cujus
440 3203 597 3278 adventu
618 3203 759 3292 audito,
782 3188 929 3277 territus
945 3203 1041 3295 dux,
1066 3233 1149 3279 cum
1166 3202 1243 3278 Rod

224 3450 262 3520 (r)
275 3447 381 3504 Girard
394 3448 438 3515 1²¹,
453 3448 558 3522 eritque
570 3448 605 3501 de
618 3448 684 3503 Seea
700 3452 709 3515 (
715 3448 893 3522 1082·1091).

224 3541 263 3610 (a)
279 3538 411 3610 L'abbaye
429 3539 464 3592 de
482 3540 673 3593 Nom-Darne
690 3538 729 3592 de
743 3538 1099 3605 Salat-Pierre-sur·Dive,
1119 3542 1135 3592 lt
1153 3556 1208 3611 peu
1229 3558 1235 3588 ι

188 3626 313 3682 distance
325 3627 359 3681 de
372 3628 485 3682 Courci.

224 3717 264 3791 (3)
278 3719 355 3773 Nous
371 3736 489 3790 pensons
501 3716 569 3791 qu‘il
582 3718 616 3771 s’a
622 3718 662 3789 git
674 3717 709 3772 ici
724 3716 759 3771 de
771 3718 898 3790 Gapree,
915 3728 1016 3771 canton
1034 3714 1069 3772 de
1083 3719 1261 3784 Courtomer,

189 3808 281 3881 plutbt
294 3827 349 3882 que
365 3808 400 3862 de
413 3810 554 3882 Gucprei,
568 3819 671 3862 canton
685 3808 720 3862 de
733 3809 823 3862 Trou.

225 3901 265 3970 (4)
282 3899 319 3952 Le
334 3896 369 3954 23
382 3899 491 3970 janvier
507 3917 582 3972 ¹09¹-
604 3899 638 3951 La
656 3897 817 3952 cathedrale
830 3898 866 3952 de
879 3898 944 3955 Se'ez
958 3908 1000 3952 est
1012 3915 1076 3952 sous
1089 3898 1266 3954 l’inrocatiou

191 3990 228 4046 de
239 3993 312 4046 saint
323 3991 450 4046 Gervais.

226 4080 265 4152 (5)
288 4082 369 4135 Certe
389 4080 510 4135 semaiae
526 4078 673 4136 s’etendait
692 4080 791 4153 depuis
809 4080 835 4134 le
854 4079 1004 4135 dimanche
1020 4097 1052 4152 ¹9
1069 4080 1200 4153 jusqu'au
1223 4095 1266 4131 sa-

189 4172 264 4226 medi
280 4171 323 4226 25.
