2888 4934
183 416 269 496 [aas]
569 412 682 473 traua
703 411 861 474 suxrus.
1207 416 1248 475 os

182 547 309 621 lurtim
328 544 515 642 privarent
533 540 710 631 Francos,
735 542 955 616 metuebant.
980 543 1160 643 Benignus
1183 572 1250 618 au-

185 681 258 738 tem
277 663 471 748 Dominus,
496 662 557 760 qui
576 686 748 735 erroneos
771 659 956 748 verberat,
982 677 1022 733 ut
1046 678 1186 736 rectum
1206 664 1251 736 ad

183 782 314 858 callem
333 779 497 868 reducat,
520 804 712 853 conversos
729 796 881 878 paterno
903 778 1033 852 affectu
1053 778 1251 871 demulcet,

185 899 357 998 mirisque
372 893 488 970 modis
505 894 748 993 indigentibus
764 895 974 994 suffragium
991 893 1147 969 exhibet.

205 1078 211 1083 .
231 1014 354 1086 Prima
372 1023 479 1084 nocte
497 1026 578 1108 post
594 1011 730 1083 exitum
748 1009 793 1083 de
813 1010 997 1096 Neustria,
1023 1011 1200 1084 exereitus
1218 1011 1254 1082 in

187 1130 266 1204 looo
282 1128 346 1230 qui
360 1126 514 1227 Campus
525 1125 657 1201 dicitur
668 1128 739 1226 (r),
759 1142 1028 1200 castrametatus
1042 1143 1107 1213 est,
1124 1143 1160 1199 et
1176 1142 1258 1226 post

185 1246 444 1320 comestionem
457 1271 573 1318 coenae
588 1271 605 1316 a
620 1243 832 1344 quibusdam
845 1245 1009 1343 parasitis
1024 1244 1204 1317 cavillatio
1221 1260 1258 1317 et

188 1365 408 1462 incongruus
432 1386 550 1434 sermo
571 1379 716 1436 exortus
739 1379 804 1436 est.
832 1359 937 1434 Unde
956 1359 1103 1461 quidam
1127 1360 1258 1434 mimus

186 1479 268 1555 duci
282 1481 404 1579 Jocose
420 1478 511 1552 dixit
531 1511 539 1550 :
557 1479 741 1552 Notumne
761 1479 865 1551 vobis
886 1495 959 1568 est,
983 1477 1256 1568 domicellum,

188 1597 291 1696 quod
300 1596 502 1669 Herluinus
516 1597 758 1670 cancellarius
772 1613 806 1669 et
818 1593 1003 1695 Raduffus
1015 1596 1261 1669 cubicularius

177 1712 377 1812 fecerunt?
399 1713 593 1788 Cadarera
611 1715 852 1814 quorumdam
869 1717 1087 1788 rusticorum
1106 1716 1143 1785 in
1161 1713 1261 1786 Nor-

190 1832 341 1904 mannia
358 1831 581 1930 effoderunt,
601 1848 634 1904 et
651 1833 748 1905 rnale
766 1832 903 1920 delusi,
924 1850 1074 1904 sanctas
1088 1832 1260 1930 reliquias

188 1975 264 2022 esse
277 1963 470 2049 putantes,
487 1952 525 2021 in
542 1950 689 2052 capella
707 1967 770 2022 tua
788 1949 1069 2036 collocaverunt,
1089 1967 1122 2021 et
1139 1977 1261 2021 secum

190 2068 225 2138 in
248 2064 420 2139 Galliam
437 2085 633 2139 reverenter
647 2063 827 2163 differunt.
848 2065 1009 2165 Cumque
1024 2063 1098 2137 dux
1114 2065 1261 2139 nomina

189 2207 319 2256 eorum
350 2184 572 2283 inquisisset,
598 2183 781 2282 joculator
807 2185 857 2255 ait
883 2213 891 2254 ε
915 2183 1113 2282 Ebrulsus,
1139 2183 1262 2255 Εὐνε-

189 2301 413 2373 mundus'et
444 2300 659 2372 Ambenus.
692 2301 809 2374 Porro
841 2299 994 2389 Franci,
1028 2292 1123 2401 quia
1143 2301 1263 2373 miuus

192 2418 318 2491 usitata
337 2416 407 2488 illis
425 2433 541 2490 essent
558 2416 635 2491 haec
650 2417 842 2506 vocabula,
862 2434 900 2491 et
916 2419 1109 2491 nescissent
1129 2433 1261 2519 quanta

192 2524 464 2630 praenominatis
485 2535 571 2606 viris
593 2551 675 2608 ante
696 2537 812 2608 Deum
831 2535 869 2608 in
890 2536 994 2608 coelis
1016 2552 1104 2608 esset
1125 2536 1261 2635 gloria,

191 2647 354 2723 dimlati
368 2651 502 2723 suntin
511 2651 624 2723 mults
637 2651 746 2725 verba
760 2653 871 2726 otiosa
882 2669 919 2725 et
928 2651 1116 2726 derisoria.
1128 2651 1265 2727 Deinde

193 2768 309 2864 prima
328 2768 443 2840 noctis
459 2768 601 2866 vigilia,
623 2786 664 2840 ut
679 2771 778 2868 quies
793 2769 911 2842 somni
929 2769 1099 2842 mortales
1116 2795 1265 2868 oppres-

194 2887 255 2974 sit,
274 2883 484 2958 Altitonans
500 2886 545 2958 de
563 2887 660 2960 coelo
684 2886 897 2960 terribiliter
914 2887 1095 2978 intonuit,
1114 2887 1265 2960 fulmina

194 3028 277 3077 eum
300 3004 422 3077 nimiis
441 3003 747 3079 coruscationibus
768 3007 903 3094 emisit,
925 3006 1164 3106 joculatorem
1183 3032 1263 3078 cum

196 3119 298 3194 sociis
320 3118 578 3211 nebulonibus,
604 3124 667 3221 qui
692 3123 821 3195 sanctis
838 3123 998 3222 reliquiis
1013 3120 1263 3209 detraxerant,

196 3237 385 3333 per-russin
404 3237 534 3337 quibus
550 3241 733 3330 extinctis,
752 3239 879 3314 ducem
893 3256 929 3311 et
945 3256 1062 3313 totum
1072 3241 1147 3339 ejus
1162 3265 1266 3312 exer-

196 3353 305 3424 citum
321 3349 415 3424 haud
428 3353 568 3428 modice
579 3358 790 3453 perterruit.
804 3359 845 3428 ln
863 3358 1058 3429 crastinum
1075 3381 1180 3427 mane
1191 3354 1265 3427 dux

197 3489 344 3540 omnem
361 3470 557 3542 exercitum
575 3472 804 3560 convocarit,
827 3471 1041 3544 cancellario
1061 3487 1181 3541 sancta
1203 3495 1266 3541 re-

197 3600 363 3666 verenter
388 3585 517 3659 deserri
545 3605 627 3660 ante
652 3616 689 3662 se
714 3615 865 3688 corpora
891 3591 1082 3686 praecepit,
1109 3604 1145 3659 et
1164 3591 1263 3660 omni

198 3702 367 3776 exercitui
380 3703 483 3803 jussit
502 3722 560 3789 ut,
584 3722 776 3806 antequam
794 3705 837 3779 de
861 3707 943 3778 loco
964 3705 1027 3776 illo
1044 3706 1264 3804 migrarent,

199 3816 326 3890 unctis
341 3819 502 3919 reliquiis
517 3819 645 3894 devote
657 3822 846 3895 offerrent.
862 3820 1015 3895 Flebiles
1031 3847 1175 3923 quoque
1190 3848 1267 3895 mo

230 4110 269 4180 (ι)
281 4110 420 4185 Cbamps,
440 4123 540 4169 canton
555 4113 590 4169 de
605 4115 782 4177 Tonrouvre.
797 4114 867 4171 dont
885 4115 988 4191 l‘eglise
1003 4129 1044 4171 est
1056 4114 1154 4172 dediee
1167 4119 1182 4170 a
1195 4116 1268 4172 seint

202 4183 325 4265 tuente,
340 4201 551 4274 probabletnent
564 4221 599 4259 en
614 4205 748 4261 mdmoirc
760 4205 795 4261 tle
808 4217 853 4262 cet
866 4209 1036 4293 evertentem.
