<?xml version="1.0" encoding="UTF-8"?>
<!DOCTYPE html PUBLIC "-//W3C//DTD XHTML 1.0 Transitional//EN"
    "http://www.w3.org/TR/xhtml1/DTD/xhtml1-transitional.dtd">
<html xmlns="http://www.w3.org/1999/xhtml" xml:lang="en" lang="en">
 <head>
  <title>
</title>
<meta http-equiv="Content-Type" content="text/html;charset=utf-8" />
  <meta name='ocr-system' content='tesseract 3.04.00' />
  <meta name='ocr-capabilities' content='ocr_page ocr_carea ocr_par ocr_line ocrx_word'/>
</head>
<body>
  <div class='ocr_page' id='page_1' title='image "./ordericivitalis05deligoog/ordericivitalis05deligoog_0442.png"; bbox 0 0 2888 4934; ppageno 0'>
   <div class='ocr_carea' id='block_1_1' title="bbox 561 398 1249 465">
    <p class='ocr_par' dir='ltr' id='par_1_1' title="bbox 561 398 1249 465">
     <span class='ocr_line' id='line_1_1' title="bbox 561 398 1249 465; baseline -0.006 -2"><span class='ocrx_word' id='word_1_1' title='bbox 561 404 677 465; x_wconf 84' lang='lat' dir='ltr'>LIBER</span> <span class='ocrx_word' id='word_1_2' title='bbox 698 401 883 465; x_wconf 78' lang='lat' dir='ltr'><strong>OCTAVUS.</strong></span> <span class='ocrx_word' id='word_1_3' title='bbox 1193 398 1249 460; x_wconf 74' lang='lat' dir='ltr'><strong>tat</strong></span> 
     </span>
    </p>
   </div>
   <div class='ocr_carea' id='block_1_2' title="bbox 182 531 1265 2511">
    <p class='ocr_par' dir='ltr' id='par_1_2' title="bbox 182 531 1258 1338">
     <span class='ocr_line' id='line_1_2' title="bbox 182 531 1256 630; baseline -0.004 -24"><span class='ocrx_word' id='word_1_4' title='bbox 182 533 302 608; x_wconf 85' lang='lat' dir='ltr'><strong>Sancti</strong></span> <span class='ocrx_word' id='word_1_5' title='bbox 319 534 489 606; x_wconf 79' lang='lat' dir='ltr'><strong>&#39;Prinitati</strong></span> <span class='ocrx_word' id='word_1_6' title='bbox 507 553 717 609; x_wconf 81' lang='lat' dir='ltr'><strong>reverenter</strong></span> <span class='ocrx_word' id='word_1_7' title='bbox 732 534 904 620; x_wconf 84' lang='lat' dir='ltr'><strong>militans,</strong></span> <span class='ocrx_word' id='word_1_8' title='bbox 920 533 1122 605; x_wconf 89' lang='lat' dir='ltr'><strong>consenuit.</strong></span> <span class='ocrx_word' id='word_1_9' title='bbox 1137 531 1256 630; x_wconf 88' lang='lat' dir='ltr'><strong>Egre-</strong></span> 
     </span>
     <span class='ocr_line' id='line_1_3' title="bbox 183 649 1256 751; baseline -0.002 -29"><span class='ocrx_word' id='word_1_10' title='bbox 183 650 539 751; x_wconf 88' lang='lat' dir='ltr'><strong>gioGlnniacensium</strong></span> <span class='ocrx_word' id='word_1_11' title='bbox 552 651 688 742; x_wconf 86' lang='lat' dir='ltr'><strong>abbati,</strong></span> <span class='ocrx_word' id='word_1_12' title='bbox 698 654 843 737; x_wconf 87' lang='lat' dir='ltr'><strong>Ponti0,</strong></span> <span class='ocrx_word' id='word_1_13' title='bbox 855 649 1023 723; x_wconf 83' lang='lat' dir='ltr'><strong>eximiam</strong></span> <span class='ocrx_word' id='word_1_14' title='bbox 1032 649 1256 748; x_wconf 74' lang='lat' dir='ltr'><strong>¹explanatio-</strong></span> 
     </span>
     <span class='ocr_line' id='line_1_4' title="bbox 184 764 1256 867; baseline -0.006 -27"><span class='ocrx_word' id='word_1_15' title='bbox 184 792 269 840; x_wconf 86' lang='lat' dir='ltr'><strong>nem</strong></span> <span class='ocrx_word' id='word_1_16' title='bbox 294 793 403 867; x_wconf 91' lang='lat' dir='ltr'><strong>super</strong></span> <span class='ocrx_word' id='word_1_17' title='bbox 427 768 615 867; x_wconf 82' lang='lat' dir='ltr'>parabolas</span> <span class='ocrx_word' id='word_1_18' title='bbox 641 768 842 842; x_wconf 89' lang='lat' dir='ltr'><strong>Salomonis</strong></span> <span class='ocrx_word' id='word_1_19' title='bbox 872 766 1080 854; x_wconf 81' lang='lat' dir='ltr'><strong>contexuit,</strong></span> <span class='ocrx_word' id='word_1_20' title='bbox 1107 764 1256 862; x_wconf 88' lang='lat' dir='ltr'><strong>aliisque</strong></span> 
     </span>
     <span class='ocr_line' id='line_1_5' title="bbox 183 881 1257 985; baseline -0.002 -31"><span class='ocrx_word' id='word_1_21' title='bbox 183 884 450 958; x_wconf 84' lang='lat' dir='ltr'><strong>venerabilibus</strong></span> <span class='ocrx_word' id='word_1_22' title='bbox 471 888 634 985; x_wconf 90' lang='lat' dir='ltr'><strong>personis</strong></span> <span class='ocrx_word' id='word_1_23' title='bbox 653 886 904 959; x_wconf 88' lang='lat' dir='ltr'><strong>Ecclesiastem</strong></span> <span class='ocrx_word' id='word_1_24' title='bbox 929 899 966 956; x_wconf 90' lang='lat' dir='ltr'><strong>ct</strong></span> <span class='ocrx_word' id='word_1_25' title='bbox 986 882 1134 956; x_wconf 86' lang='lat' dir='ltr'><strong>Cantica</strong></span> <span class='ocrx_word' id='word_1_26' title='bbox 1159 881 1257 953; x_wconf 89' lang='lat' dir='ltr'><strong>Can-</strong></span> 
     </span>
     <span class='ocr_line' id='line_1_6' title="bbox 185 1000 1256 1101; baseline -0.002 -30"><span class='ocrx_word' id='word_1_27' title='bbox 185 1001 341 1075; x_wconf 92' lang='lat' dir='ltr'><strong>ticornm</strong></span> <span class='ocrx_word' id='word_1_28' title='bbox 355 1030 395 1075; x_wconf 85' lang='lat' dir='ltr'><strong>ac</strong></span> <span class='ocrx_word' id='word_1_29' title='bbox 404 1005 729 1078; x_wconf 90' lang='lat' dir='ltr'><strong>Deuteronominm</strong></span> <span class='ocrx_word' id='word_1_30' title='bbox 748 1003 951 1076; x_wconf 86' lang='lat' dir='ltr'><strong>luculenter</strong></span> <span class='ocrx_word' id='word_1_31' title='bbox 964 1001 1149 1101; x_wconf 83' lang='lat' dir='ltr'><strong>exposuit,</strong></span> <span class='ocrx_word' id='word_1_32' title='bbox 1163 1000 1256 1070; x_wconf 92' lang='lat' dir='ltr'><strong>mul·</strong></span> 
     </span>
     <span class='ocr_line' id='line_1_7' title="bbox 186 1115 1258 1220; baseline -0.006 -28"><span class='ocrx_word' id='word_1_33' title='bbox 186 1134 311 1220; x_wconf 84' lang='lat' dir='ltr'><strong>tosqne</strong></span> <span class='ocrx_word' id='word_1_34' title='bbox 330 1135 500 1193; x_wconf 88' lang='lat' dir='ltr'><strong>tractatus</strong></span> <span class='ocrx_word' id='word_1_35' title='bbox 519 1148 626 1220; x_wconf 92' lang='lat' dir='ltr'><strong>snper</strong></span> <span class='ocrx_word' id='word_1_36' title='bbox 648 1121 800 1195; x_wconf 90' lang='lat' dir='ltr'><strong>obscura</strong></span> <span class='ocrx_word' id='word_1_37' title='bbox 825 1119 1085 1219; x_wconf 89' lang='lat' dir='ltr'><strong>prophetarum</strong></span> <span class='ocrx_word' id='word_1_38' title='bbox 1106 1115 1258 1217; x_wconf 91' lang='lat' dir='ltr'><strong>proble-</strong></span> 
     </span>
     <span class='ocr_line' id='line_1_8' title="bbox 184 1236 1076 1338; baseline -0.002 -30"><span class='ocrx_word' id='word_1_39' title='bbox 184 1253 280 1309; x_wconf 85' lang='lat' dir='ltr'><strong>mata</strong></span> <span class='ocrx_word' id='word_1_40' title='bbox 296 1237 488 1337; x_wconf 80' lang='lat' dir='ltr'><strong>allegorice</strong></span> <span class='ocrx_word' id='word_1_41' title='bbox 503 1265 565 1312; x_wconf 92' lang='lat' dir='ltr'><strong>seu</strong></span> <span class='ocrx_word' id='word_1_42' title='bbox 581 1240 807 1338; x_wconf 82' lang='lat' dir='ltr'><strong>tropologice</strong></span> <span class='ocrx_word' id='word_1_43' title='bbox 822 1236 1019 1333; x_wconf 89' lang='lat' dir='ltr'><strong>disseruit(</strong></span> <span class='ocrx_word' id='word_1_44' title='bbox 1046 1237 1076 1334; x_wconf 89' lang='lat'><em>)</em></span> 
     </span>
    </p>

    <p class='ocr_par' dir='ltr' id='par_1_3' title="bbox 185 1350 1265 2511">
     <span class='ocr_line' id='line_1_9' title="bbox 235 1350 1255 1453; baseline -0.004 -27"><span class='ocrx_word' id='word_1_45' title='bbox 235 1354 267 1426; x_wconf 89' lang='lat' dir='ltr'>N</span> <span class='ocrx_word' id='word_1_46' title='bbox 272 1355 404 1427; x_wconf 90' lang='lat' dir='ltr'><strong>icolaus</strong></span> <span class='ocrx_word' id='word_1_47' title='bbox 415 1412 425 1444; x_wconf 92' lang='lat'><strong>,</strong></span> <span class='ocrx_word' id='word_1_48' title='bbox 443 1357 549 1429; x_wconf 88' lang='lat' dir='ltr'><strong>levita</strong></span> <span class='ocrx_word' id='word_1_49' title='bbox 565 1373 602 1428; x_wconf 91' lang='lat' dir='ltr'><strong>et</strong></span> <span class='ocrx_word' id='word_1_50' title='bbox 624 1356 732 1429; x_wconf 87' lang='lat' dir='ltr'><strong>abbas</strong></span> <span class='ocrx_word' id='word_1_51' title='bbox 755 1356 868 1427; x_wconf 90' lang='lat' dir='ltr'><strong>saneti</strong></span> <span class='ocrx_word' id='word_1_52' title='bbox 884 1354 1049 1453; x_wconf 89' lang='lat' dir='ltr'><strong>praesulis</strong></span> <span class='ocrx_word' id='word_1_53' title='bbox 1072 1350 1255 1437; x_wconf 85' lang='lat' dir='ltr'><strong>Audoeni,</strong></span> 
     </span>
     <span class='ocr_line' id='line_1_10' title="bbox 186 1470 1259 1563; baseline -0.003 -20"><span class='ocrx_word' id='word_1_54' title='bbox 186 1472 285 1545; x_wconf 88' lang='lat' dir='ltr'><strong>tertii</strong></span> <span class='ocrx_word' id='word_1_55' title='bbox 303 1472 461 1563; x_wconf 87' lang='lat' dir='ltr'><strong>Ricardi,</strong></span> <span class='ocrx_word' id='word_1_56' title='bbox 475 1474 574 1548; x_wconf 88' lang='lat' dir='ltr'><strong>ducis</strong></span> <span class='ocrx_word' id='word_1_57' title='bbox 587 1475 902 1563; x_wconf 89' lang='lat' dir='ltr'><strong>Normannorum,</strong></span> <span class='ocrx_word' id='word_1_58' title='bbox 919 1472 1012 1544; x_wconf 89' lang='lat' dir='ltr'><strong>lilius</strong></span> <span class='ocrx_word' id='word_1_59' title='bbox 1024 1471 1109 1560; x_wconf 85' lang='lat' dir='ltr'><strong>luit,</strong></span> <span class='ocrx_word' id='word_1_60' title='bbox 1124 1470 1259 1543; x_wconf 86' lang='lat' dir='ltr'><strong>multa-</strong></span> 
     </span>
     <span class='ocr_line' id='line_1_11' title="bbox 185 1584 1258 1690; baseline -0.002 -31"><span class='ocrx_word' id='word_1_61' title='bbox 185 1613 257 1688; x_wconf 90' lang='lat' dir='ltr'><strong>que</strong></span> <span class='ocrx_word' id='word_1_62' title='bbox 266 1587 489 1688; x_wconf 78' lang='lat' dir='ltr'><strong>benignitate</strong></span> <span class='ocrx_word' id='word_1_63' title='bbox 502 1607 539 1664; x_wconf 91' lang='lat' dir='ltr'><strong>et</strong></span> <span class='ocrx_word' id='word_1_64' title='bbox 550 1591 737 1679; x_wconf 87' lang='lat' dir='ltr'><strong>charitate,</strong></span> <span class='ocrx_word' id='word_1_65' title='bbox 752 1590 901 1690; x_wconf 89' lang='lat' dir='ltr'><strong>aliisque</strong></span> <span class='ocrx_word' id='word_1_66' title='bbox 914 1587 1109 1660; x_wconf 89' lang='lat' dir='ltr'><strong>virtutibus</strong></span> <span class='ocrx_word' id='word_1_67' title='bbox 1120 1584 1258 1674; x_wconf 88' lang='lat' dir='ltr'><strong>lloruit,</strong></span> 
     </span>
     <span class='ocr_line' id='line_1_12' title="bbox 185 1705 1262 1810; baseline -0.004 -31"><span class='ocrx_word' id='word_1_68' title='bbox 185 1721 225 1779; x_wconf 88' lang='lat' dir='ltr'><strong>et</strong></span> <span class='ocrx_word' id='word_1_69' title='bbox 237 1706 275 1778; x_wconf 91' lang='lat' dir='ltr'><strong>in</strong></span> <span class='ocrx_word' id='word_1_70' title='bbox 287 1705 446 1779; x_wconf 86' lang='lat' dir='ltr'><strong>Ecclesia</strong></span> <span class='ocrx_word' id='word_1_71' title='bbox 460 1710 524 1782; x_wconf 88' lang='lat' dir='ltr'><strong>Dei</strong></span> <span class='ocrx_word' id='word_1_72' title='bbox 542 1708 713 1810; x_wconf 88' lang='lat' dir='ltr'><strong>usquead</strong></span> <span class='ocrx_word' id='word_1_73' title='bbox 729 1724 899 1809; x_wconf 90' lang='lat' dir='ltr'><strong>quartum</strong></span> <span class='ocrx_word' id='word_1_74' title='bbox 915 1733 1052 1779; x_wconf 89' lang='lat' dir='ltr'><strong>annum</strong></span> <span class='ocrx_word' id='word_1_75' title='bbox 1068 1720 1151 1804; x_wconf 91' lang='lat' dir='ltr'><strong>post</strong></span> <span class='ocrx_word' id='word_1_76' title='bbox 1166 1729 1262 1776; x_wconf 91' lang='lat' dir='ltr'><strong>mor-</strong></span> 
     </span>
     <span class='ocr_line' id='line_1_13' title="bbox 186 1821 1258 1927; baseline -0.006 -30"><span class='ocrx_word' id='word_1_77' title='bbox 186 1838 263 1897; x_wconf 75' lang='lat' dir='ltr'><strong>tem</strong></span> <span class='ocrx_word' id='word_1_78' title='bbox 273 1823 457 1897; x_wconf 89' lang='lat' dir='ltr'><strong>Guillelmi</strong></span> <span class='ocrx_word' id='word_1_79' title='bbox 471 1828 579 1927; x_wconf 91' lang='lat' dir='ltr'><strong>regis,</strong></span> <span class='ocrx_word' id='word_1_80' title='bbox 595 1826 805 1900; x_wconf 90' lang='lat' dir='ltr'><strong>consobrini</strong></span> <span class='ocrx_word' id='word_1_81' title='bbox 818 1826 887 1915; x_wconf 88' lang='lat' dir='ltr'><strong>sui,</strong></span> <span class='ocrx_word' id='word_1_82' title='bbox 902 1824 1103 1923; x_wconf 86' lang='lat' dir='ltr'><strong>specialiter</strong></span> <span class='ocrx_word' id='word_1_83' title='bbox 1113 1821 1258 1895; x_wconf 86' lang='lat' dir='ltr'><strong>ellulsit.</strong></span> 
     </span>
     <span class='ocr_line' id='line_1_14' title="bbox 187 1940 1263 2040; baseline -0.002 -28"><span class='ocrx_word' id='word_1_84' title='bbox 187 1940 270 2032; x_wconf 87' lang='lat' dir='ltr'><strong>Hie,</strong></span> <span class='ocrx_word' id='word_1_85' title='bbox 282 1943 522 2040; x_wconf 87' lang='lat' dir='ltr'><strong>compellente</strong></span> <span class='ocrx_word' id='word_1_86' title='bbox 531 1943 718 2016; x_wconf 87' lang='lat' dir='ltr'><strong>Rodberto</strong></span> <span class='ocrx_word' id='word_1_87' title='bbox 727 1942 831 2030; x_wconf 91' lang='lat' dir='ltr'><strong>duee,</strong></span> <span class='ocrx_word' id='word_1_88' title='bbox 845 1958 976 2040; x_wconf 91' lang='lat' dir='ltr'><strong>patruo</strong></span> <span class='ocrx_word' id='word_1_89' title='bbox 990 1965 1068 2028; x_wconf 89' lang='lat' dir='ltr'><strong>sno,</strong></span> <span class='ocrx_word' id='word_1_90' title='bbox 1082 1964 1172 2038; x_wconf 88' lang='lat' dir='ltr'><strong>puer</strong></span> <span class='ocrx_word' id='word_1_91' title='bbox 1181 1963 1263 2011; x_wconf 92' lang='lat' dir='ltr'><strong>mo-</strong></span> 
     </span>
     <span class='ocr_line' id='line_1_15' title="bbox 188 2054 1263 2135; baseline -0.006 -5"><span class='ocrx_word' id='word_1_92' title='bbox 188 2057 326 2132; x_wconf 86' lang='lat' dir='ltr'><strong>nachus</strong></span> <span class='ocrx_word' id='word_1_93' title='bbox 351 2061 389 2133; x_wconf 90' lang='lat' dir='ltr'><strong>in</strong></span> <span class='ocrx_word' id='word_1_94' title='bbox 413 2061 585 2135; x_wconf 91' lang='lat' dir='ltr'><strong>coenobio</strong></span> <span class='ocrx_word' id='word_1_95' title='bbox 607 2060 837 2133; x_wconf 88' lang='lat' dir='ltr'><strong>Fiscannensi</strong></span> <span class='ocrx_word' id='word_1_96' title='bbox 856 2058 922 2131; x_wconf 93' lang='lat' dir='ltr'><strong>sub</strong></span> <span class='ocrx_word' id='word_1_97' title='bbox 943 2057 1111 2132; x_wconf 84' lang='lat' dir='ltr'><strong>lohanne</strong></span> <span class='ocrx_word' id='word_1_98' title='bbox 1134 2054 1263 2128; x_wconf 87' lang='lat' dir='ltr'><strong>abbate</strong></span> 
     </span>
     <span class='ocr_line' id='line_1_16' title="bbox 188 2168 1263 2278; baseline -0.005 -31"><span class='ocrx_word' id='word_1_99' title='bbox 188 2175 301 2248; x_wconf 83' lang='lat' dir='ltr'><strong>lactus</strong></span> <span class='ocrx_word' id='word_1_100' title='bbox 317 2193 383 2248; x_wconf 91' lang='lat' dir='ltr'><strong>est.</strong></span> <span class='ocrx_word' id='word_1_101' title='bbox 403 2177 472 2250; x_wconf 91' lang='lat' dir='ltr'><strong>Sed</strong></span> <span class='ocrx_word' id='word_1_102' title='bbox 488 2194 570 2276; x_wconf 90' lang='lat' dir='ltr'><strong>post</strong></span> <span class='ocrx_word' id='word_1_103' title='bbox 586 2179 725 2278; x_wconf 86' lang='lat' dir='ltr'><strong>aliquot</strong></span> <span class='ocrx_word' id='word_1_104' title='bbox 740 2202 887 2250; x_wconf 89' lang='lat' dir='ltr'><strong>annosa</strong></span> <span class='ocrx_word' id='word_1_105' title='bbox 902 2174 1098 2247; x_wconf 89' lang='lat' dir='ltr'><strong>Guillelmo</strong></span> <span class='ocrx_word' id='word_1_106' title='bbox 1115 2171 1203 2244; x_wconf 91' lang='lat' dir='ltr'><strong>duce</strong></span> <span class='ocrx_word' id='word_1_107' title='bbox 1219 2168 1263 2242; x_wconf 87' lang='lat' dir='ltr'><strong>ad</strong></span> 
     </span>
     <span class='ocr_line' id='line_1_17' title="bbox 189 2290 1265 2393; baseline -0.007 -30"><span class='ocrx_word' id='word_1_108' title='bbox 189 2291 349 2388; x_wconf 82' lang='lat' dir='ltr'><strong>praelatoe</strong></span> <span class='ocrx_word' id='word_1_109' title='bbox 372 2294 535 2393; x_wconf 88' lang='lat' dir='ltr'><strong>regimen</strong></span> <span class='ocrx_word' id='word_1_110' title='bbox 561 2293 715 2367; x_wconf 86' lang='lat' dir='ltr'><strong>abbatiae</strong></span> <span class='ocrx_word' id='word_1_111' title='bbox 740 2295 776 2366; x_wconf 91' lang='lat' dir='ltr'><strong>in</strong></span> <span class='ocrx_word' id='word_1_112' title='bbox 802 2290 1039 2366; x_wconf 88' lang='lat' dir='ltr'><strong>adolescentia</strong></span> <span class='ocrx_word' id='word_1_113' title='bbox 1065 2301 1265 2385; x_wconf 86' lang='lat' dir='ltr'><strong>assumptus</strong></span> 
     </span>
     <span class='ocr_line' id='line_1_18' title="bbox 189 2409 1265 2511; baseline -0.005 -31"><span class='ocrx_word' id='word_1_114' title='bbox 189 2422 256 2480; x_wconf 87' lang='lat' dir='ltr'><strong>est.</strong></span> <span class='ocrx_word' id='word_1_115' title='bbox 280 2409 322 2481; x_wconf 91' lang='lat' dir='ltr'><strong>ln</strong></span> <span class='ocrx_word' id='word_1_116' title='bbox 347 2411 524 2509; x_wconf 86' lang='lat' dir='ltr'><strong>regimine</strong></span> <span class='ocrx_word' id='word_1_117' title='bbox 540 2439 628 2487; x_wconf 77' lang='lat' dir='ltr'><strong>vero</strong></span> <span class='ocrx_word' id='word_1_118' title='bbox 646 2412 802 2511; x_wconf 90' lang='lat' dir='ltr'><strong>positus,</strong></span> <span class='ocrx_word' id='word_1_119' title='bbox 822 2409 989 2510; x_wconf 85' lang='lat' dir='ltr'><strong>subjectis</strong></span> <span class='ocrx_word' id='word_1_120' title='bbox 1018 2409 1114 2480; x_wconf 85' lang='lat' dir='ltr'><strong>intus</strong></span> <span class='ocrx_word' id='word_1_121' title='bbox 1141 2420 1265 2477; x_wconf 86' lang='lat' dir='ltr'><strong>exter-</strong></span> 
     </span>
    </p>
   </div>
   <div class='ocr_carea' id='block_1_3' title="bbox 190 2519 1270 3211">
    <p class='ocr_par' dir='ltr' id='par_1_4' title="bbox 190 2519 1270 3211">
     <span class='ocr_line' id='line_1_19' title="bbox 190 2519 1266 2629; baseline -0.002 -36"><span class='ocrx_word' id='word_1_122' title='bbox 190 2523 318 2623; x_wconf 81' lang='lat' dir='ltr'><strong>nisque</strong></span> <span class='ocrx_word' id='word_1_123' title='bbox 349 2528 463 2626; x_wconf 88' lang='lat' dir='ltr'><strong>magis</strong></span> <span class='ocrx_word' id='word_1_124' title='bbox 495 2529 661 2627; x_wconf 87' lang='lat' dir='ltr'><strong>prodesse</strong></span> <span class='ocrx_word' id='word_1_125' title='bbox 696 2555 805 2629; x_wconf 89' lang='lat' dir='ltr'><strong>quam</strong></span> <span class='ocrx_word' id='word_1_126' title='bbox 843 2550 994 2626; x_wconf 87' lang='lat' dir='ltr'><strong>proeesse</strong></span> <span class='ocrx_word' id='word_1_127' title='bbox 1030 2522 1179 2596; x_wconf 86' lang='lat' dir='ltr'><strong>studuit.</strong></span> <span class='ocrx_word' id='word_1_128' title='bbox 1215 2519 1266 2591; x_wconf 88' lang='lat' dir='ltr'><strong>Et</strong></span> 
     </span>
     <span class='ocr_line' id='line_1_20' title="bbox 191 2635 1264 2741; baseline -0.004 -31"><span class='ocrx_word' id='word_1_129' title='bbox 191 2654 403 2741; x_wconf 85' lang='lat' dir='ltr'><strong>postquam,</strong></span> <span class='ocrx_word' id='word_1_130' title='bbox 431 2643 582 2718; x_wconf 88' lang='lat' dir='ltr'><strong>adorato</strong></span> <span class='ocrx_word' id='word_1_131' title='bbox 608 2646 645 2718; x_wconf 91' lang='lat' dir='ltr'><strong>in</strong></span> <span class='ocrx_word' id='word_1_132' title='bbox 675 2644 876 2717; x_wconf 83' lang='lat' dir='ltr'><strong>Jerusalem</strong></span> <span class='ocrx_word' id='word_1_133' title='bbox 901 2641 1068 2741; x_wconf 89' lang='lat' dir='ltr'><strong>sepulcro</strong></span> <span class='ocrx_word' id='word_1_134' title='bbox 1095 2635 1264 2723; x_wconf 91' lang='lat' dir='ltr'><strong>Domini,</strong></span> 
     </span>
     <span class='ocr_line' id='line_1_21' title="bbox 192 2756 1267 2862; baseline 0 -36"><span class='ocrx_word' id='word_1_135' title='bbox 192 2760 389 2849; x_wconf 85' lang='lat' dir='ltr'><strong>remeavit,</strong></span> <span class='ocrx_word' id='word_1_136' title='bbox 421 2762 719 2862; x_wconf 87' lang='lat' dir='ltr'><strong>quinquagesimo</strong></span> <span class='ocrx_word' id='word_1_137' title='bbox 749 2777 849 2834; x_wconf 89' lang='lat' dir='ltr'><strong>sexto</strong></span> <span class='ocrx_word' id='word_1_138' title='bbox 881 2759 1068 2860; x_wconf 86' lang='lat' dir='ltr'><strong>regiminis</strong></span> <span class='ocrx_word' id='word_1_139' title='bbox 1092 2756 1146 2828; x_wconf 91' lang='lat' dir='ltr'><strong>sui</strong></span> <span class='ocrx_word' id='word_1_140' title='bbox 1171 2779 1267 2828; x_wconf 88' lang='lat' dir='ltr'><strong>anno</strong></span> 
     </span>
     <span class='ocr_line' id='line_1_22' title="bbox 195 2873 1268 2977; baseline -0.004 -30"><span class='ocrx_word' id='word_1_141' title='bbox 195 2890 246 2947; x_wconf 61' lang='grc' dir='ltr'><strong>ιγ’</strong></span> <span class='ocrx_word' id='word_1_142' title='bbox 273 2876 441 2951; x_wconf 88' lang='lat' dir='ltr'><strong>kalendas</strong></span> <span class='ocrx_word' id='word_1_143' title='bbox 470 2880 591 2951; x_wconf 88' lang='lat' dir='ltr'><strong>martii</strong></span> <span class='ocrx_word' id='word_1_144' title='bbox 617 2879 711 2952; x_wconf 92' lang='lat' dir='ltr'><strong>obiit</strong></span> <span class='ocrx_word' id='word_1_145' title='bbox 739 2881 815 2977; x_wconf 85' lang='lat' dir='ltr'><strong>(a),</strong></span> <span class='ocrx_word' id='word_1_146' title='bbox 845 2894 883 2950; x_wconf 90' lang='lat' dir='ltr'><strong>et</strong></span> <span class='ocrx_word' id='word_1_147' title='bbox 910 2878 948 2949; x_wconf 91' lang='lat' dir='ltr'><strong>in</strong></span> <span class='ocrx_word' id='word_1_148' title='bbox 977 2875 1124 2950; x_wconf 88' lang='lat' dir='ltr'><strong>ecclesia</strong></span> <span class='ocrx_word' id='word_1_149' title='bbox 1155 2873 1268 2946; x_wconf 88' lang='lat' dir='ltr'><strong>sancti</strong></span> 
     </span>
     <span class='ocr_line' id='line_1_23' title="bbox 191 2989 1266 3095; baseline 0 -34"><span class='ocrx_word' id='word_1_150' title='bbox 191 2989 289 3065; x_wconf 83' lang='lat' dir='ltr'><strong>Petri</strong></span> <span class='ocrx_word' id='word_1_151' title='bbox 312 2995 484 3093; x_wconf 88' lang='lat' dir='ltr'><strong>apostoli,</strong></span> <span class='ocrx_word' id='word_1_152' title='bbox 507 3021 614 3094; x_wconf 86' lang='lat' dir='ltr'><strong>quam</strong></span> <span class='ocrx_word' id='word_1_153' title='bbox 631 2997 704 3095; x_wconf 90' lang='lat' dir='ltr'><strong>ipse</strong></span> <span class='ocrx_word' id='word_1_154' title='bbox 718 3022 738 3066; x_wconf 91' lang='lat' dir='ltr'><strong>a</strong></span> <span class='ocrx_word' id='word_1_155' title='bbox 752 2993 995 3068; x_wconf 78' lang='lat' dir='ltr'><strong>fundamentis</strong></span> <span class='ocrx_word' id='word_1_156' title='bbox 1011 2990 1206 3091; x_wconf 89' lang='lat' dir='ltr'><strong>coeperat(</strong></span> <span class='ocrx_word' id='word_1_157' title='bbox 1230 2989 1266 3087; x_wconf 91' lang='lat'><strong>),</strong></span> 
     </span>
     <span class='ocr_line' id='line_1_24' title="bbox 193 3107 1270 3211; baseline -0.004 -32"><span class='ocrx_word' id='word_1_158' title='bbox 193 3123 279 3180; x_wconf 89' lang='lat' dir='ltr'><strong>ante</strong></span> <span class='ocrx_word' id='word_1_159' title='bbox 292 3109 405 3182; x_wconf 89' lang='lat' dir='ltr'><strong>altare</strong></span> <span class='ocrx_word' id='word_1_160' title='bbox 421 3127 553 3183; x_wconf 86' lang='lat' dir='ltr'><strong>sanetae</strong></span> <span class='ocrx_word' id='word_1_161' title='bbox 573 3111 639 3183; x_wconf 90' lang='lat' dir='ltr'><strong>Dei</strong></span> <span class='ocrx_word' id='word_1_162' title='bbox 660 3110 845 3211; x_wconf 89' lang='lat' dir='ltr'><strong>genitricis</strong></span> <span class='ocrx_word' id='word_1_163' title='bbox 862 3109 987 3182; x_wconf 87' lang='lat' dir='ltr'><strong>Mariae</strong></span> <span class='ocrx_word' id='word_1_164' title='bbox 1002 3107 1180 3206; x_wconf 89' lang='lat' dir='ltr'><strong>sepultus,</strong></span> <span class='ocrx_word' id='word_1_165' title='bbox 1196 3128 1270 3177; x_wconf 89' lang='lat' dir='ltr'><strong>esse</strong></span> 
     </span>
    </p>
   </div>
   <div class='ocr_carea' id='block_1_4' title="bbox 195 3324 1276 4121">
    <p class='ocr_par' dir='ltr' id='par_1_5' title="bbox 195 3324 1271 3495">
     <span class='ocr_line' id='line_1_25' title="bbox 230 3324 1271 3404; baseline -0.006 -22"><span class='ocrx_word' id='word_1_166' title='bbox 230 3329 241 3398; x_wconf 91' lang='grc'>(</span> <span class='ocrx_word' id='word_1_167' title='bbox 246 3331 270 3400; x_wconf 86' lang='lat'><strong>1)</strong></span> <span class='ocrx_word' id='word_1_168' title='bbox 282 3329 338 3384; x_wconf 88' lang='lat' dir='ltr'><strong>Sur</strong></span> <span class='ocrx_word' id='word_1_169' title='bbox 350 3329 389 3385; x_wconf 86' lang='lat' dir='ltr'><strong>les</strong></span> <span class='ocrx_word' id='word_1_170' title='bbox 400 3348 534 3404; x_wconf 83' lang='lat' dir='ltr'><strong>ouvrages</strong></span> <span class='ocrx_word' id='word_1_171' title='bbox 547 3331 583 3385; x_wconf 90' lang='lat' dir='ltr'><strong>de</strong></span> <span class='ocrx_word' id='word_1_172' title='bbox 594 3331 721 3386; x_wconf 85' lang='lat' dir='ltr'><strong>Richard</strong></span> <span class='ocrx_word' id='word_1_173' title='bbox 733 3331 769 3387; x_wconf 91' lang='lat' dir='ltr'><strong>de</strong></span> <span class='ocrx_word' id='word_1_174' title='bbox 780 3331 959 3397; x_wconf 83' lang='lat' dir='ltr'><strong>Fourneaux,</strong></span> <span class='ocrx_word' id='word_1_175' title='bbox 975 3345 1058 3400; x_wconf 74' lang='lat' dir='ltr'><strong>noyez</strong></span> <span class='ocrx_word' id='word_1_176' title='bbox 1069 3326 1210 3381; x_wconf 80' lang='lat' dir='ltr'><strong>l&#39;Hr&#39;stoire</strong></span> <span class='ocrx_word' id='word_1_177' title='bbox 1225 3324 1271 3377; x_wconf 77' lang='lat' dir='ltr'><strong>tit-</strong></span> 
     </span>
     <span class='ocr_line' id='line_1_26' title="bbox 195 3418 711 3495; baseline 0.008 -24"><span class='ocrx_word' id='word_1_178' title='bbox 195 3418 297 3473; x_wconf 50' lang='lat' dir='ltr'><strong>le‘mfre</strong></span> <span class='ocrx_word' id='word_1_179' title='bbox 312 3418 347 3473; x_wconf 85' lang='lat' dir='ltr'><strong>de</strong></span> <span class='ocrx_word' id='word_1_180' title='bbox 363 3420 485 3489; x_wconf 80' lang='lat' dir='ltr'><strong>France,</strong></span> <span class='ocrx_word' id='word_1_181' title='bbox 502 3432 522 3475; x_wconf 88' lang='lat' dir='ltr'><strong>t.</strong></span> <span class='ocrx_word' id='word_1_182' title='bbox 536 3421 592 3488; x_wconf 89' lang='lat' dir='ltr'><strong>IX,</strong></span> <span class='ocrx_word' id='word_1_183' title='bbox 607 3441 635 3494; x_wconf 92' lang='lat' dir='ltr'><strong>p.</strong></span> <span class='ocrx_word' id='word_1_184' title='bbox 652 3437 711 3495; x_wconf 88' lang='lat'>¹⁰7·</span> 
     </span>
    </p>

    <p class='ocr_par' dir='ltr' id='par_1_6' title="bbox 196 3503 1274 3942">
     <span class='ocr_line' id='line_1_27' title="bbox 232 3503 1272 3579; baseline -0.003 -19"><span class='ocrx_word' id='word_1_185' title='bbox 232 3507 271 3577; x_wconf 83' lang='lat' dir='ltr'><strong>(a)</strong></span> <span class='ocrx_word' id='word_1_186' title='bbox 285 3507 396 3564; x_wconf 85' lang='lat' dir='ltr'><strong>Nicolas</strong></span> <span class='ocrx_word' id='word_1_187' title='bbox 408 3511 444 3564; x_wconf 91' lang='lat' dir='ltr'><strong>de</strong></span> <span class='ocrx_word' id='word_1_188' title='bbox 456 3510 643 3579; x_wconf 85' lang='lat' dir='ltr'><strong>Normandic,</strong></span> <span class='ocrx_word' id='word_1_189' title='bbox 658 3511 729 3565; x_wconf 83' lang='lat' dir='ltr'><strong>abbe</strong></span> <span class='ocrx_word' id='word_1_190' title='bbox 741 3510 776 3564; x_wconf 89' lang='lat' dir='ltr'><strong>de</strong></span> <span class='ocrx_word' id='word_1_191' title='bbox 788 3507 969 3566; x_wconf 87' lang='lat' dir='ltr'><strong>Saint-Onen</strong></span> <span class='ocrx_word' id='word_1_192' title='bbox 980 3508 1016 3562; x_wconf 92' lang='lat' dir='ltr'><strong>de</strong></span> <span class='ocrx_word' id='word_1_193' title='bbox 1028 3507 1129 3561; x_wconf 88' lang='lat' dir='ltr'><strong>Rouen</strong></span> <span class='ocrx_word' id='word_1_194' title='bbox 1141 3503 1223 3577; x_wconf 79' lang='lat'>(1036</span> <span class='ocrx_word' id='word_1_195' title='bbox 1234 3522 1272 3558; x_wconf 92' lang='lat' dir='ltr'><strong>ou</strong></span> 
     </span>
     <span class='ocr_line' id='line_1_28' title="bbox 199 3595 1273 3676; baseline -0.001 -27"><span class='ocrx_word' id='word_1_196' title='bbox 199 3599 320 3672; x_wconf 63' lang='lat' dir='ltr'><strong>roda·27</strong></span> <span class='ocrx_word' id='word_1_197' title='bbox 330 3617 368 3653; x_wconf 90' lang='lat' dir='ltr'><strong>ou</strong></span> <span class='ocrx_word' id='word_1_198' title='bbox 379 3601 414 3656; x_wconf 77' lang='lat'><strong>28</strong></span> <span class='ocrx_word' id='word_1_199' title='bbox 423 3602 524 3656; x_wconf 76' lang='lat' dir='ltr'><strong>levrier</strong></span> <span class='ocrx_word' id='word_1_200' title='bbox 540 3604 631 3676; x_wconf 84' lang='lat'><strong>1092).</strong></span> <span class='ocrx_word' id='word_1_201' title='bbox 645 3601 720 3657; x_wconf 76' lang='lat' dir='ltr'><strong>C&#39;est</strong></span> <span class='ocrx_word' id='word_1_202' title='bbox 733 3619 788 3655; x_wconf 91' lang='lat' dir='ltr'><strong>une</strong></span> <span class='ocrx_word' id='word_1_203' title='bbox 797 3599 927 3674; x_wconf 87' lang='lat' dir='ltr'><strong>question</strong></span> <span class='ocrx_word' id='word_1_204' title='bbox 937 3599 994 3653; x_wconf 82' lang='lat' dir='ltr'><strong>sort</strong></span> <span class='ocrx_word' id='word_1_205' title='bbox 1006 3597 1123 3653; x_wconf 88' lang='lat' dir='ltr'><strong>obscure</strong></span> <span class='ocrx_word' id='word_1_206' title='bbox 1136 3595 1172 3650; x_wconf 87' lang='lat' dir='ltr'><strong>de</strong></span> <span class='ocrx_word' id='word_1_207' title='bbox 1184 3595 1273 3650; x_wconf 80' lang='lat' dir='ltr'><strong>savoie</strong></span> 
     </span>
     <span class='ocr_line' id='line_1_29' title="bbox 196 3684 1272 3763; baseline -0.001 -24"><span class='ocrx_word' id='word_1_208' title='bbox 196 3684 241 3740; x_wconf 81' lang='lat' dir='ltr'><strong>s&#39;il</strong></span> <span class='ocrx_word' id='word_1_209' title='bbox 256 3704 272 3739; x_wconf 86' lang='lat' dir='ltr'><strong>a</strong></span> <span class='ocrx_word' id='word_1_210' title='bbox 291 3693 431 3758; x_wconf 79' lang='lat' dir='ltr'><strong>gouverne</strong></span> <span class='ocrx_word' id='word_1_211' title='bbox 447 3690 474 3745; x_wconf 92' lang='lat' dir='ltr'><strong>le</strong></span> <span class='ocrx_word' id='word_1_212' title='bbox 491 3692 647 3746; x_wconf 74' lang='lat' dir='ltr'><strong>monestere</strong></span> <span class='ocrx_word' id='word_1_213' title='bbox 665 3690 790 3763; x_wconf 85' lang='lat' dir='ltr'><strong>pendant</strong></span> <span class='ocrx_word' id='word_1_214' title='bbox 807 3689 1012 3762; x_wconf 78' lang='lat' dir='ltr'><strong>cinquante-six</strong></span> <span class='ocrx_word' id='word_1_215' title='bbox 1031 3704 1094 3755; x_wconf 87' lang='lat' dir='ltr'><strong>ans,</strong></span> <span class='ocrx_word' id='word_1_216' title='bbox 1114 3685 1272 3740; x_wconf 79' lang='lat' dir='ltr'><strong>conforme·</strong></span> 
     </span>
     <span class='ocr_line' id='line_1_30' title="bbox 196 3772 1274 3852; baseline -0.003 -23"><span class='ocrx_word' id='word_1_217' title='bbox 196 3786 277 3830; x_wconf 87' lang='lat' dir='ltr'><strong>ment</strong></span> <span class='ocrx_word' id='word_1_218' title='bbox 292 3794 328 3830; x_wconf 91' lang='lat' dir='ltr'><strong>au</strong></span> <span class='ocrx_word' id='word_1_219' title='bbox 346 3779 417 3834; x_wconf 79' lang='lat' dir='ltr'><strong>recit</strong></span> <span class='ocrx_word' id='word_1_220' title='bbox 434 3779 471 3833; x_wconf 89' lang='lat' dir='ltr'><strong>dc</strong></span> <span class='ocrx_word' id='word_1_221' title='bbox 489 3790 571 3834; x_wconf 87' lang='lat' dir='ltr'><strong>notre</strong></span> <span class='ocrx_word' id='word_1_222' title='bbox 589 3790 704 3847; x_wconf 86' lang='lat' dir='ltr'><strong>auteur,</strong></span> <span class='ocrx_word' id='word_1_223' title='bbox 724 3798 761 3834; x_wconf 92' lang='lat' dir='ltr'><strong>ou</strong></span> <span class='ocrx_word' id='word_1_224' title='bbox 778 3780 928 3852; x_wconf 88' lang='lat' dir='ltr'><strong>cinquante</strong></span> <span class='ocrx_word' id='word_1_225' title='bbox 945 3796 1009 3844; x_wconf 88' lang='lat' dir='ltr'><strong>aus,</strong></span> <span class='ocrx_word' id='word_1_226' title='bbox 1029 3794 1137 3831; x_wconf 89' lang='lat' dir='ltr'><strong>comme</strong></span> <span class='ocrx_word' id='word_1_227' title='bbox 1151 3774 1233 3829; x_wconf 94' lang='lat' dir='ltr'><strong>ledit</strong></span> <span class='ocrx_word' id='word_1_228' title='bbox 1248 3772 1274 3827; x_wconf 93' lang='lat' dir='ltr'><strong>le</strong></span> 
     </span>
     <span class='ocr_line' id='line_1_31' title="bbox 197 3867 835 3942; baseline 0.005 -22"><span class='ocrx_word' id='word_1_229' title='bbox 197 3867 397 3923; x_wconf 85' lang='lat' dir='ltr'><strong>continuateur</strong></span> <span class='ocrx_word' id='word_1_230' title='bbox 410 3868 445 3923; x_wconf 89' lang='lat' dir='ltr'><strong>de</strong></span> <span class='ocrx_word' id='word_1_231' title='bbox 457 3869 620 3925; x_wconf 87' lang='lat' dir='ltr'><strong>Guillaume</strong></span> <span class='ocrx_word' id='word_1_232' title='bbox 633 3869 669 3924; x_wconf 91' lang='lat' dir='ltr'><strong>de</strong></span> <span class='ocrx_word' id='word_1_233' title='bbox 682 3871 835 3942; x_wconf 76' lang='lat' dir='ltr'><strong>lumieges.</strong></span> 
     </span>
    </p>

    <p class='ocr_par' dir='ltr' id='par_1_7' title="bbox 197 3953 1276 4121">
     <span class='ocr_line' id='line_1_32' title="bbox 233 3953 1274 4034; baseline -0.006 -22"><span class='ocrx_word' id='word_1_234' title='bbox 233 3953 273 4028; x_wconf 82' lang='lat'><strong>(3)</strong></span> <span class='ocrx_word' id='word_1_235' title='bbox 290 3957 368 4013; x_wconf 84' lang='lat' dir='ltr'><strong>Nous</strong></span> <span class='ocrx_word' id='word_1_236' title='bbox 386 3977 506 4032; x_wconf 82' lang='lat' dir='ltr'><strong>pensem</strong></span> <span class='ocrx_word' id='word_1_237' title='bbox 523 3979 578 4034; x_wconf 91' lang='lat' dir='ltr'><strong>que</strong></span> <span class='ocrx_word' id='word_1_238' title='bbox 595 3960 621 4014; x_wconf 92' lang='lat' dir='ltr'><strong>la</strong></span> <span class='ocrx_word' id='word_1_239' title='bbox 638 3961 751 4033; x_wconf 90' lang='lat' dir='ltr'><strong>portion</strong></span> <span class='ocrx_word' id='word_1_240' title='bbox 771 3958 1003 4014; x_wconf 73' lang='lat' dir='ltr'><strong>semi-circulatim</strong></span> <span class='ocrx_word' id='word_1_241' title='bbox 1020 3957 1055 4012; x_wconf 88' lang='lat' dir='ltr'><strong>de</strong></span> <span class='ocrx_word' id='word_1_242' title='bbox 1072 3957 1210 4012; x_wconf 66' lang='lat' dir='ltr'><strong>batiment</strong></span> <span class='ocrx_word' id='word_1_243' title='bbox 1225 3953 1274 4027; x_wconf 90' lang='lat' dir='ltr'><strong>qui</strong></span> 
     </span>
     <span class='ocr_line' id='line_1_33' title="bbox 197 4045 1276 4121; baseline -0.006 -21"><span class='ocrx_word' id='word_1_244' title='bbox 197 4046 285 4100; x_wconf 81' lang='lat' dir='ltr'><strong>existe</strong></span> <span class='ocrx_word' id='word_1_245' title='bbox 293 4058 373 4102; x_wconf 89' lang='lat' dir='ltr'><strong>entre</strong></span> <span class='ocrx_word' id='word_1_246' title='bbox 382 4047 487 4121; x_wconf 74' lang='lat' dir='ltr'><strong>l’eglise</strong></span> <span class='ocrx_word' id='word_1_247' title='bbox 500 4048 618 4105; x_wconf 86' lang='lat' dir='ltr'><strong>aetnelle</strong></span> <span class='ocrx_word' id='word_1_248' title='bbox 630 4059 659 4103; x_wconf 91' lang='lat' dir='ltr'><strong>et</strong></span> <span class='ocrx_word' id='word_1_249' title='bbox 671 4047 768 4103; x_wconf 80' lang='lat' dir='ltr'><strong>l’hbtel</strong></span> <span class='ocrx_word' id='word_1_250' title='bbox 779 4047 815 4103; x_wconf 91' lang='lat' dir='ltr'><strong>de</strong></span> <span class='ocrx_word' id='word_1_251' title='bbox 826 4046 852 4102; x_wconf 88' lang='lat' dir='ltr'><strong>la</strong></span> <span class='ocrx_word' id='word_1_252' title='bbox 863 4049 971 4116; x_wconf 87' lang='lat' dir='ltr'><strong>mairie,</strong></span> <span class='ocrx_word' id='word_1_253' title='bbox 986 4056 1029 4102; x_wconf 90' lang='lat' dir='ltr'><strong>est</strong></span> <span class='ocrx_word' id='word_1_254' title='bbox 1042 4045 1156 4101; x_wconf 85' lang='lat' dir='ltr'><strong>l&#39;ahside</strong></span> <span class='ocrx_word' id='word_1_255' title='bbox 1166 4051 1276 4115; x_wconf 86' lang='lat' dir='ltr'><strong>septen-</strong></span> 
     </span>
    </p>
   </div>
   <div class='ocr_carea' id='block_1_5' title="bbox 198 4130 1280 4285">
    <p class='ocr_par' dir='ltr' id='par_1_8' title="bbox 198 4130 1280 4285">
     <span class='ocr_line' id='line_1_34' title="bbox 198 4130 1280 4214; baseline -0.006 -24"><span class='ocrx_word' id='word_1_256' title='bbox 198 4135 319 4190; x_wconf 85' lang='lat' dir='ltr'><strong>trionale</strong></span> <span class='ocrx_word' id='word_1_257' title='bbox 328 4138 363 4192; x_wconf 87' lang='lat' dir='ltr'><strong>‹le</strong></span> <span class='ocrx_word' id='word_1_258' title='bbox 375 4151 419 4195; x_wconf 91' lang='lat' dir='ltr'><strong>cet</strong></span> <span class='ocrx_word' id='word_1_259' title='bbox 430 4140 537 4197; x_wconf 73' lang='lat' dir='ltr'><strong>edisne.</strong></span> <span class='ocrx_word' id='word_1_260' title='bbox 552 4140 599 4197; x_wconf 89' lang='lat' dir='ltr'><strong>On</strong></span> <span class='ocrx_word' id='word_1_261' title='bbox 610 4141 663 4196; x_wconf 84' lang='lat' dir='ltr'><strong>sait</strong></span> <span class='ocrx_word' id='word_1_262' title='bbox 673 4159 729 4214; x_wconf 89' lang='lat' dir='ltr'><strong>que</strong></span> <span class='ocrx_word' id='word_1_263' title='bbox 740 4141 813 4194; x_wconf 85' lang='lat' dir='ltr'><strong>saint</strong></span> <span class='ocrx_word' id='word_1_264' title='bbox 821 4139 919 4194; x_wconf 86' lang='lat' dir='ltr'><strong>Pierre</strong></span> <span class='ocrx_word' id='word_1_265' title='bbox 929 4139 997 4196; x_wconf 79' lang='lat' dir='ltr'><strong>etait</strong></span> <span class='ocrx_word' id='word_1_266' title='bbox 1005 4137 1032 4192; x_wconf 87' lang='lat' dir='ltr'><strong>le</strong></span> <span class='ocrx_word' id='word_1_267' title='bbox 1044 4147 1145 4210; x_wconf 84' lang='lat' dir='ltr'><strong>patron</strong></span> <span class='ocrx_word' id='word_1_268' title='bbox 1156 4130 1280 4208; x_wconf 81' lang='lat' dir='ltr'><strong>primitil</strong></span> 
     </span>
     <span class='ocr_line' id='line_1_35' title="bbox 199 4224 380 4285; baseline 0.022 -8"><span class='ocrx_word' id='word_1_269' title='bbox 199 4224 234 4278; x_wconf 84' lang='lat' dir='ltr'><strong>de</strong></span> <span class='ocrx_word' id='word_1_270' title='bbox 247 4226 380 4285; x_wconf 64' lang='lat' dir='ltr'><strong>tantave.</strong></span> 
     </span>
    </p>
   </div>
   <div class='ocr_carea' id='block_1_6' title="bbox 0 0 1471 4934">
    <p class='ocr_par' dir='ltr' id='par_1_9' title="bbox 0 0 1471 4934">
     <span class='ocr_line' id='line_1_36' title="bbox 0 0 1471 4934; baseline 0 0"><span class='ocrx_word' id='word_1_271' title='bbox 0 0 1471 4934; x_wconf 95' lang='lat' dir='ltr'><strong> </strong></span> 
     </span>
    </p>
   </div>
  </div>
 </body>
</html>
