2888 4934
201 401 279 480 [mo
293 423 357 464 m.
373 404 468 479 1099]
592 403 710 466 unm
730 405 866 467 nouus.
1200 415 1258 475 sss

199 533 398 619 civitatem,
417 558 529 630 quam
546 549 584 605 ut
597 535 677 609 Deo
691 536 898 637 adquireret
914 540 1048 611 aeriter
1062 564 1263 638 expugua-

201 648 266 735 uit,
284 664 477 745 gratanter
490 653 524 720 ei
541 650 649 723 debes
667 652 788 725 urbem
804 655 950 752 offerre,
970 681 1080 755 quom
1097 658 1260 731 noudum

195 764 378 860 possides,
395 781 429 836 et
442 764 518 866 ipse
530 773 691 867 requirit.
707 770 830 844 Nobis
847 775 955 860 euim,
972 773 1026 844 ud
1041 773 1124 846 Ioco
1137 791 1262 846 nostra

197 881 457 972 remeantibus,
489 886 640 958 consilio
663 915 846 989 manuque
869 894 945 962 siue
970 890 1081 962 dubio
1106 891 1169 962 tibi
1194 895 1262 963 erit

195 1004 309 1074 valde
329 1005 566 1076 necessarius.
593 1007 730 1079 Ciuitas
756 1011 866 1106 regim
888 1009 1074 1108 majestati
1094 1006 1263 1078 nobiliter

196 1139 230 1192 et
252 1122 381 1196 utiliter
397 1122 615 1223 subjacebit,
632 1149 703 1223 pro
722 1149 796 1221 qua
814 1140 936 1195 tantus
957 1124 1060 1195 heros
1080 1124 1116 1194 ei
1137 1121 1260 1194 homi·-

194 1244 294 1312 uium
303 1240 429 1339 j'ocict
453 1269 500 1314 uc
520 1240 702 1313 militabit.
728 1240 824 1340 Rege
850 1240 1137 1339 persuasionibus
1156 1240 1259 1338 opti*

193 1373 330 1430 matum
354 1385 429 1432 non
457 1357 727 1459 adquiescente,
757 1383 874 1430 comes
899 1359 1009 1430 iratus
1033 1358 1196 1445 recessit,
1222 1373 1259 1430 et

194 1473 407 1548 Ascalonitis
422 1492 464 1548 ut
475 1501 548 1548 sese
568 1475 799 1573 pertinaciter
813 1474 1044 1548 defenderent
1060 1473 1255 1546 mandavit.

193 1590 268 1662 Rex
296 1605 416 1664 autem
446 1591 610 1665 obsidere
636 1590 764 1664 urbem
790 1592 928 1681 voluit3
957 1591 1017 1664 sed
1046 1591 1257 1690 proceribus

192 1708 328 1781 cunctis
350 1734 426 1805 prae
449 1710 500 1780 ira
523 1724 558 1782 et
579 1710 787 1809 fatigatione
806 1708 1072 1799 recedentibus,
1095 1710 1149 1782 nil
1170 1733 1258 1808 per-

191 1840 333 1921 petrare
359 1826 454 1899 solus
480 1827 622 1924 potuit,
654 1825 901 1927 oppidumque
929 1826 1079 1900 illaesum
1105 1842 1257 1899 moestus

188 1937 335 2011 dimisit.
363 1940 460 2013 Proh
484 1941 625 2039 pudor!
657 1967 722 2015 nec
745 1944 838 2039 ipse,
867 1968 934 2015 nec
956 1944 1017 2014 alii
1042 1967 1163 2041 reges,
1191 1942 1254 2040 qui

189 2068 269 2149 post
286 2078 368 2125 eum
388 2080 453 2153 per
470 2081 517 2126 xr.
534 2078 647 2128 annos
663 2055 679 2152 (
687 2058 718 2153 t)
740 2072 1006 2154 regnaverunt,
1027 2055 1256 2153 saepedictam

187 2167 458 2243 Philistinorum
479 2172 711 2269 metropolim
727 2197 838 2273 usque
860 2171 905 2245 ad
925 2171 1137 2245 hodiernam
1158 2171 1255 2243 diem

187 2285 343 2357 nancisci
360 2301 575 2384 potuerunt;
593 2287 704 2360 immo
717 2313 875 2386 peream
890 2286 1090 2387 plusquam
1108 2301 1254 2361 centum

187 2401 297 2474 millia
317 2400 530 2492 hominum,
550 2420 684 2501 praeter
704 2404 770 2474 alia
796 2407 985 2477 innumera
1012 2403 1251 2490 detrimenta,

186 2516 433 2614 perdiderunt.
453 2520 511 2591 Sic
528 2518 736 2591 insatiabilis
753 2520 915 2593 lucratur
931 2520 1094 2592 ambitio.
1115 2521 1151 2593 Si
1168 2546 1253 2593 vera

185 2629 331 2704 dilectio
358 2656 481 2730 regem
505 2630 733 2729 possedisset,
760 2650 796 2704 et
819 2634 893 2731 ipse
916 2635 1125 2731 proximum
1148 2661 1253 2706 suum

182 2751 281 2849 juxta
305 2749 420 2848 legem
441 2748 505 2820 Dei
529 2748 620 2820 sicut
645 2774 681 2821 se
704 2748 902 2838 dilexisset,
927 2749 1056 2823 hostile
1078 2749 1252 2849 oppidum

186 2867 258 2965 ipsa
285 2866 342 2939 die
371 2865 515 2966 adipisci
540 2868 732 2966 potuisset,
753 2893 818 2968 per
845 2868 942 2970 quod
965 2868 1058 2942 liber
1081 2871 1252 2943 transitus

185 3007 296 3082 usque
306 2983 342 3053 in
352 2981 572 3080 Babylonem
583 2983 804 3057 Christicolis
814 2986 995 3083 patuisset.
1009 2983 1251 3059 Gotefredum

184 3123 305 3198 regem
322 3094 480 3172 multum'
493 3098 619 3188 laudo,
638 3099 712 3190 sed,
728 3102 819 3172 sicut
834 3101 963 3174 Paulus
978 3102 1158 3201 apostolus
1174 3102 1251 3176 Co-

183 3215 328 3288 rinthiis
343 3216 469 3290 scribit
485 3219 554 3315 (a),
574 3219 611 3290 iu
628 3217 696 3291 hoc
711 3244 786 3292 non
804 3218 923 3293 laudo.

231 3333 364 3406 Fertur
392 3335 427 3406 in
456 3360 576 3434 pugna
600 3335 866 3409 Admiravisum
885 3334 1047 3408 habuisse
1070 3362 1109 3408 cc
1135 3336 1249 3408 millia

183 3450 341 3525 militum
365 3467 400 3524 et
426 3452 630 3525 innumeras
657 3451 823 3527 cohortes
853 3453 1027 3552 peditum.
1054 3452 1247 3525 Christiani

182 3583 302 3642 autem
313 3567 518 3643 habuerunt
534 3595 625 3668 pene
639 3570 739 3644 mille
755 3572 903 3658 milites,
920 3588 957 3645 et
972 3596 1046 3645 xxx
1058 3569 1171 3644 millia
1182 3596 1248 3670 pe-

182 3680 311 3755 ditum.
332 3683 401 3775 Qui
420 3686 567 3783 juvante
587 3686 680 3770 Deo,
705 3685 800 3759 caede
822 3703 984 3785 peracta,
1009 3686 1142 3759 reversi
1164 3702 1248 3760 sunt

217 3895 309 3961 (1)Ce
323 3894 420 3949 chiffre
433 3864 536 3951 semble
550 3896 690 3971 indiquer,
705 3898 768 3952 saut
779 3897 805 3952 le
818 3916 873 3971 peu
887 3897 922 3952 de
936 3897 1077 3953 confiance
1088 3899 1172 3973 qu’on
1187 3898 1248 3953 doit

182 3985 257 4038 avoir
266 3984 334 4038 dans
346 3985 385 4040 les
397 3986 590 4059 supputatione
598 3986 633 4042 de
643 3997 723 4042 notre
735 3997 844 4054 auteur,
854 4005 890 4042 en
901 3987 1032 4043 nombres
1043 3987 1144 4055 ronds,
1155 4004 1210 4062 que
1219 3985 1247 4039 la

181 4075 218 4129 lin
231 4074 269 4130 du
284 4076 427 4130 nenvieme
438 4075 506 4131 livre
518 4077 636 4132 n’aurait
647 4095 695 4150 pas
707 4079 751 4133 ite
762 4079 848 4133 ecrite
860 4088 940 4134 avant
955 4076 1029 4153 1139.

215 4167 253 4237 (a)
268 4166 291 4220 1.
307 4166 369 4222 Cor.
386 4184 429 4221 m.
