2872 4920
182 417 240 480 114
453 416 638 479 nlsrome
660 415 966 478 ECCLESIASTICA.
1035 419 1242 501 [1115-1116]

179 547 353 634 nocebat,·
371 547 494 621 aliena
511 574 586 622 non
605 550 770 648 rapiens,
782 548 942 650 pacifice
957 549 1033 622 suis
1050 566 1242 624 contentus

181 682 271 738 erat.
290 672 374 766 Ipse
390 667 499 738 etiam
516 691 583 739 nec
600 665 753 738 multum
770 665 887 755 diues,
904 691 971 739 nec
982 667 1135 741 nimium
1146 694 1243 768 pau·

176 804 258 878 per,
278 778 478 853 secundum
495 779 671 853 laicorum
690 779 851 853 ordinem
871 780 911 852 in
921 782 1152 881 possessione
1167 808 1244 856 11111-

180 894 302 969 diocri
313 899 472 997 seipsum
484 912 519 969 et
521 891 755 995 familiolam
768 895 912 970 honeste
923 895 1081 997 regebat.
1101 899 1244 973 Vicinis

181 1014 259 1086 suis
284 1012 530 1114 indigentibus
552 1039 739 1105 nummos,
764 1029 978 1087 nontamen
997 1014 1052 1087 ad
1071 1041 1242 1107 usuram,

181 1130 501 1222 accommodabat,
517 1131 585 1205 sed
590 1148 740 1232 propter
750 1129 1000 1231 infidelitatem
1011 1132 1207 1206 multorum
1219 1159 1244 1206 a

180 1244 404 1320 debitoribus
419 1245 635 1320 vadimonia
650 1247 839 1320 retinebat.
856 1247 919 1321 Ita
934 1274 973 1320 se
990 1252 1082 1321 inter
1102 1265 1245 1322 utrum·

182 1389 252 1462 que
273 1363 448 1454 babebat,
473 1364 573 1464 quod
593 1389 660 1438 nec
683 1366 829 1466 optimis
851 1368 939 1437 uiris
964 1364 1105 1455 melior,
1122 1385 1246 1466 neque

162 1550 163 1554 ,
182 1479 293 1555 mulis
314 1481 468 1555 deterior
485 1483 738 1554 aestimaretur.
765 1482 843 1581 Qui
862 1507 941 1555 cum
960 1507 999 1555 se
1016 1486 1180 1582 quietum
1199 1484 1247 1557 ub

183 1601 285 1671 omni
307 1613 415 1697 parte
434 1614 601 1699 putaret,
631 1625 699 1671 nec
722 1598 837 1671 alicui
862 1625 901 1672 se
925 1623 1001 1672 esse
1030 1599 1248 1675 invidiosum

184 1716 400 1806 aestimaret,
422 1715 548 1790 diuina
562 1717 688 1816 gratia
709 1715 825 1814 (sicut
846 1718 901 1789 rei
921 1719 1042 1790 excitus
1056 1715 1248 1819 probauit)

184 1831 396 1931 inspiratus,
405 1831 563 1905 uinculis
574 1831 710 1933 regula
718 1831 848 1906 Sancti
856 1832 1045 1906 Benedicti
1053 1858 1132 1906 sese
1140 1832 1249 1934 ligari

184 1962 219 2018 et
235 1945 361 2020 babitu
377 1949 543 2046 insigniri
555 1948 787 2025 desiderauit.
806 1949 910 2050 Quid
917 1948 1055 2051 plura?
1072 1950 1186 2023 Venit
1197 1949 1251 2023 ud

185 2067 442 2139 monasterium
448 2084 622 2157 nostrum,
637 2068 676 2139 in
686 2067 818 2141 bonore
830 2069 953 2140 sancti
964 2067 1069 2140 Petri
1072 2065 1245 2168 apostoli,

183 2198 217 2254 et
238 2199 379 2258 sancta
399 2182 624 2257 EtbcIdridce
646 2184 702 2282 (r)
725 2198 987 2273 constructum,
1013 2209 1038 2255 a
1060 2181 1247 2257 monacbis

184 2298 468 2372 misericordiam
480 2300 615 2400 petivit,
630 2326 670 2373 se
680 2326 821 2400 suaque
831 2298 962 2373 ditioni
971 2323 1093 2373 eornm
1106 2298 1249 2373 tradere

179 2417 362 2516 promisit.
379 2416 456 2490 Sed
462 2416 560 2518 prob
573 2416 697 2492 murt
714 2418 775 2491 ille
788 2421 946 2518 uniquus,
957 2442 1029 2518 per
1040 2417 1149 2518 eujus
1160 2418 1247 2491 inri-

184 2530 287 2607 diam
304 2531 352 2606 de
369 2532 552 2633 paradiso
572 2533 699 2607 Adam
718 2535 871 2623 cecidit,
901 2533 998 2606 illius
1023 2535 1245 2633 posteritati,

184 2675 300 2751 usque
310 2651 364 2723 ad
371 2651 925 2752 novissimumquiuenturusest,
939 2650 1095 2725 inuidere
1102 2651 1249 2724 minime

186 2768 353 2842 cessabit.
373 2768 511 2841 Verum
523 2768 642 2857 Deus,
661 2775 726 2869 qui
738 2767 1013 2841 misericorditer
1026 2769 1149 2840 omnia
1165 2793 1248 2840 suu·

186 2887 339 2984 uiterque
359 2884 533 2984 disponit,
558 2909 698 2986 semper
714 2885 812 2958 uelut
834 2887 1056 2984 omnipotens
1075 2882 1122 2955 de
1142 2881 1248 2956 medis

185 2997 300 3091 bona,
320 2999 367 3074 de
383 3000 485 3074 bonis
502 3000 652 3074 meliora
654 2999 773 3099 facit.
794 3003 878 3075 Hoc
894 3027 976 3073 cum
994 3027 1020 3072 a
1038 3000 1159 3074 multis
1180 3025 1250 3072 au·

186 3112 325 3186 diretur
349 3116 460 3212 (num
486 3116 571 3189 licet
595 3118 747 3217 majoris
770 3142 842 3188 non
871 3133 981 3206 esset,
1009 3114 1250 3216 aliquantulce

187 3245 306 3303 tamen
316 3229 441 3330 joma
462 3231 570 3303 borno
591 3231 654 3304 illc
675 3233 792 3332 erat),
814 3233 966 3334 qnidam
981 3232 1139 3305 Henrici
1154 3237 1250 3333 regis

187 3349 361 3438 minister,
388 3349 597 3450 specialiter
615 3366 734 3424 autem
756 3349 898 3424 diaboli
920 3375 1060 3437 seruus,
1088 3365 1251 3423 armatus

187 3466 322 3570 lupinis
337 3466 506 3542 dentibus
522 3470 695 3550 accurrit.

186 3676 340 3731 construite
354 3691 402 3729 sur
425 3694 464 3730 un
486 3676 592 3731 terrain
609 3684 789 3750 appertenaut
813 3678 828 3729 11
847 3673 970 3746 l'abbaye
986 3673 1021 3729 de
1045 3671 1178 3745 erscy,
1201 3690 1253 3746 par

188 3763 315 3832 ednoth,
332 3765 405 3820 frere
422 3764 457 3821 de
475 3783 519 3821 ces
535 3765 609 3822 deux
626 3765 787 3822 tondateurs
803 3773 832 3820 et
847 3764 968 3838 premier
985 3761 1055 3817 abbe'
1068 3760 1103 3817 de
1119 3760 1250 3835 Ramsey.

188 3853 302 3927 L'e'glise
317 3854 474 3927 paroiesiale
486 3856 555 3912 eterit
568 3873 632 3912 sous
643 3855 818 3911 l’invocation
834 3853 869 3909 de
886 3854 958 3908 saint
970 3852 1075 3908 Pierre.
1091 3850 1138 3908 On
1150 3861 1252 3907 trouve

187 3943 213 3998 le
232 3962 298 4000 nom
318 3943 354 3999 de
372 3962 403 3999 ce
419 3942 477 4001 lieu
495 3946 564 4002 berit
579 3970 585 4000 ε
600 3947 689 4002 Cetriz
705 3945 774 4001 dans
790 3943 817 3999 le
834 3942 998 4017 Domesdcy
1012 3941 1105 4005 Boon·
1123 3940 1251 4009 otiante,

192 4034 310 4103 Ontcriu,
326 4044 355 4090 et
363 4033 438 4090 enfin
451 4035 602 4105 Catericbt,
616 4036 685 4092 dans
694 4035 721 4092 la
733 4037 829 4091 charte
841 4033 876 4090 de
889 4034 1021 4090 Henri1⁸'
1033 4034 1082 4107 qui
1095 4031 1189 4105 erigea
1201 4021 1255 4104 Ery

186 4145 221 4181 en
239 4125 339 4182 e'veche'
354 4124 481 4196 (octobre
500 4126 589 4198 1108).
606 4128 716 4183 Guirin
731 4123 806 4200 parle
820 4125 855 4180 ici
871 4143 906 4179 au
920 4143 984 4180 nom
1001 4123 1134 4191 d’Herve,
1153 4121 1203 4196 qui
1217 4138 1255 4176 en

186 4214 230 4269 1111
240 4212 266 4270 le
281 4213 401 4288 premier
413 4213 527 4289 oreque.

224 4304 318 4373 (11111
332 4304 403 4378 sujct
416 4302 451 4395 pie
463 4314 534 4362 cette
547 4304 647 4374 sainte,
665 4322 745 4377 royez
759 4303 908 4370 cidcssus,
923 4313 940 4357 1.
959 4304 984 4371 l,
1000 4321 1027 4375 p.
1047 4303 1102 4366 114,
