2888 4934
194 391 255 449 arr
469 380 652 441 uisrouu
675 381 979 442 nectesixsrrct.
1159 385 1260 461 [rosa]

193 548 280 621 quas
296 516 462 590 liberales
487 512 595 613 Angli
615 515 712 612 jussu
737 513 896 586 Eduardi
914 515 1007 616 regis
1030 515 1183 615 largiter
1198 514 1259 589 dis

193 636 415 719 tribuerant,
450 630 650 719 imminuit,
678 647 714 703 et
741 631 878 730 regales
904 630 1007 704 fiscos
1034 633 1258 706 accumulans

194 754 331 828 colonis
362 775 446 822 arva
471 750 705 820 retruncavit.
733 750 841 820 Ruris
874 751 993 848 itaque
1018 749 1110 823 olim
1131 739 1257 825 diutius

192 871 288 943 nacti
306 867 565 952 diminutione,
585 882 621 937 et
635 865 768 937 insoliti
790 864 970 964 vectigalis
991 867 1093 965 gravi
1107 891 1255 967 exagge-

192 990 350 1074 ratione,
377 984 554 1082 supplices
580 985 688 1080 regiae
715 981 877 1054 lidelitati
905 982 1026 1082 plebes
1056 983 1255 1058 indecenter

192 1103 388 1202 oppressit,
401 1099 527 1172 ablatis
540 1096 648 1169 rebus
662 1099 879 1183 attenuavit,
893 1114 930 1169 et
946 1099 983 1172 in
999 1100 1153 1172 nimiam
1166 1124 1254 1199 eges·

193 1239 303 1293 tatem
317 1217 362 1290 de
381 1218 515 1316 ingenti
533 1216 635 1313 copia
648 1213 799 1313 redegit.

240 1337 352 1435 Hujus
376 1335 526 1407 consilio
549 1333 690 1432 juvenis
713 1358 797 1421 rex,
822 1332 1061 1408 morientibus
1085 1335 1252 1432 praelatis,

191 1456 353 1530 ecclesias
365 1480 446 1525 cum
464 1448 743 1549 possessionibus
760 1451 850 1523 olim
867 1450 934 1523 sibi
948 1450 1039 1523 datis
1058 1454 1208 1541 invasit,
1225 1468 1256 1525 et

191 1574 315 1645 tamin
334 1569 486 1643 abbatiis
503 1568 724 1656 coenobitas,
740 1596 849 1668 quam
869 1570 907 1641 in
923 1570 1114 1668 episcopiis
1131 1572 1256 1671 episoo

189 1690 287 1789 pales
302 1687 454 1760 decanos
469 1703 505 1758 et
525 1687 717 1759 canonicos
738 1684 887 1759 cuilibet
900 1688 1094 1760 satellitum
1115 1713 1256 1761 suorum

190 1806 343 1904 subegit.
358 1805 506 1876 Parcam
517 1819 637 1874 autem
646 1801 691 1873 ad
703 1803 839 1874 victum
851 1830 955 1875 suum
967 1803 1257 1879 distributionem

190 1950 314 1997 rerum
332 1923 381 1994 eis
397 1918 602 2021 delegabat,
626 1937 662 1992 et
685 1921 843 2019 reliquos
866 1921 1024 1995 redditus
1042 1950 1114 1996 suae
1132 1923 1256 1998 ditioni

190 2040 431 2139 mancipabat.
451 2040 508 2110 Sic
532 2039 677 2110 avaritia
703 2039 796 2137 regis
815 2039 851 2110 in
878 2039 1037 2113 Ecclesia
1063 2041 1130 2114 Dei
1157 2041 1258 2114 nimis

190 2159 339 2244 exarsit,
361 2173 397 2229 et
409 2157 563 2229 nefarius
577 2180 672 2242 mos,
691 2171 777 2226 tuuc
792 2156 993 2253 incoeptus,
1012 2159 1176 2257 usquein
1194 2157 1259 2233 hc-

189 2275 355 2348 diernum
370 2273 464 2345 diem
482 2297 730 2370 perseverans,
745 2271 868 2343 multis
880 2273 1068 2347 animabus
1081 2277 1194 2350 exitio
1206 2274 1256 2351 lit.

190 2393 265 2464 Hac
277 2391 375 2462 enim
391 2388 435 2461 de
452 2416 552 2461 causa
569 2388 717 2487 cupidus
730 2414 792 2460 rex
806 2407 964 2486 pastores
977 2393 1135 2466 ecclesiis
1150 2394 1260 2493 impo

190 2534 277 2582 nere
300 2505 509 2596 differebat,
527 2523 563 2578 et
593 2508 746 2604 populus
771 2523 930 2595 rectore,
952 2525 988 2579 ct
1011 2535 1100 2607 grex
1119 2526 1261 2607 pastore

190 2653 313 2701 carens
349 2625 481 2723 lupinis
513 2622 680 2697 dentibus
710 2624 872 2721 patebat,
901 2643 937 2696 et
964 2627 1267 2700 multimodarum

189 2747 351 2827 toxicatis
365 2743 556 2819 missilibus
571 2744 755 2841 culparum
771 2745 943 2814 sauciatus
960 2744 1144 2816 interibat.
1160 2745 1286 2817 Prin-

189 2892 270 2964 ceps
280 2865 412 2963 itaque,
424 2863 532 2934 nimia
547 2859 739 2958 cupiditate
754 2859 920 2959 llagrans,
933 2888 996 2933 suo
1010 2863 1119 2933 inlert
1131 2865 1286 2936 aerari«)

188 2981 303 3078 largas
327 3006 430 3077 opes,
457 3005 543 3076 quas
571 2977 741 3049 Ecclesiae
767 2977 831 3047 Dei
860 2993 1045 3074 gratanter
1069 2995 1107 3050 et
1134 2977 1277 3053 devote

187 3095 364 3170 dederunt
381 3097 519 3194 antiqui
535 3094 738 3191 Anglorum
759 3119 884 3192 reges:
900 3093 1111 3168 Edilbertus
1128 3098 1276 3171 scilicet

187 3243 228 3287 ac
241 3213 422 3300 Eduinus,
442 3212 517 3283 Oll'a
539 3236 683 3311 quoque
697 3238 737 3282 ac
753 3210 935 3296 Athullus,
951 3212 1117 3285 Ellrcdus
1134 3231 1171 3286 et
1184 3213 1269 3287 Ed-

186 3360 312 3436 garus,
348 3332 480 3430 aliique
510 3330 690 3427 principes
717 3355 797 3401 cum
826 3330 895 3400 suis
923 3329 1173 3426 optimatibus.
1204 3330 1263 3404 llli

185 3452 374 3538 nimirum,
387 3448 430 3520 ad
444 3447 548 3520 fidem
563 3448 705 3519 noviter
715 3447 891 3531 conversi,
902 3447 1017 3518 Deum
1031 3446 1188 3522 fideliter
1202 3475 1258 3522 oo·

184 3570 351 3655 luerunt,
372 3581 408 3639 et
430 3565 475 3638 de
500 3569 569 3636 suis
596 3564 824 3636 abundantiis
849 3564 1036 3636 monacbis
1058 3583 1094 3638 et
1122 3568 1253 3640 clericis

185 3687 370 3759 allluenter
383 3684 501 3782 largiti
518 3700 618 3769 sunt;
638 3699 675 3752 nt
693 3682 861 3779 speciales
874 3683 1029 3754 ministri
1049 3709 1159 3757 sacrae
1174 3686 1250 3784 legis

185 3803 329 3901 copioso
350 3803 445 3871 victu
463 3800 551 3896 pasti
571 3796 785 3898 gauderent,
805 3798 941 3897 Deique
963 3798 1101 3871 cultum
1125 3800 1247 3900 absque

184 3918 256 3989 ulla
276 3919 497 3989 recusatione
520 3934 625 3989 nocte
642 3915 770 4015 dieque
787 3916 954 3987 alacriter
967 3934 1200 4016 peragerent,
1218 3931 1245 3986 et

185 4034 221 4104 in
242 4033 326 4105 locis
346 4034 547 4103 constitutis
561 4031 718 4104 celebres
738 4030 904 4102 excubias
918 4032 993 4102 Deo
1013 4031 1243 4105 indesinenter

184 4148 408 4223 exhiberent.
437 4149 524 4219 lllur
547 4149 726 4246 peregrini
749 4165 783 4217 rt
808 4149 960 4221 viatores·
990 4150 1103 4261 securi
1133 4147 1239 4223 renie-
