2888 4934
574 453 691 522 tisun
710 453 868 522 sextus.
1196 457 1254 524 us
1288 427 1290 432 ⁸

333 587 458 647 Faciesioe
467 591 538 646 natis
547 589 625 646 dedit
636 589 792 662 exemplum
804 589 945 645 bonitatis.

328 682 456 754 Denique
468 679 620 735 Jerusalem
631 680 794 753 peregrinus
808 696 924 752 pergere
937 681 1030 753 coepit.

289 770 296 781 ‘
328 771 364 826 In
376 769 469 843 Cypro
480 769 539 823 vitae
552 768 635 823 finem
647 766 844 843 tumulumque
857 767 970 840 recepit.

330 859 437 914 Ultima
448 857 519 913 vidit
529 876 594 912 eum
605 856 733 932 quintiiis
746 858 784 929 (r)
800 857 846 912 lux
861 858 1039 925 morientem,

329 949 421 1021 Quem
433 948 524 1004 fovent
537 948 665 1008 Christm
679 946 766 1021 patris
778 949 808 1004 in
821 946 942 1004 thalamo
955 950 1132 1004 renitentem.

236 1083 425 1156 Uticenses
434 1081 600 1155 monaehi
615 1106 745 1180 corpus
761 1083 906 1179 patroni
922 1083 975 1154 sui
988 1107 1062 1155 non
1076 1107 1113 1155 se
1127 1079 1258 1154 habere

187 1196 403 1287 doluerunt,
422 1214 458 1270 et
476 1195 659 1299 quomodo
675 1197 741 1269 sibi
766 1196 977 1270 redderetur
997 1198 1120 1271 multis
1141 1197 1255 1272 modis

188 1316 429 1416 quaesierunt,
447 1339 513 1388 nec
535 1313 650 1387 adhuc
677 1315 869 1414 impetrare
897 1317 1177 1413 praevaluerunt.
1208 1315 1257 1387 Et

189 1430 363 1532 moniam
375 1445 491 1503 totum
504 1429 716 1505 desiderium
730 1441 833 1503 suum
846 1429 1029 1530 superbae
1043 1458 1082 1505 re
1094 1431 1256 1505 nondum

190 1545 449 1645 impleverunt,
464 1548 539 1644 jam
555 1547 675 1645 piures
692 1547 859 1646 reliquias
875 1545 1022 1620 diversis
1039 1545 1157 1620 modis
1173 1571 1258 1646 pro-

189 1678 428 1750 meavemnt,
462 1662 638 1764 variisque
667 1663 888 1762 temporibus
919 1666 1059 1738 favente
1087 1665 1163 1736 Deo
1196 1687 1256 1735 re*

187 1777 385 1854 duxerunt.

232 1894 372 1984 Falco,
399 1897 611 1996 prepositus
638 1897 815 1970 Uticensis
838 1897 1014 1984 ecciesiae,
1044 1897 1107 1996 qui
1135 1911 1256 1994 postea

185 2013 351 2087 Divmsis
375 2010 485 2084 abbas
509 2013 621 2086 sactus
648 2027 722 2101 est,
752 2039 771 2084 a
800 2012 996 2086 Guillelmo
1023 2009 1147 2086 Notbo
1171 2037 1256 2113 rege

185 2129 400 2230 Anglonm
409 2128 451 2202 ad
466 2130 610 2204 Bertam
627 2129 842 2202 comitissam
860 2130 914 2227 (a)
931 2155 1000 2228 pro
1015 2129 1164 2227 privatis
1179 2154 1258 2202 cau·

183 2247 232 2319 sis
250 2247 290 2319 in
306 2245 466 2345 Brigiam
483 2247 538 2345 (ὃ)
555 2247 682 2321 missus
698 2262 763 2319 est.
783 2247 887 2319 Tunc
902 2272 970 2344 per
985 2244 1177 2345 quemdam
1196 2272 1258 2319 ca-

183 2360 371 2461 pellanum
412 2363 601 2436 comitissae
643 2367 780 2464 (quem
818 2363 965 2436 natione
1004 2361 1257 2436 Normanuum

186 2476 378 2577 coguovit)
390 2532 402 2565 ,
416 2476 501 2578 quia
522 2477 707 2550 familiaris
721 2479 878 2553 ecclesiae
903 2477 1132 2552 Resbacensis
1157 2495 1253 2565 erat,
1343 2556 1345 2559 ,

187 2592 331 2669 dentem
342 2596 454 2669 sancti
468 2593 612 2669 Ebrnlfi
625 2597 800 2685 obtinuit,
817 2596 915 2671 acad
928 2597 1133 2670 Uticensem
1146 2597 1257 2670 eccle·

194 2710 274 2784 siam
290 2736 455 2785 remeans
470 2711 707 2811 gaudentibus
723 2715 860 2787 cunctis
875 2714 1009 2786 attulit.

236 2828 380 2925 [rr-334
392 2829 490 2929 137.]
509 2830 697 2930 Regnante
712 2830 896 2904 Ludovico
915 2855 1000 2931 rege
1017 2832 1086 2929 (A),
1109 2830 1255 2932 quidam

202 2945 378 3018 eanonicus
393 2947 545 3020 nomine
556 2946 751 3022 Fuibertus
762 2947 914 3020 Parisius
928 2964 1023 3036 erat,
1039 2953 1100 3048 qui
1113 2974 1153 3022 os
1166 2950 1255 3023 inte-

204 3059 347 3152 grinde
360 3062 462 3161 spina
477 3065 514 3136 S.
528 3045 671 3138 Ebrnlfi
689 3063 860 3153 habebat,
876 3063 973 3167 quod
992 3064 1194 3165 capellanus
1208 3064 1253 3140 de

145 3222 148 3231 ,
205 3176 1255 3284 capeliaHenriciregisFraucorumsubtraxerat,eiquejam·

1137 3342 1247 3354 ——nn-

227 3413 257 3486 ir)
271 3417 312 3472 Ge
321 3417 367 3473 snt
379 3418 541 3476 reellement
553 3421 580 3476 le
596 3433 629 3476 r*
638 3423 719 3489 sont,
737 3440 845 3478 comme
857 3433 939 3479 notre
951 3433 1052 3478 auteur
1063 3423 1138 3478 vient
1152 3441 1253 3479 encore

145 3518 147 3523 ’
206 3496 258 3559 dtle
267 3506 342 3576 dire,
356 3519 385 3564 et
397 3527 454 3567 uon
466 3509 536 3567 1031
550 3511 660 3583 juillet,
672 3530 728 3586 que
739 3523 854 3568 mourut
866 3513 893 3568 le
905 3514 978 3568 saint
990 3513 1070 3567 abbe.

227 3590 258 3663 (a)
267 3593 345 3650 Nona
359 3614 395 3651 ne
408 3615 531 3669 pontons
543 3600 634 3654 croire
648 3619 704 3675 que
714 3611 794 3656 notre
807 3612 906 3657 auteur
915 3603 955 3658 ait
965 3600 1051 3656 voulu
1064 3600 1156 3674 parler
1169 3602 1204 3657 ici
1218 3602 1253 3658 de

204 3671 265 3737 nette
281 3682 318 3739 de
334 3684 531 3760 champagne,
550 3688 664 3744 d’abord
681 3689 816 3746 duchesse
830 3691 866 3745 de
878 3692 1028 3764 bretagne,
1043 3691 1106 3763 puis
1120 3701 1253 3747 comtesse

204 3762 334 3830 deusne.
352 3775 448 3847 Voyez
460 3777 605 3846 cidessus,
621 3791 696 3836 tome
706 3782 748 3848 ΙΙ,
764 3800 791 3854 p.
806 3779 868 3853 593.
881 3781 958 3836 Nous
969 3781 1076 3835 aimone
1086 3781 1178 3836 mieux
1189 3800 1253 3856 sup-

203 3871 263 3926 posu
275 3864 344 3938 qn'il
360 3882 428 3920 aura
446 3885 480 3921 eu
499 3887 535 3922 en
552 3887 604 3924 rue
619 3870 778 3936 Gemende,
800 3869 855 3923 {ille
869 3857 1250 3940 d’Herbert·Eveille·Cbien,

202 3961 273 4008 ente
283 3952 323 4009 du
334 3955 442 4021 Maine,
456 3955 621 4014 belle-emur
632 3960 667 4015 de
677 3960 759 4015 berte
770 3977 820 4032 par
833 3976 881 4012 son
893 3959 1015 4033 mariage
1027 3978 1091 4015 avec
1103 3961 1249 4030 Thibaud,

200 4049 272 4095 ente
288 4040 323 4096 de
337 4042 532 4119 champagne,
549 4051 612 4120 puis
627 4047 760 4121 repudiee
776 4066 826 4120 par
843 4066 874 4101 ce
892 4047 1031 4120 seigneur,
1047 4060 1076 4104 et
1090 4051 1249 4104 remarieei

199 4124 288 4198 dtzcn,
301 4134 427 4207 marquis
439 4133 474 4188 de
489 4136 610 4209 Ligurie.

222 4215 258 4288 (d)
270 4222 305 4276 La
319 4222 395 4278 Brie.
604 4282 608 4289 ,

222 4304 256 4375 (i)
269 4306 349 4364 bonis
362 4309 403 4368 Vl
411 4351 420 4378 ,
434 4309 476 4366 dir
490 4311 515 4367 le
528 4312 725 4386 Gros(3aoi1t
743 4312 865 4370 1108·r‘'
879 4313 945 4368 aodt
962 4311 1028 4388 ¹¹37
1044 4353 1051 4368 .
