2888 4934
83 446 168 525 roeo]
426 441 543 503 maun
564 441 751 502 octavus.
1063 442 1119 502 ³21

83 574 297 663 tertradam,
317 573 471 647 sobolem
489 573 646 646 Simonis
661 573 707 644 de
722 571 933 672 Monteforti
945 574 1020 672 (t),
1034 601 1126 674 nep-

83 716 134 765 nn
164 690 303 764 scilicet
330 687 562 763 Ebroicensis
598 691 738 763 comitis
770 689 981 778 Guillenni,
1016 716 1128 790 quam

83 808 235 884 leloissa
251 808 434 880 comitissa
451 807 505 905 (2)
518 809 650 897 nutrit,
670 823 704 879 et
716 833 785 878 sua
800 805 866 878 sub
885 805 1000 878 tutela
1018 823 1130 879 curto-

83 928 134 1001 tt.
157 927 270 999 Hanc
286 925 374 996 mihi
389 925 581 1024 conjugem
600 925 726 1013 trade,
742 924 887 997 obsecro
893 958 910 1012 ;
927 942 960 996 et
976 948 1130 1024 quaque

83 1042 132 1117 ibi
141 1044 283 1145 pepigi,
300 1040 459 1115 servabo.
475 1041 644 1113 Protinus
661 1066 703 1114 ex
719 1057 822 1139 parte
834 1038 933 1113 ducis
946 1034 1131 1138 superbae

83 1186 103 1236 e
119 1185 240 1235 eomes
255 1157 484 1231 Ebroicensis
498 1158 688 1258 requisitus
703 1173 767 1231 est.
784 1156 852 1250 Qui
865 1182 1050 1261 moxoum
1060 1156 1132 1229 suis

83 1274 268 1351 ecasariis
279 1274 401 1346 amicis
414 1273 601 1347 consilium
616 1273 709 1359 iniit,
720 1289 756 1345 et
767 1273 904 1345 exitum
916 1272 967 1343 rei
981 1270 1134 1345 sollicite

83 1394 302 1494 uestigauit.
321 1389 480 1465 Tandem
504 1393 650 1490 negotio
667 1391 860 1490 diligenter
886 1388 1070 1488 indagato,
1090 1390 1134 1462 ad

83 1510 200 1583 uriam
224 1507 324 1581 ducis
341 1508 503 1596 occessit,
525 1523 562 1580 et
581 1508 677 1580 inter
702 1522 830 1581 caetera
848 1508 898 1577 sic
914 1504 996 1578 duci
1013 1504 1130 1577 dixit:

83 1632 156 1702 tem
163 1682 178 1715 ,
192 1626 340 1699 domine
355 1625 454 1715 dur,
469 1625 637 1725 postulas
653 1650 677 1696 a
691 1651 748 1698 me
762 1623 851 1696 mitt
865 1622 978 1696 ualde
994 1639 1136 1696 eontra·

83 1750 178 1833 iam,
198 1760 235 1816 ut
252 1760 393 1845 neptem
407 1769 543 1831 meam,
562 1769 643 1841 qua
661 1741 784 1815 adhue
802 1758 923 1815 tenera
943 1745 1046 1840 uirgo
1063 1759 1133 1828 est,

83 1864 219 1962 iigamo
241 1862 294 1958 (ὅ)
314 1862 481 1951 tradam,
501 1888 611 1960 quam
627 1864 785 1934 soron'us
803 1888 901 1934 meus
922 1861 1013 1933 milti
1032 1886 1136 1933 com-

83 1980 255 2055 nendaoit
282 1979 527 2053 nutriendam.
563 1981 699 2051 Verum
724 1979 873 2077 provide
909 1977 1136 2052 commodum

83 2126 173 2185 uum
198 2098 353 2194 quatrio,
372 2124 564 2196 meumque
581 2097 832 2199 parvipendis.
856 2097 1137 2169 Cenomannen-

84 2242 144 2290 em
168 2217 380 2289 comitatam
404 2217 461 2287 uis
485 2213 551 2286 tibi
568 2214 727 2289 obtinere
747 2240 815 2314 per
832 2230 972 2313 neptem
998 2238 1134 2304 meam,

83 2349 102 2405 tt
127 2348 168 2405 tu
195 2333 281 2403 mihi
306 2327 429 2427 aufers
455 2330 689 2404 hereditatem
717 2359 849 2404 meam.
875 2312 1064 2404 Jus'tanzne
1087 2348 1139 2405 est

83 2447 173 2533 mod
194 2445 357 2519 moliris?
374 2447 465 2519 Non
475 2449 628 2545 faciam
647 2448 748 2548 quod
758 2454 899 2550 poscis,
918 2451 990 2522 nisi
1009 2447 1138 2520 reddi-

83 2565 166 2639 ien's
198 2564 287 2636 mihi
314 2564 549 2638 Batboentum
577 2581 613 2636 et
639 2566 867 2663 Nogionem,
896 2567 939 2637 V
934 2570 1075 2638 aoeiurn
1107 2583 1140 2637 et

83 2685 363 2771 2’raventionem,
382 2682 571 2755 Scoeeium
597 2683 673 2781 (4),
705 2681 869 2782 aliosque
878 2681 1028 2781 fundos
1055 2684 1139 2755 Ra-

83 2798 167 2898 luffi
177 2803 302 2899 patrui
320 2802 390 2871 mei
407 2798 478 2896 (5),
499 2801 646 2900 quipro
663 2799 918 2898 magnitudine
938 2800 1088 2898 capitis,
1107 2816 1141 2869 et

83 2917 242 3014 :angeria
258 2915 476 3011 capillorum
491 2916 622 3015 jocose
646 2914 918 3015 cagndminatus
943 2933 995 2989 est
1019 2916 1141 3014 Caput

83 3031 212 3117 Atini3
233 3033 424 3129 nepotique
446 3056 524 3103 meo
546 3028 741 3103 Guillelmo
756 3033 973 3105 Bretoliensi
989 3033 1142 3105 Pontem

107 3334 149 3403 (ι)
162 3327 311 3394 flemme,
328 3327 384 3383 fitte
394 3328 428 3382 de
441 3328 537 3384 Simon
552 3330 593 3396 1²¹,
608 3331 738 3404 seigneur
750 3331 785 3386 de
799 3330 1100 3396 Montfort-I'Amauri,
1115 3339 1143 3383 ot

83 3420 198 3495 t‘tgnto
210 3406 359 3473 d'ssvreux.

109 3509 151 3580 (²)
162 3505 274 3565 Helvite
286 3506 321 3560 de
336 3507 453 3574 nevers,
468 3517 600 3562 comtesse
612 3495 758 3562 d’Evreux.

111 3594 154 3669 (ὅ)
164 3597 203 3652 Le
215 3606 306 3652 comte
318 3594 439 3667 d'Anjou
450 3596 522 3649 avait
533 3595 594 3668 dejo
606 3598 651 3650 ete
661 3596 761 3663 marie,
772 3613 829 3650 non
838 3614 887 3668 pas
897 3595 985 3662 deux,
999 3597 1067 3649 mais
1077 3597 1144 3651 trois

83 3685 142 3754 soie,
157 3685 268 3740 savoie:
288 3696 325 3738 ιθ.
344 3688 358 3739 t
375 3683 544 3758 Hildegarde
561 3685 596 3739 de
616 3684 776 3755 Beaujenei3
794 3695 832 3738 2⁰.
851 3688 866 3739 t
884 3672 1093 3753 Hermenga'rde
1110 3685 1145 3738 de

83 3773 224 3841 Bourbon‚
243 3784 271 3827 et
284 3771 324 3827 5⁰.
344 3777 358 3827 'a
374 3773 535 3846 Arengprde
551 3773 585 3827 de
598 3773 756 3827 (lasteillon.
772 3774 795 3827 ll
809 3775 881 3828 avait
892 3773 1009 3847 repudii
1022 3773 1060 3826 les
1072 3773 1145 3828 deux

83 3865 236 3928 dernieres,
248 3865 296 3937 qui
308 3865 453 3919 existaient
464 3883 565 3919 encore
575 3867 590 3917 i
603 3863 729 3938 l’epoque
740 3863 775 3918 de
786 3881 836 3919 soa
846 3863 1002 3938 quatrieme
1013 3865 1144 3938 mariage.

109 3955 151 4024 (4)
163 3953 281 4018 Bet-ent,
297 3953 359 4023 pres
372 3952 495 4019 Troum
510 3951 821 4024 Noyon·sur·Audelle,
835 3950 1015 4024 aujourd'hui
1029 3952 1146 4008 Charle-

83 4040 132 4109 nh
144 4041 238 4107 Gaui,
252 4041 432 4113 Gramma,
452 4029 590 4095 Ecouche.

108 4132 148 4204 (ὅ)
165 4130 462 4199 ΒεοιιΙ-Τὸῑε-ἀἈηθ,
479 4131 581 4186 second
598 4130 639 4185 tits
656 4130 692 4186 de
708 4130 898 4205 l'arehevique
916 4130 1037 4196 Robort,
1056 4139 1147 4184 comte

83 4211 223 4277 i’Evreux.
239 4223 333 4293 Voyez
346 4221 498 4288 cidessns,
515 4234 536 4276 t.
552 4221 593 4289 ll,
608 4241 636 4294 p.
655 4225 713 4288 toi.

152 4338 208 4385 ttt.
566 4333 568 4337 ’
952 4337 992 4382 21
