2888 4934
180 391 387 471 [toea-1096]
552 387 668 448 LlBEll
688 386 877 446 OCTAVUS.
1192 387 1248 448 lll

180 525 349 601 Gornaoo
367 525 382 622 (
389 524 436 620 1),
457 546 609 595 uxorem
626 520 742 594 duxit.
761 519 936 593 Morellus
949 535 1067 591 autem
1077 574 1089 611 ,
1102 518 1252 594 domino

179 669 246 718 suo
258 642 410 717 vinculis
425 639 721 713 indissolubiliter
734 641 883 739 injecto,
899 636 943 711 de
958 637 1088 738 Anglia
1102 656 1252 749 moestus

180 762 331 861 aufugit,
345 757 546 860 multasque
558 759 724 858 regiones
735 774 959 857 pervagatus,
973 783 1108 857 pauper
1122 775 1158 829 et
1171 783 1253 831 exo-

181 906 239 953 sus
256 881 293 952 in
311 878 419 951 exilio
437 878 639 953 consenuit.

230 995 462 1069 Exhilaratus
473 1013 580 1068 nacto
589 994 634 1068 de
643 994 839 1068 rebellibus
851 995 1029 1094 trophae0,
1042 1021 1106 1068 rex
1120 995 1254 1068 amicos

182 1131 460 1205 remuneratur,
485 1115 651 1186 factiosos
676 1115 865 1202 convenit,
895 1115 1115 1214 diversisque
1138 1110 1255 1186 modis

183 1231 368 1304 convictos
389 1229 546 1328 punivit.
573 1231 769 1329 Rogerium
794 1230 839 1303 de
865 1231 991 1303 Laceio
1013 1231 1087 1329 (a),
1112 1230 1254 1328 penitus

181 1347 459 1435 exheredatum,
480 1346 523 1420 de
542 1349 674 1447 Anglia
694 1348 850 1447 fugavit,
871 1365 907 1421 et
927 1347 1163 1421 hereditatem
1181 1348 1254 1446 ejus

183 1468 348 1567 Hugoni,
375 1468 478 1539 lratri
506 1468 600 1566 ejus,
629 1469 691 1567 qui
715 1465 869 1539 fideliter
884 1468 1032 1568 justitiae
1061 1467 1253 1551 servierat,

184 1585 327 1657 tribuit.
349 1586 562 1684 Hugonem,
584 1584 962 1658 scrobesburiensium
984 1585 1153 1659 comitem
1177 1584 1253 1680 (ὅ),

166 1701 353 1801 ‚privatim
379 1702 507 1774 allatus
534 1704 731 1801 corripuit,
760 1720 796 1774 et
822 1705 975 1804 acceptis
1001 1702 1048 1774 ab
1073 1726 1117 1775 eo
1140 1698 1257 1773 tribus

181 1818 472 1909 millibuslibris,
493 1821 529 1892 in
547 1821 743 1894 amicitiam
753 1821 1038 1921 calliderecepit.
1050 1821 1108 1893 Sic
1123 1835 1159 1892 et
1172 1819 1260 1892 alios

182 1936 319 2036 plures,
335 1938 520 2036 ingentem
532 1939 694 2037 pecuniae
707 1966 858 2012 massam
869 1937 1092 2038 accipiendo,
1108 1939 1258 2037 castiga-

183 2053 257 2143 vit,
280 2072 317 2128 et
334 2080 402 2153 pro
423 2055 602 2129 nobilium
621 2059 822 2131 reverentia
841 2075 1051 2158 parentum,
1070 2058 1133 2158 qui
1151 2057 1258 2129 talio-

186 2196 271 2245 nem
287 2174 324 2245 in
340 2172 565 2246 Narmannia
578 2200 851 2275 recompensare
863 2192 1029 2276 possent,
1048 2174 1141 2248 velle
1155 2200 1260 2246 suum

185 2285 336 2385 provide
350 2287 601 2361 dissimulavit.

235 2405 339 2478 Tunc
355 2404 571 2479 Guillelmus
592 2407 636 2481 de
658 2407 759 2482 Auco
778 2410 898 2507 palam
920 2408 964 2482 de
984 2410 1145 2510 nequitia
1170 2433 1262 2481 con-

185 2522 301 2597 victus
313 2525 400 2612 fuit,
418 2549 527 2625 quem
543 2550 606 2598 rex
621 2526 818 2618 luminibus
832 2529 1005 2626 privavit,
1020 2544 1057 2601 et
1070 2526 1261 2624 amputatis

186 2642 357 2715 testiculis
376 2643 528 2715 eviravit
545 2645 615 2741 (4).
637 2645 716 2717 Hoc
734 2647 910 2717 nimirum
926 2647 1078 2745 Hugone
1095 2645 1261 2719 Cestren·

185 2758 277 2837 sium
295 2761 428 2833 comite
444 2761 596 2859 pertulit
613 2763 824 2862 instigante,
849 2765 947 2862 cujus
964 2787 1127 2836 sororem
1149 2758 1262 2833 habe-

185 2874 268 2968 bat3
287 2878 349 2951 sed
365 2905 565 2978 congruam
581 2879 688 2952 fidem
706 2882 738 2952 ci
758 2907 832 2953 nou
853 2896 1073 2968 servaverat,
1098 2877 1181 2979 quia
1205 2903 1263 2949 sc-

186 3021 248 3073 eue
265 3020 345 3068 eam
362 2998 494 3069 trinam
511 2996 676 3070 sobolem
691 2997 736 3070 de
752 2997 880 3096 pellice
898 3013 1083 3096 genuerat.

225 3211 267 3284 (ι)
279 3210 350 3267 Fillc
362 3212 397 3265 de
411 3211 518 3267 Girard
532 3211 567 3266 de
581 3211 709 3267 Gournai
724 3222 752 3266 ct
767 3200 896 3279 d’Edith,
916 3229 991 3266 soeur
1003 3209 1039 3266 de
1053 3208 1218 3266 Guillaume
1232 3206 1267 3261 de

190 3300 339 3370 Varenus,
351 3304 475 3375 premier
485 3303 524 3357 du
537 3321 618 3369 nom,
633 3312 724 3357 comte
735 3302 770 3356 de
783 3302 895 3375 Surrey.

225 3391 266 3463 (a)
282 3393 323 3447 Ce
338 3393 478 3466 seigneur,
494 3393 536 3447 file
552 3393 587 3448 de
601 3393 721 3448 Gautier
736 3392 771 3447 de
784 3393 848 3448 Laci
864 3391 1059 3464 (aujourd’hui
1074 3390 1162 3458 Lassi,
1180 3406 1228 3442 sur
1243 3387 1267 3440 la

126 3528 130 3534 .
192 3491 275 3537 route
289 3480 418 3536 d‘Aulnai
435 3483 564 3552 lVire),
581 3484 630 3556 qui
645 3501 722 3556 passa
736 3501 771 3536 en
787 3482 954 3554 Angletcrre
967 3499 1032 3537 avec
1046 3476 1270 3536 Guillaume-le-

192 3571 390 3645 conquerant,
411 3573 499 3626 tenait
517 3571 552 3626 de
572 3572 597 3627 la
616 3573 799 3628 munificence
817 3571 910 3644 royale
929 3573 992 3645 plus
1010 3570 1045 3626 de
1068 3588 1116 3624 rao
1136 3568 1267 3624 mauoirs.

192 3661 271 3717 Nous
284 3661 310 3716 le
321 3681 435 3717 verrous
447 3681 482 3716 eu
500 3680 566 3717 1102
579 3667 593 3718 h
606 3663 631 3717 la
644 3664 701 3719 tete
714 3663 749 3719 de
760 3664 872 3718 l'armee
884 3663 919 3717 de
931 3662 1038 3716 Robert
1049 3660 1269 3717 CourteHeuse.

228 3749 267 3823 (3)
282 3753 386 3826 Hugue
402 3752 437 3807 de
452 3754 685 3827 Montgommeri,
700 3765 792 3809 comte
806 3754 841 3809 de
854 3752 1049 3825 Shrewsbmy,
1066 3750 1168 3807 second
1182 3749 1224 3803 lils
1236 3747 1272 3801 de

194 3841 290 3917 Roger
302 3843 337 3898 de
350 3845 569 3918 Montgommeri
583 3857 611 3901 et
624 3846 659 3901 de
674 3844 785 3901 Mabile.

231 3934 270 4004 (l)
282 3932 462 4004 Guillaume,
479 3934 625 3990 deuxieme
640 3935 680 3989 du
695 3954 776 4002 nom,
788 3945 886 3989 comte
899 3932 980 3987 d’ttu.
998 3933 1035 3987 La
1050 3929 1209 3985 mutilation
1221 3930 1270 4002 qui

197 4021 238 4076 lui
248 4023 292 4077 lut
305 4023 428 4097 infligee,
444 4025 535 4097 paralt
546 4043 581 4079 en
595 4023 758 4097 effctplutbt
767 4024 794 4079 le
807 4024 924 4080 resultat
935 4025 971 4078 de
984 4025 1009 4079 la
1021 4040 1177 4096 veugeance
1190 4020 1273 4074 d'une

196 4113 299 4168 strumo
307 4118 451 4189 outragee,
465 4117 568 4191 qu’une
581 4115 712 4190 punition
724 4116 872 4191 politiqtre.
884 4118 935 4172 Cct
944 4120 1106 4173 dvc'nement
1117 4111 1199 4168 estde
1208 4109 1272 4164 l’an·

198 4203 250 4257 nee
266 4202 343 4276 1096.
