2888 4934
262 386 324 443 592
548 375 730 436 lllSTOlllA
752 374 1058 435 Eccttsttsttct.
1128 376 1226 454 [vm
1248 379 1345 453 1099]

261 528 361 602 sunt,
379 511 552 611 quoniam
574 509 854 580 Sarracenorum
878 505 985 606 gladii
1005 532 1080 579 non
1101 531 1253 605 semper
1270 506 1344 580 ob·

261 631 327 702 tusi
353 631 518 718 luerunt,
547 652 613 700 nec
640 652 767 699 eorum
787 626 915 698 militia
941 650 1082 725 semper
1106 626 1179 698 luit
1201 627 1340 716 otiosa,

259 774 376 849 neque
393 774 518 820 manus
535 744 702 819 invalida.
724 742 942 818 Occiderunt
959 770 1047 843 ergo
1063 744 1286 816 Anselmum
1299 744 1342 817 de

261 864 571 939 Ribbotlr-Monte
606 864 660 961 (ι)
696 878 733 935 et
764 863 1001 936 Guillelmum
1029 860 1229 935 Picardum
1265 864 1338 960 (a),

258 986 355 1058 viros
371 984 433 1056 alti
452 982 653 1082 sanguinis,
674 1005 877 1081 gnarosque
894 980 947 1052 rei
966 979 1140 1052 militaris
1147 1010 1158 1069 ς
1179 1006 1341 1080 quorum

260 1101 430 1202 praeclara
460 1101 620 1173 facinora
656 1092 842 1171 evidenter
871 1113 1057 1196 comperta
1082 1113 1171 1169 sunt
1201 1098 1242 1170 in
1280 1097 1340 1170 illa

261 1219 392 1291 Christi
405 1218 553 1306 militia3
569 1232 605 1288 et
620 1216 742 1313 plures
754 1216 813 1287 alii
827 1212 1000 1305 cecidere,
1014 1240 1176 1316 quorum
1188 1216 1339 1288 nomina

260 1339 354 1411 Deus
372 1337 556 1408 contineat
574 1333 609 1404 in
627 1332 830 1405 memoriali
844 1334 928 1405 ritoe
943 1357 1028 1404 suae.

308 1453 554 1552 Tripolitanos
570 1467 692 1523 autem
705 1478 769 1524 rex
783 1475 849 1550 per
862 1450 1105 1524 internuntios
1121 1476 1221 1549 saepe
1242 1449 1339 1522 Chri·

262 1571 461 1642 stianorum
490 1569 596 1642 duces
619 1565 886 1667 alloquebatur,
905 1582 941 1638 et
965 1566 1186 1642 omnimodis
1213 1593 1338 1640 eorum

261 1687 399 1760 animos
423 1703 629 1785 pertentare
654 1684 850 1773 nitebatur,
870 1701 910 1756 ut
936 1683 1025 1756 datis
1049 1685 1098 1756 eis
1125 1684 1339 1757 muneribus
1359 1767 1362 1772 ⁸

261 1830 380 1878 secum
404 1807 683 1903 paciscerentur,
708 1820 862 1875 castrum
881 1800 1128 1889 dimitterent,
1147 1819 1339 1902 pactasque

261 1926 428 2020 pecunias
452 1925 668 2022 reciperent.
697 1920 890 1993 Christiani
917 1919 962 1992 de
988 1920 1261 1992 christianitate
1287 1920 1336 1993 illi

263 2042 535 2140 proponebant,
556 2067 623 2114 nec
638 2040 745 2112 aliter
761 2067 779 2110 a
799 2064 863 2111 suo
880 2037 1000 2111 divelli
1024 2039 1219 2136 proposito
1234 2055 1337 2136 pote-

264 2174 360 2229 rant.
392 2159 456 2230 llle
487 2183 574 2230 vero
600 2156 859 2229 Christianitati
888 2156 1041 2227 nimium
1068 2153 1335 2241 recalcitrabat,

259 2291 477 2374 patrumque
504 2277 599 2374 leges
631 2291 666 2347 et
692 2292 879 2348 atavorum
913 2271 1191 2347 consuetudines
1227 2273 1338 2346 relin-

263 2414 374 2487 quere
396 2390 626 2461 formidabat.
643 2391 824 2489 Tempore
842 2390 1075 2489 procedente,
1096 2417 1204 2463 novae
1222 2391 1340 2487 fruges

263 2504 507 2578 exalbuerant.
538 2509 689 2579 Tractus
720 2509 817 2580 enim
845 2508 907 2580 ille
933 2524 1114 2580 terrarum
1143 2505 1339 2605 majoribus

264 2648 372 2720 quam
406 2624 690 2697 citramontanus
732 2625 937 2697 fervoribus
980 2641 1154 2723 vaporat,
1190 2622 1339 2722 ideoque

263 2741 519 2838 properantior
553 2743 847 2839 properantiores
873 2757 973 2812 testas
1005 2765 1133 2814 messes
1166 2755 1336 2812 maturat.

264 2857 397 2927 Martio
428 2856 607 2928 mediante
633 2856 724 2929 fabae
760 2857 1028 2956 colligebantur
1055 2857 1230 2944 novellae‚
1266 2854 1338 2927 idus

263 3080 297 3134 ils
317 3102 335 3152 y
357 3083 451 3136 iurent
475 3084 613 3154 assujettis
635 3103 687 3137 aux
708 3085 770 3156 plus
794 3084 877 3138 dures
899 3086 1061 3158 privations.
1076 3085 1151 3139 —Il
1173 3095 1250 3138 omet
1269 3087 1337 3138 aussi

264 3169 402 3243 l'eprenve
415 3171 453 3225 du
467 3173 529 3242 feu,
543 3177 558 3227 a
571 3173 689 3247 laquelle
704 3193 732 3228 se
745 3175 862 3240 soumit,
884 3175 909 3228 le
926 3172 959 3229 25
979 3191 1067 3246 mars,
1081 3175 1251 3230 l'inventeur
1263 3175 1298 3229 de
1315 3174 1337 3227 la

266 3261 353 3316 sainte
368 3262 471 3329 Lance,
486 3274 514 3318 et
527 3282 579 3317 aux
592 3265 678 3318 suites
692 3265 728 3317 de
739 3264 856 3338 laquelle
872 3265 890 3319 il
904 3265 1059 3320 succomba.

300 3354 310 3423 (
317 3354 339 3423 r)
353 3352 497 3417 Anselrne,
511 3365 601 3408 comte
614 3354 648 3408 de
661 3354 813 3410 Ribemont
827 3357 959 3427 (Aisne),
972 3355 1007 3409 dc
1017 3354 1042 3410 la
1055 3354 1159 3410 lamille
1169 3355 1217 3411 des
1231 3356 1337 3409 arciens

266 3454 370 3497 comtes
390 3443 424 3496 de
444 3443 657 3510 Valcnciennes,
679 3456 708 3499 et
725 3445 782 3499 l’un
800 3445 848 3499 des
862 3446 1012 3500 historiens
1026 3446 1099 3500 dela
1114 3447 1255 3518 premiere
1269 3445 1337 3498 croi·

267 3533 341 3585 sade.
356 3533 379 3585 ll
394 3552 428 3586 ue
442 3552 512 3586 nous
525 3546 597 3589 reste
612 3534 883 3590 malheureusement
895 3554 949 3610 que
961 3537 1018 3590 l‘un
1032 3535 1080 3589 des
1093 3536 1168 3590 deux
1181 3538 1266 3591 re'cits
1280 3553 1337 3607 par·
1388 3562 1392 3575 ·

267 3621 329 3674 tiels
343 3623 410 3694 qu'il
425 3643 441 3693 y
454 3625 526 3676 avait
541 3628 683 3678 consacres
697 3649 703 3678 :
717 3626 790 3679 celui
802 3627 851 3699 qui
864 3645 999 3680 concerne
1011 3626 1035 3679 la
1050 3626 1124 3697 prise
1133 3625 1339 3680 d’Antiochect

268 3709 307 3763 los
321 3713 454 3781 premier-s
469 3716 646 3767 evenements
658 3714 729 3768 dont
742 3715 794 3769 elle
809 3716 852 3769 lut
864 3716 960 3770 suivie.
977 3717 1057 3770 Cette
1072 3713 1191 3769 relation
1203 3734 1219 3767 a
1231 3716 1277 3770 ete
1288 3715 1338 3769 im·

269 3801 374 3871 primae
388 3802 455 3855 dans
470 3804 493 3857 le
509 3805 645 3874 Spice'lc'gr
658 3804 693 3857 tle
706 3804 850 3859 &acheri
864 3805 942 3859 Nous
956 3823 1068 3859 rerrons
1079 3804 1142 3877 plus
1157 3804 1220 3859 tard
1235 3806 1338 3878 Agnis,

268 3908 343 3942 soeur
361 3890 394 3942 ‹lo
415 3913 444 3946 ce
464 3896 546 3965 picux
567 3895 707 3966 seigneur,
726 3897 844 3966 eponser
863 3896 982 3948 Gauticr
1000 3894 1126 3961 Gillard,
1144 3893 1340 3949 deuxiemedn

268 3999 347 4044 noan,
363 3994 453 4037 comte
464 3985 499 4038 dc
514 3985 720 4057 Buekingham,
734 3997 763 4040 et
780 3986 947 4040 scandaliscr
963 3997 1042 4040 tonte
1061 3985 1085 4038 la
1105 3985 1282 4039 Normantlie
1295 4004 1341 4057 par

269 4090 311 4124 ses
322 4071 434 4126 linisons
448 4075 586 4128 adulteres
598 4096 662 4130 avec
678 4076 703 4129 le
716 4077 770 4130 duc
784 4077 898 4130 Rnhert.

305 4165 342 4228 (a)
357 4161 518 4214 Guillanrnc
532 4164 641 4217 l‘icartl.
