<?xml version="1.0" encoding="UTF-8"?>
<!DOCTYPE html PUBLIC "-//W3C//DTD XHTML 1.0 Transitional//EN"
    "http://www.w3.org/TR/xhtml1/DTD/xhtml1-transitional.dtd">
<html xmlns="http://www.w3.org/1999/xhtml" xml:lang="en" lang="en">
 <head>
  <title>
</title>
<meta http-equiv="Content-Type" content="text/html;charset=utf-8" />
  <meta name='ocr-system' content='tesseract 3.04.00' />
  <meta name='ocr-capabilities' content='ocr_page ocr_carea ocr_par ocr_line ocrx_word'/>
</head>
<body>
  <div class='ocr_page' id='page_1' title='image "./ordericivitalis05deligoog_0232.png"; bbox 0 0 2888 4934; ppageno 0'>
   <div class='ocr_carea' id='block_1_1' title="bbox 204 109 1278 192">
    <p class='ocr_par' dir='ltr' id='par_1_1' title="bbox 204 109 1278 192">
     <span class='ocr_line' id='line_1_1' title="bbox 204 109 1278 192; baseline 0.004 -20"><span class='ocrx_word' id='word_1_1' title='bbox 204 116 310 192; x_wconf 72' lang='lat'>[1092]</span> <span class='ocrx_word' id='word_1_2' title='bbox 568 110 687 171; x_wconf 78' lang='lat' dir='ltr'>LIBER</span> <span class='ocrx_word' id='word_1_3' title='bbox 709 109 913 172; x_wconf 81' lang='lat' dir='ltr'><strong>SEPTIMUS.</strong></span> <span class='ocrx_word' id='word_1_4' title='bbox 1220 117 1278 176; x_wconf 71' lang='lat'><strong>221</strong></span> 
     </span>
    </p>
   </div>
   <div class='ocr_carea' id='block_1_2' title="bbox 181 239 1346 3162">
    <p class='ocr_par' dir='ltr' id='par_1_2' title="bbox 181 239 1346 3162">
     <span class='ocr_line' id='line_1_2' title="bbox 202 239 1283 331; baseline 0.004 -15"><span class='ocrx_word' id='word_1_5' title='bbox 202 244 306 319; x_wconf 87' lang='lat' dir='ltr'><strong>tione</strong></span> <span class='ocrx_word' id='word_1_6' title='bbox 334 251 410 331; x_wconf 56' lang='grc' dir='ltr'><strong>ΠΨ,</strong></span> <span class='ocrx_word' id='word_1_7' title='bbox 437 239 527 316; x_wconf 91' lang='lat' dir='ltr'><strong>dens</strong></span> <span class='ocrx_word' id='word_1_8' title='bbox 556 243 640 315; x_wconf 87' lang='lat' dir='ltr'><strong>almi</strong></span> <span class='ocrx_word' id='word_1_9' title='bbox 669 242 881 317; x_wconf 71' lang='lat' dir='ltr'><strong>oonfeuoris</strong></span> <span class='ocrx_word' id='word_1_10' title='bbox 910 241 1072 331; x_wconf 86' lang='lat' dir='ltr'><strong>Nicolai,</strong></span> <span class='ocrx_word' id='word_1_11' title='bbox 1093 271 1177 320; x_wconf 88' lang='lat' dir='ltr'><strong>cum</strong></span> <span class='ocrx_word' id='word_1_12' title='bbox 1204 246 1283 320; x_wconf 76' lang='lat' dir='ltr'><strong>aliis</strong></span> 
     </span>
     <span class='ocr_line' id='line_1_3' title="bbox 201 355 1282 461; baseline 0.005 -30"><span class='ocrx_word' id='word_1_13' title='bbox 201 359 422 433; x_wconf 86' lang='lat' dir='ltr'><strong>Sanctorum</strong></span> <span class='ocrx_word' id='word_1_14' title='bbox 442 357 605 459; x_wconf 88' lang='lat' dir='ltr'><strong>reliquiis</strong></span> <span class='ocrx_word' id='word_1_15' title='bbox 628 385 648 429; x_wconf 93' lang='lat' dir='ltr'><strong>a</strong></span> <span class='ocrx_word' id='word_1_16' title='bbox 670 355 866 432; x_wconf 90' lang='lat' dir='ltr'><strong>Guillelmo</strong></span> <span class='ocrx_word' id='word_1_17' title='bbox 889 358 1057 434; x_wconf 86' lang='lat' dir='ltr'><strong>Pantulfo</strong></span> <span class='ocrx_word' id='word_1_18' title='bbox 1082 361 1127 435; x_wconf 91' lang='lat' dir='ltr'><strong>de</strong></span> <span class='ocrx_word' id='word_1_19' title='bbox 1152 360 1282 461; x_wconf 83' lang='lat' dir='ltr'><strong>Apulia</strong></span> 
     </span>
     <span class='ocr_line' id='line_1_4' title="bbox 200 472 1283 565; baseline 0.005 -19"><span class='ocrx_word' id='word_1_20' title='bbox 200 473 343 548; x_wconf 83' lang='lat' dir='ltr'><strong>delatus</strong></span> <span class='ocrx_word' id='word_1_21' title='bbox 355 490 427 565; x_wconf 87' lang='lat' dir='ltr'><strong>est,</strong></span> <span class='ocrx_word' id='word_1_22' title='bbox 444 490 481 547; x_wconf 89' lang='lat' dir='ltr'><strong>et</strong></span> <span class='ocrx_word' id='word_1_23' title='bbox 494 474 530 546; x_wconf 92' lang='lat' dir='ltr'><strong>in</strong></span> <span class='ocrx_word' id='word_1_24' title='bbox 546 473 690 546; x_wconf 88' lang='lat' dir='ltr'><strong>basilica</strong></span> <span class='ocrx_word' id='word_1_25' title='bbox 705 473 936 562; x_wconf 90' lang='lat' dir='ltr'><strong>Noromensi,</strong></span> <span class='ocrx_word' id='word_1_26' title='bbox 947 475 997 555; x_wconf 63' lang='lat' dir='ltr'><strong>„in</strong></span> <span class='ocrx_word' id='word_1_27' title='bbox 1014 472 1153 550; x_wconf 87' lang='lat' dir='ltr'><strong>honore</strong></span> <span class='ocrx_word' id='word_1_28' title='bbox 1170 481 1283 552; x_wconf 89' lang='lat' dir='ltr'><strong>sancti</strong></span> 
     </span>
     <span class='ocr_line' id='line_1_5' title="bbox 201 591 1283 694; baseline 0.005 -30"><span class='ocrx_word' id='word_1_29' title='bbox 201 593 305 666; x_wconf 89' lang='lat' dir='ltr'><strong>Petri</strong></span> <span class='ocrx_word' id='word_1_30' title='bbox 315 593 436 693; x_wconf 88' lang='lat' dir='ltr'><strong>prisco</strong></span> <span class='ocrx_word' id='word_1_31' title='bbox 450 608 615 692; x_wconf 89' lang='lat' dir='ltr'><strong>tempore</strong></span> <span class='ocrx_word' id='word_1_32' title='bbox 628 591 788 682; x_wconf 87' lang='lat' dir='ltr'><strong>condita,</strong></span> <span class='ocrx_word' id='word_1_33' title='bbox 802 591 1002 668; x_wconf 87' lang='lat' dir='ltr'><strong>honorifice</strong></span> <span class='ocrx_word' id='word_1_34' title='bbox 1016 611 1210 694; x_wconf 88' lang='lat' dir='ltr'><strong>susceptus.</strong></span> <span class='ocrx_word' id='word_1_35' title='bbox 1226 596 1283 669; x_wconf 83' lang='lat' dir='ltr'><strong>Ad</strong></span> 
     </span>
     <span class='ocr_line' id='line_1_6' title="bbox 204 707 1280 813; baseline 0.005 -32"><span class='ocrx_word' id='word_1_36' title='bbox 204 707 431 810; x_wconf 86' lang='lat' dir='ltr'><strong>bancutique</strong></span> <span class='ocrx_word' id='word_1_37' title='bbox 440 708 898 811; x_wconf 86' lang='lat' dir='ltr'><strong>susceptionemRngerius,</strong></span> <span class='ocrx_word' id='word_1_38' title='bbox 907 711 1085 785; x_wconf 90' lang='lat' dir='ltr'><strong>Uticensis</strong></span> <span class='ocrx_word' id='word_1_39' title='bbox 1094 712 1280 813; x_wconf 84' lang='lat' dir='ltr'><strong>abbas(1),</strong></span> 
     </span>
     <span class='ocr_line' id='line_1_7' title="bbox 205 825 1281 930; baseline 0.005 -31"><span class='ocrx_word' id='word_1_40' title='bbox 205 844 244 899; x_wconf 89' lang='lat' dir='ltr'><strong>et</strong></span> <span class='ocrx_word' id='word_1_41' title='bbox 259 825 445 917; x_wconf 82' lang='lat' dir='ltr'><strong>Radulfns‚</strong></span> <span class='ocrx_word' id='word_1_42' title='bbox 468 843 554 900; x_wconf 88' lang='lat' dir='ltr'><strong>tunc</strong></span> <span class='ocrx_word' id='word_1_43' title='bbox 569 829 742 926; x_wconf 89' lang='lat' dir='ltr'><strong>temporis</strong></span> <span class='ocrx_word' id='word_1_44' title='bbox 764 827 940 927; x_wconf 90' lang='lat' dir='ltr'><strong>Sagiensis</strong></span> <span class='ocrx_word' id='word_1_45' title='bbox 960 827 1087 917; x_wconf 89' lang='lat' dir='ltr'><strong>abbas,</strong></span> <span class='ocrx_word' id='word_1_46' title='bbox 1109 829 1170 903; x_wconf 87' lang='lat' dir='ltr'><strong>sed</strong></span> <span class='ocrx_word' id='word_1_47' title='bbox 1181 848 1281 930; x_wconf 88' lang='lat' dir='ltr'><strong>post-</strong></span> 
     </span>
     <span class='ocr_line' id='line_1_8' title="bbox 204 944 1282 1046; baseline 0.006 -30"><span class='ocrx_word' id='word_1_48' title='bbox 204 944 357 1020; x_wconf 89' lang='lat' dir='ltr'><strong>modum</strong></span> <span class='ocrx_word' id='word_1_49' title='bbox 388 945 654 1019; x_wconf 86' lang='lat' dir='ltr'><strong>Cantuariensis</strong></span> <span class='ocrx_word' id='word_1_50' title='bbox 686 944 972 1045; x_wconf 87' lang='lat' dir='ltr'><strong>archiepiscopus</strong></span> <span class='ocrx_word' id='word_1_51' title='bbox 1004 949 1059 1046; x_wconf 86' lang='lat' dir='ltr'><strong>(a)</strong></span> <span class='ocrx_word' id='word_1_52' title='bbox 1073 1003 1083 1036; x_wconf 89' lang='lat'><strong>,</strong></span> <span class='ocrx_word' id='word_1_53' title='bbox 1121 951 1282 1022; x_wconf 87' lang='lat' dir='ltr'><strong>accersiti</strong></span> 
     </span>
     <span class='ocr_line' id='line_1_9' title="bbox 207 1061 1283 1167; baseline 0.007 -33"><span class='ocrx_word' id='word_1_54' title='bbox 207 1080 310 1150; x_wconf 85' lang='lat' dir='ltr'><strong>aunt,</strong></span> <span class='ocrx_word' id='word_1_55' title='bbox 324 1079 361 1136; x_wconf 89' lang='lat' dir='ltr'><strong>et</strong></span> <span class='ocrx_word' id='word_1_56' title='bbox 378 1090 461 1136; x_wconf 91' lang='lat' dir='ltr'><strong>cum</strong></span> <span class='ocrx_word' id='word_1_57' title='bbox 476 1065 613 1164; x_wconf 80' lang='lat' dir='ltr'><strong>ingenti</strong></span> <span class='ocrx_word' id='word_1_58' title='bbox 632 1061 751 1137; x_wconf 91' lang='lat' dir='ltr'><strong>studio</strong></span> <span class='ocrx_word' id='word_1_59' title='bbox 765 1064 1047 1155; x_wconf 86' lang='lat' dir='ltr'><strong>monachorum,</strong></span> <span class='ocrx_word' id='word_1_60' title='bbox 1064 1093 1106 1140; x_wconf 87' lang='lat' dir='ltr'><strong>ac</strong></span> <span class='ocrx_word' id='word_1_61' title='bbox 1123 1067 1283 1167; x_wconf 90' lang='lat' dir='ltr'><strong>tripudio</strong></span> 
     </span>
     <span class='ocr_line' id='line_1_10' title="bbox 210 1179 1281 1283; baseline 0.007 -32"><span class='ocrx_word' id='word_1_62' title='bbox 210 1179 402 1270; x_wconf 77' lang='lat' dir='ltr'><strong>laieorum,</strong></span> <span class='ocrx_word' id='word_1_63' title='bbox 426 1198 563 1255; x_wconf 90' lang='lat' dir='ltr'><strong>sanctas</strong></span> <span class='ocrx_word' id='word_1_64' title='bbox 582 1182 751 1282; x_wconf 84' lang='lat' dir='ltr'>reliquias</span> <span class='ocrx_word' id='word_1_65' title='bbox 768 1207 891 1255; x_wconf 89' lang='lat' dir='ltr'><strong>mense</strong></span> <span class='ocrx_word' id='word_1_66' title='bbox 907 1183 1011 1281; x_wconf 88' lang='lat' dir='ltr'><strong>junio</strong></span> <span class='ocrx_word' id='word_1_67' title='bbox 1030 1202 1281 1283; x_wconf 87' lang='lat' dir='ltr'><strong>susceperunt,</strong></span> 
     </span>
     <span class='ocr_line' id='line_1_11' title="bbox 211 1292 1346 1400; baseline 0.005 -30"><span class='ocrx_word' id='word_1_68' title='bbox 211 1316 246 1371; x_wconf 92' lang='lat' dir='ltr'><strong>et</strong></span> <span class='ocrx_word' id='word_1_69' title='bbox 271 1301 309 1371; x_wconf 91' lang='lat' dir='ltr'><strong>in</strong></span> <span class='ocrx_word' id='word_1_70' title='bbox 333 1316 500 1400; x_wconf 84' lang='lat' dir='ltr'><strong>argentea</strong></span> <span class='ocrx_word' id='word_1_71' title='bbox 527 1298 647 1399; x_wconf 81' lang='lat' dir='ltr'>pixide</span> <span class='ocrx_word' id='word_1_72' title='bbox 673 1327 692 1372; x_wconf 91' lang='lat' dir='ltr'><strong>a</strong></span> <span class='ocrx_word' id='word_1_73' title='bbox 715 1298 922 1400; x_wconf 86' lang='lat' dir='ltr'><strong>supradicto</strong></span> <span class='ocrx_word' id='word_1_74' title='bbox 945 1302 1062 1375; x_wconf 89' lang='lat' dir='ltr'><strong>milite</strong></span> <span class='ocrx_word' id='word_1_75' title='bbox 1082 1292 1285 1379; x_wconf 87' lang='lat' dir='ltr'><strong>liberaliter</strong></span> <span class='ocrx_word' id='word_1_76' title='bbox 1337 1328 1346 1348; x_wconf 88' lang='lat'><strong>·</strong></span> 
     </span>
     <span class='ocr_line' id='line_1_12' title="bbox 211 1415 1284 1520; baseline 0.003 -31"><span class='ocrx_word' id='word_1_77' title='bbox 211 1434 332 1514; x_wconf 86' lang='lat' dir='ltr'><strong>parata</strong></span> <span class='ocrx_word' id='word_1_78' title='bbox 355 1415 549 1516; x_wconf 83' lang='lat' dir='ltr'><strong>diligenter</strong></span> <span class='ocrx_word' id='word_1_79' title='bbox 571 1435 844 1517; x_wconf 72' lang='lat' dir='ltr'><strong>coaptaverunt.</strong></span> <span class='ocrx_word' id='word_1_80' title='bbox 870 1418 1096 1520; x_wconf 85' lang='lat' dir='ltr'><strong>Frequenter</strong></span> <span class='ocrx_word' id='word_1_81' title='bbox 1117 1447 1136 1491; x_wconf 91' lang='lat' dir='ltr'><strong>a</strong></span> <span class='ocrx_word' id='word_1_82' title='bbox 1160 1422 1284 1494; x_wconf 91' lang='lat' dir='ltr'><strong>multis</strong></span> 
     </span>
     <span class='ocr_line' id='line_1_13' title="bbox 212 1533 1284 1638; baseline 0.007 -34"><span class='ocrx_word' id='word_1_83' title='bbox 212 1533 519 1628; x_wconf 76' lang='lat' dir='ltr'><strong>febricitantibus,</strong></span> <span class='ocrx_word' id='word_1_84' title='bbox 551 1553 587 1609; x_wconf 90' lang='lat' dir='ltr'><strong>et</strong></span> <span class='ocrx_word' id='word_1_85' title='bbox 614 1534 660 1608; x_wconf 92' lang='lat' dir='ltr'><strong>ab</strong></span> <span class='ocrx_word' id='word_1_86' title='bbox 692 1537 771 1609; x_wconf 88' lang='lat' dir='ltr'><strong>aliis</strong></span> <span class='ocrx_word' id='word_1_87' title='bbox 807 1536 1069 1636; x_wconf 61' lang='lat' dir='ltr'><strong>aegrotantibus</strong></span> <span class='ocrx_word' id='word_1_88' title='bbox 1097 1538 1284 1638; x_wconf 77' lang='lat' dir='ltr'><strong>saepedicta</strong></span> 
     </span>
     <span class='ocr_line' id='line_1_14' title="bbox 213 1653 1286 1755; baseline 0.005 -31"><span class='ocrx_word' id='word_1_89' title='bbox 213 1655 363 1754; x_wconf 87' lang='lat' dir='ltr'><strong>pignora</strong></span> <span class='ocrx_word' id='word_1_90' title='bbox 384 1653 555 1755; x_wconf 87' lang='lat' dir='ltr'><strong>requisita</strong></span> <span class='ocrx_word' id='word_1_91' title='bbox 573 1669 674 1744; x_wconf 87' lang='lat' dir='ltr'><strong>sunt,</strong></span> <span class='ocrx_word' id='word_1_92' title='bbox 698 1654 908 1755; x_wconf 85' lang='lat' dir='ltr'><strong>meritisque</strong></span> <span class='ocrx_word' id='word_1_93' title='bbox 926 1655 1012 1727; x_wconf 91' lang='lat' dir='ltr'><strong>almi</strong></span> <span class='ocrx_word' id='word_1_94' title='bbox 1035 1657 1199 1754; x_wconf 85' lang='lat' dir='ltr'><strong>praesulis</strong></span> <span class='ocrx_word' id='word_1_95' title='bbox 1215 1657 1286 1729; x_wconf 89' lang='lat' dir='ltr'><strong>Ni-</strong></span> 
     </span>
     <span class='ocr_line' id='line_1_15' title="bbox 213 1769 1247 1871; baseline 0.002 -27"><span class='ocrx_word' id='word_1_96' title='bbox 213 1771 301 1844; x_wconf 86' lang='lat' dir='ltr'><strong>colai</strong></span> <span class='ocrx_word' id='word_1_97' title='bbox 319 1769 378 1869; x_wconf 91' lang='lat' dir='ltr'><strong>pie</strong></span> <span class='ocrx_word' id='word_1_98' title='bbox 394 1771 615 1870; x_wconf 84' lang='lat' dir='ltr'><strong>postulantes</strong></span> <span class='ocrx_word' id='word_1_99' title='bbox 631 1786 792 1870; x_wconf 90' lang='lat' dir='ltr'><strong>optatam</strong></span> <span class='ocrx_word' id='word_1_100' title='bbox 808 1773 998 1844; x_wconf 88' lang='lat' dir='ltr'><strong>sanitatem</strong></span> <span class='ocrx_word' id='word_1_101' title='bbox 1014 1770 1133 1871; x_wconf 88' lang='lat' dir='ltr'><strong>adepti</strong></span> <span class='ocrx_word' id='word_1_102' title='bbox 1151 1790 1247 1846; x_wconf 90' lang='lat' dir='ltr'><strong>sunt.</strong></span> 
     </span>
     <span class='ocr_line' id='line_1_16' title="bbox 257 1887 1287 1988; baseline 0.004 -29"><span class='ocrx_word' id='word_1_103' title='bbox 257 1887 345 1960; x_wconf 90' lang='lat' dir='ltr'><strong>Non</strong></span> <span class='ocrx_word' id='word_1_104' title='bbox 366 1889 484 1963; x_wconf 85' lang='lat' dir='ltr'><strong>multo</strong></span> <span class='ocrx_word' id='word_1_105' title='bbox 502 1905 584 1988; x_wconf 90' lang='lat' dir='ltr'><strong>post</strong></span> <span class='ocrx_word' id='word_1_106' title='bbox 599 1889 768 1987; x_wconf 64' lang='lat' dir='ltr'><strong>praefatus</strong></span> <span class='ocrx_word' id='word_1_107' title='bbox 784 1887 890 1961; x_wconf 87' lang='lat' dir='ltr'><strong>heros</strong></span> <span class='ocrx_word' id='word_1_108' title='bbox 910 1913 1014 1962; x_wconf 79' lang='lat' dir='ltr'><strong>iaovae</strong></span> <span class='ocrx_word' id='word_1_109' title='bbox 1032 1887 1188 1963; x_wconf 81' lang='lat' dir='ltr'><strong>basilicae</strong></span> <span class='ocrx_word' id='word_1_110' title='bbox 1206 1892 1287 1963; x_wconf 91' lang='lat' dir='ltr'><strong>fun·</strong></span> 
     </span>
     <span class='ocr_line' id='line_1_17' title="bbox 204 1999 1287 2109; baseline 0.004 -32"><span class='ocrx_word' id='word_1_111' title='bbox 204 1999 378 2078; x_wconf 87' lang='lat' dir='ltr'><strong>damenta</strong></span> <span class='ocrx_word' id='word_1_112' title='bbox 389 2005 584 2095; x_wconf 82' lang='lat' dir='ltr'><strong>inchoavit,</strong></span> <span class='ocrx_word' id='word_1_113' title='bbox 596 2005 758 2106; x_wconf 84' lang='lat' dir='ltr'><strong>datisque</strong></span> <span class='ocrx_word' id='word_1_114' title='bbox 767 2031 816 2079; x_wconf 88' lang='lat' dir='ltr'><strong>xx</strong></span> <span class='ocrx_word' id='word_1_115' title='bbox 825 2007 957 2079; x_wconf 87' lang='lat' dir='ltr'><strong>marcis</strong></span> <span class='ocrx_word' id='word_1_116' title='bbox 965 2008 1106 2108; x_wconf 78' lang='lat' dir='ltr'><strong>argenti</strong></span> <span class='ocrx_word' id='word_1_117' title='bbox 1119 2034 1287 2109; x_wconf 85' lang='lat' dir='ltr'><strong>magnam</strong></span> 
     </span>
     <span class='ocr_line' id='line_1_18' title="bbox 200 2123 1287 2224; baseline 0.005 -30"><span class='ocrx_word' id='word_1_118' title='bbox 200 2123 331 2223; x_wconf 87' lang='lat' dir='ltr'><strong>operis</strong></span> <span class='ocrx_word' id='word_1_119' title='bbox 348 2142 488 2224; x_wconf 89' lang='lat' dir='ltr'><strong>partem</strong></span> <span class='ocrx_word' id='word_1_120' title='bbox 507 2123 631 2198; x_wconf 91' lang='lat' dir='ltr'><strong>edidit.</strong></span> <span class='ocrx_word' id='word_1_121' title='bbox 655 2123 723 2197; x_wconf 90' lang='lat' dir='ltr'><strong>Sed</strong></span> <span class='ocrx_word' id='word_1_122' title='bbox 746 2123 913 2223; x_wconf 87' lang='lat' dir='ltr'><strong>pluribus</strong></span> <span class='ocrx_word' id='word_1_123' title='bbox 937 2124 1143 2198; x_wconf 80' lang='lat' dir='ltr'><strong>infortuniis</strong></span> <span class='ocrx_word' id='word_1_124' title='bbox 1165 2131 1287 2199; x_wconf 88' lang='lat' dir='ltr'><strong>insur-</strong></span> 
     </span>
     <span class='ocr_line' id='line_1_19' title="bbox 192 2240 1286 2343; baseline 0.002 -26"><span class='ocrx_word' id='word_1_125' title='bbox 192 2240 379 2340; x_wconf 76' lang='lat' dir='ltr'><strong>gentibus</strong></span> <span class='ocrx_word' id='word_1_126' title='bbox 395 2269 486 2342; x_wconf 89' lang='lat' dir='ltr'><strong>opus</strong></span> <span class='ocrx_word' id='word_1_127' title='bbox 505 2241 717 2342; x_wconf 89' lang='lat' dir='ltr'><strong>impeditum</strong></span> <span class='ocrx_word' id='word_1_128' title='bbox 734 2259 803 2326; x_wconf 88' lang='lat' dir='ltr'><strong>est,</strong></span> <span class='ocrx_word' id='word_1_129' title='bbox 828 2259 864 2316; x_wconf 89' lang='lat' dir='ltr'><strong>et</strong></span> <span class='ocrx_word' id='word_1_130' title='bbox 885 2241 928 2314; x_wconf 87' lang='lat' dir='ltr'><strong>ad</strong></span> <span class='ocrx_word' id='word_1_131' title='bbox 952 2242 1140 2333; x_wconf 78' lang='lat' dir='ltr'><strong>eflectum,</strong></span> <span class='ocrx_word' id='word_1_132' title='bbox 1166 2245 1286 2343; x_wconf 89' lang='lat' dir='ltr'><strong>primo</strong></span> 
     </span>
     <span class='ocr_line' id='line_1_20' title="bbox 186 2359 1286 2462; baseline 0.005 -33"><span class='ocrx_word' id='word_1_133' title='bbox 186 2359 402 2434; x_wconf 76' lang='lat' dir='ltr'><strong>fundatore</strong></span> <span class='ocrx_word' id='word_1_134' title='bbox 419 2362 618 2451; x_wconf 86' lang='lat' dir='ltr'><strong>moriente,</strong></span> <span class='ocrx_word' id='word_1_135' title='bbox 637 2359 851 2460; x_wconf 88' lang='lat' dir='ltr'><strong>perductum</strong></span> <span class='ocrx_word' id='word_1_136' title='bbox 868 2386 942 2433; x_wconf 91' lang='lat' dir='ltr'><strong>non</strong></span> <span class='ocrx_word' id='word_1_137' title='bbox 961 2376 1027 2433; x_wconf 91' lang='lat' dir='ltr'><strong>est.</strong></span> <span class='ocrx_word' id='word_1_138' title='bbox 1045 2361 1124 2459; x_wconf 90' lang='lat' dir='ltr'><strong>lpse</strong></span> <span class='ocrx_word' id='word_1_139' title='bbox 1141 2360 1286 2462; x_wconf 87' lang='lat' dir='ltr'><strong>quidem</strong></span> 
     </span>
     <span class='ocr_line' id='line_1_21' title="bbox 187 2475 1288 2576; baseline 0.002 -27"><span class='ocrx_word' id='word_1_140' title='bbox 187 2489 245 2549; x_wconf 57' lang='grc' dir='ltr'><strong>λθ</strong></span> <span class='ocrx_word' id='word_1_141' title='bbox 258 2488 316 2549; x_wconf 85' lang='lat' dir='ltr'><strong>v1⁰</strong></span> <span class='ocrx_word' id='word_1_142' title='bbox 327 2475 494 2549; x_wconf 79' lang='lat' dir='ltr'><strong>kalendas</strong></span> <span class='ocrx_word' id='word_1_143' title='bbox 510 2478 594 2549; x_wconf 90' lang='lat' dir='ltr'><strong>maii</strong></span> <span class='ocrx_word' id='word_1_144' title='bbox 603 2532 614 2566; x_wconf 86' lang='lat'><strong><em>,</em></strong></span> <span class='ocrx_word' id='word_1_145' title='bbox 633 2492 669 2549; x_wconf 89' lang='lat' dir='ltr'><strong>et</strong></span> <span class='ocrx_word' id='word_1_146' title='bbox 687 2477 830 2568; x_wconf 89' lang='lat' dir='ltr'><strong>Leelina</strong></span> <span class='ocrx_word' id='word_1_147' title='bbox 849 2503 942 2550; x_wconf 84' lang='lat' dir='ltr'><strong>uxor</strong></span> <span class='ocrx_word' id='word_1_148' title='bbox 958 2478 1032 2576; x_wconf 88' lang='lat' dir='ltr'><strong>ejus</strong></span> <span class='ocrx_word' id='word_1_149' title='bbox 1050 2485 1106 2550; x_wconf 87' lang='lat' dir='ltr'><strong>x1⁰</strong></span> <span class='ocrx_word' id='word_1_150' title='bbox 1120 2475 1288 2551; x_wconf 79' lang='lat' dir='ltr'><strong>kalendas</strong></span> 
     </span>
     <span class='ocr_line' id='line_1_22' title="bbox 181 2592 1289 2684; baseline 0.003 -16"><span class='ocrx_word' id='word_1_151' title='bbox 181 2593 374 2668; x_wconf 73' lang='lat' dir='ltr'><strong>octobris</strong></span> <span class='ocrx_word' id='word_1_152' title='bbox 384 2593 542 2669; x_wconf 78' lang='lat' dir='ltr'><strong>defuncti</strong></span> <span class='ocrx_word' id='word_1_153' title='bbox 556 2611 654 2684; x_wconf 89' lang='lat' dir='ltr'><strong>sunt,</strong></span> <span class='ocrx_word' id='word_1_154' title='bbox 671 2610 708 2668; x_wconf 91' lang='lat' dir='ltr'><strong>et</strong></span> <span class='ocrx_word' id='word_1_155' title='bbox 723 2592 856 2666; x_wconf 90' lang='lat' dir='ltr'><strong>ibidem</strong></span> <span class='ocrx_word' id='word_1_156' title='bbox 872 2596 908 2667; x_wconf 91' lang='lat' dir='ltr'><strong>in</strong></span> <span class='ocrx_word' id='word_1_157' title='bbox 922 2595 1079 2668; x_wconf 89' lang='lat' dir='ltr'><strong>claustro</strong></span> <span class='ocrx_word' id='word_1_158' title='bbox 1090 2595 1289 2671; x_wconf 90' lang='lat' dir='ltr'><strong>monacho-</strong></span> 
     </span>
     <span class='ocr_line' id='line_1_23' title="bbox 188 2708 1288 2811; baseline 0.005 -30"><span class='ocrx_word' id='word_1_159' title='bbox 188 2734 298 2781; x_wconf 73' lang='lat' dir='ltr'><strong>rnm</strong></span> <span class='ocrx_word' id='word_1_160' title='bbox 312 2710 442 2808; x_wconf 90' lang='lat' dir='ltr'><strong>sepulti</strong></span> <span class='ocrx_word' id='word_1_161' title='bbox 456 2712 700 2811; x_wconf 88' lang='lat' dir='ltr'><strong>requiescunt.</strong></span> <span class='ocrx_word' id='word_1_162' title='bbox 716 2708 784 2783; x_wconf 91' lang='lat' dir='ltr'><strong>Sed</strong></span> <span class='ocrx_word' id='word_1_163' title='bbox 797 2708 984 2809; x_wconf 85' lang='lat' dir='ltr'><strong>Philippus</strong></span> <span class='ocrx_word' id='word_1_164' title='bbox 999 2726 1036 2782; x_wconf 87' lang='lat' dir='ltr'><strong>et</strong></span> <span class='ocrx_word' id='word_1_165' title='bbox 1051 2709 1231 2785; x_wconf 88' lang='lat' dir='ltr'><strong>Robertus</strong></span> <span class='ocrx_word' id='word_1_166' title='bbox 1248 2740 1288 2786; x_wconf 88' lang='lat' dir='ltr'><strong>ac</strong></span> 
     </span>
     <span class='ocr_line' id='line_1_24' title="bbox 192 2825 1289 2927; baseline 0.007 -30"><span class='ocrx_word' id='word_1_167' title='bbox 192 2825 279 2899; x_wconf 86' lang='lat' dir='ltr'><strong>lvo</strong></span> <span class='ocrx_word' id='word_1_168' title='bbox 293 2842 331 2900; x_wconf 89' lang='lat' dir='ltr'><strong>et</strong></span> <span class='ocrx_word' id='word_1_169' title='bbox 344 2825 516 2901; x_wconf 80' lang='lat' dir='ltr'><strong>Arnulfus</strong></span> <span class='ocrx_word' id='word_1_170' title='bbox 524 2884 536 2921; x_wconf 91' lang='lat'><strong><em>,</em></strong></span> <span class='ocrx_word' id='word_1_171' title='bbox 550 2827 616 2900; x_wconf 87' lang='lat' dir='ltr'><strong>tilii</strong></span> <span class='ocrx_word' id='word_1_172' title='bbox 630 2853 776 2918; x_wconf 85' lang='lat' dir='ltr'><strong>eorum,</strong></span> <span class='ocrx_word' id='word_1_173' title='bbox 793 2826 907 2900; x_wconf 91' lang='lat' dir='ltr'><strong>studia</strong></span> <span class='ocrx_word' id='word_1_174' title='bbox 920 2843 1114 2927; x_wconf 87' lang='lat' dir='ltr'><strong>parentum</strong></span> <span class='ocrx_word' id='word_1_175' title='bbox 1129 2830 1166 2902; x_wconf 91' lang='lat' dir='ltr'><strong>iu</strong></span> <span class='ocrx_word' id='word_1_176' title='bbox 1179 2831 1289 2905; x_wconf 88' lang='lat' dir='ltr'><strong>eecle-</strong></span> 
     </span>
     <span class='ocr_line' id='line_1_25' title="bbox 198 2943 1289 3044; baseline 0.005 -31"><span class='ocrx_word' id='word_1_177' title='bbox 198 2943 364 3018; x_wconf 72' lang='lat' dir='ltr'><strong>siastiois</strong></span> <span class='ocrx_word' id='word_1_178' title='bbox 402 2943 509 3018; x_wconf 85' lang='lat' dir='ltr'><strong>rebus</strong></span> <span class='ocrx_word' id='word_1_179' title='bbox 547 2945 703 3044; x_wconf 87' lang='lat' dir='ltr'><strong>perfecte</strong></span> <span class='ocrx_word' id='word_1_180' title='bbox 739 2944 876 3044; x_wconf 88' lang='lat' dir='ltr'><strong>assequi</strong></span> <span class='ocrx_word' id='word_1_181' title='bbox 914 2943 1080 3018; x_wconf 91' lang='lat' dir='ltr'><strong>nondum</strong></span> <span class='ocrx_word' id='word_1_182' title='bbox 1121 2945 1289 3019; x_wconf 84' lang='lat' dir='ltr'><strong>intende-</strong></span> 
     </span>
     <span class='ocr_line' id='line_1_26' title="bbox 205 3060 1286 3162; baseline 0.004 -30"><span class='ocrx_word' id='word_1_183' title='bbox 205 3077 306 3134; x_wconf 70' lang='lat' dir='ltr'><strong>]unt</strong></span> <span class='ocrx_word' id='word_1_184' title='bbox 325 3062 394 3162; x_wconf 77' lang='lat'><strong>(3).</strong></span> <span class='ocrx_word' id='word_1_185' title='bbox 416 3063 503 3136; x_wconf 85' lang='lat' dir='ltr'><strong>llaec</strong></span> <span class='ocrx_word' id='word_1_186' title='bbox 526 3063 646 3162; x_wconf 88' lang='lat' dir='ltr'><strong>itaque</strong></span> <span class='ocrx_word' id='word_1_187' title='bbox 663 3060 707 3135; x_wconf 92' lang='lat' dir='ltr'><strong>de</strong></span> <span class='ocrx_word' id='word_1_188' title='bbox 726 3063 960 3135; x_wconf 85' lang='lat' dir='ltr'><strong>translatione</strong></span> <span class='ocrx_word' id='word_1_189' title='bbox 985 3063 1149 3160; x_wconf 81' lang='lat' dir='ltr'><strong>eorporis</strong></span> <span class='ocrx_word' id='word_1_190' title='bbox 1174 3065 1286 3136; x_wconf 90' lang='lat' dir='ltr'><strong>saneti</strong></span> 
     </span>
    </p>
   </div>
   <div class='ocr_carea' id='block_1_3' title="bbox 226 3274 1292 3985">
    <p class='ocr_par' dir='ltr' id='par_1_3' title="bbox 254 3274 530 3349">
     <span class='ocr_line' id='line_1_27' title="bbox 254 3274 530 3349; baseline -0.004 -19"><span class='ocrx_word' id='word_1_191' title='bbox 254 3277 292 3348; x_wconf 86' lang='grc' dir='ltr'><strong>(ι)</strong></span> <span class='ocrx_word' id='word_1_192' title='bbox 306 3276 401 3349; x_wconf 75' lang='lat' dir='ltr'><strong>Roger</strong></span> <span class='ocrx_word' id='word_1_193' title='bbox 414 3274 454 3329; x_wconf 89' lang='lat' dir='ltr'><strong>du</strong></span> <span class='ocrx_word' id='word_1_194' title='bbox 465 3275 530 3349; x_wconf 79' lang='lat' dir='ltr'><strong>Sap.</strong></span> 
     </span>
    </p>

    <p class='ocr_par' dir='ltr' id='par_1_4' title="bbox 255 3354 918 3439">
     <span class='ocr_line' id='line_1_28' title="bbox 255 3354 918 3439; baseline -0.008 -17"><span class='ocrx_word' id='word_1_195' title='bbox 255 3369 294 3439; x_wconf 84' lang='lat' dir='ltr'><strong>(a)</strong></span> <span class='ocrx_word' id='word_1_196' title='bbox 307 3365 398 3422; x_wconf 83' lang='lat' dir='ltr'><strong>Raonl</strong></span> <span class='ocrx_word' id='word_1_197' title='bbox 408 3354 548 3421; x_wconf 76' lang='lat' dir='ltr'><strong>d&#39;Ecuree.</strong></span> <span class='ocrx_word' id='word_1_198' title='bbox 564 3366 659 3437; x_wconf 84' lang='lat' dir='ltr'><strong>Voyez</strong></span> <span class='ocrx_word' id='word_1_199' title='bbox 670 3364 818 3432; x_wconf 62' lang='lat' dir='ltr'><strong>odessus,</strong></span> <span class='ocrx_word' id='word_1_200' title='bbox 835 3382 861 3436; x_wconf 92' lang='lat' dir='ltr'><strong>p.</strong></span> <span class='ocrx_word' id='word_1_201' title='bbox 877 3361 918 3417; x_wconf 78' lang='lat'><strong>16.</strong></span> 
     </span>
    </p>

    <p class='ocr_par' dir='ltr' id='par_1_5' title="bbox 226 3453 1288 3639">
     <span class='ocr_line' id='line_1_29' title="bbox 255 3453 1288 3531; baseline 0.004 -19"><span class='ocrx_word' id='word_1_202' title='bbox 255 3455 292 3531; x_wconf 78' lang='lat'><strong>(3)</strong></span> <span class='ocrx_word' id='word_1_203' title='bbox 308 3458 403 3530; x_wconf 83' lang='lat' dir='ltr'><strong>Voyez</strong></span> <span class='ocrx_word' id='word_1_204' title='bbox 415 3460 431 3512; x_wconf 75' lang='lat' dir='ltr'><strong>a</strong></span> <span class='ocrx_word' id='word_1_205' title='bbox 442 3475 497 3530; x_wconf 89' lang='lat' dir='ltr'><strong>peu</strong></span> <span class='ocrx_word' id='word_1_206' title='bbox 511 3457 574 3530; x_wconf 65' lang='lat' dir='ltr'><strong>prta</strong></span> <span class='ocrx_word' id='word_1_207' title='bbox 587 3455 626 3511; x_wconf 82' lang='lat' dir='ltr'><strong>lea</strong></span> <span class='ocrx_word' id='word_1_208' title='bbox 639 3457 744 3511; x_wconf 72' lang='lat' dir='ltr'><strong>memes</strong></span> <span class='ocrx_word' id='word_1_209' title='bbox 756 3454 855 3510; x_wconf 76' lang='lat' dir='ltr'><strong>details</strong></span> <span class='ocrx_word' id='word_1_210' title='bbox 871 3453 940 3508; x_wconf 84' lang='lat' dir='ltr'><strong>dans</strong></span> <span class='ocrx_word' id='word_1_211' title='bbox 956 3453 996 3508; x_wconf 83' lang='lat' dir='ltr'><strong>les</strong></span> <span class='ocrx_word' id='word_1_212' title='bbox 1008 3454 1112 3511; x_wconf 73' lang='lat' dir='ltr'><strong>memes</strong></span> <span class='ocrx_word' id='word_1_213' title='bbox 1129 3466 1231 3513; x_wconf 87' lang='lat' dir='ltr'><strong>termes</strong></span> <span class='ocrx_word' id='word_1_214' title='bbox 1248 3461 1288 3516; x_wconf 71' lang='lat' dir='ltr'><strong>ci·</strong></span> 
     </span>
     <span class='ocr_line' id='line_1_30' title="bbox 226 3545 538 3639; baseline 0.006 -39"><span class='ocrx_word' id='word_1_215' title='bbox 226 3545 327 3639; x_wconf 71' lang='lat' dir='ltr'><strong>dprms,</strong></span> <span class='ocrx_word' id='word_1_216' title='bbox 340 3559 363 3603; x_wconf 91' lang='lat' dir='ltr'><strong>t.</strong></span> <span class='ocrx_word' id='word_1_217' title='bbox 377 3549 420 3617; x_wconf 88' lang='lat'><strong>11,</strong></span> <span class='ocrx_word' id='word_1_218' title='bbox 435 3569 462 3622; x_wconf 89' lang='lat' dir='ltr'><strong>p.</strong></span> <span class='ocrx_word' id='word_1_219' title='bbox 476 3546 538 3615; x_wconf 64' lang='lat'><strong>434.</strong></span> 
     </span>
    </p>

    <p class='ocr_par' dir='ltr' id='par_1_6' title="bbox 226 3633 1292 3985">
     <span class='ocr_line' id='line_1_31' title="bbox 256 3633 1291 3712; baseline 0.002 -18"><span class='ocrx_word' id='word_1_220' title='bbox 256 3638 301 3694; x_wconf 90' lang='lat' dir='ltr'><strong>On</strong></span> <span class='ocrx_word' id='word_1_221' title='bbox 313 3640 370 3694; x_wconf 91' lang='lat' dir='ltr'><strong>voit</strong></span> <span class='ocrx_word' id='word_1_222' title='bbox 383 3638 487 3712; x_wconf 84' lang='lat' dir='ltr'><strong>fignrer</strong></span> <span class='ocrx_word' id='word_1_223' title='bbox 498 3639 557 3694; x_wconf 85' lang='lat' dir='ltr'><strong>l&#39;un</strong></span> <span class='ocrx_word' id='word_1_224' title='bbox 567 3637 602 3692; x_wconf 87' lang='lat' dir='ltr'><strong>de</strong></span> <span class='ocrx_word' id='word_1_225' title='bbox 612 3655 657 3692; x_wconf 87' lang='lat' dir='ltr'><strong>ces</strong></span> <span class='ocrx_word' id='word_1_226' title='bbox 667 3652 867 3710; x_wconf 85' lang='lat' dir='ltr'><strong>personnages,</strong></span> <span class='ocrx_word' id='word_1_227' title='bbox 882 3633 991 3689; x_wconf 85' lang='lat' dir='ltr'><strong>Robert</strong></span> <span class='ocrx_word' id='word_1_228' title='bbox 1003 3635 1137 3704; x_wconf 85' lang='lat' dir='ltr'><strong>Pantoul‚</strong></span> <span class='ocrx_word' id='word_1_229' title='bbox 1151 3640 1240 3711; x_wconf 84' lang='lat' dir='ltr'><strong>parmi</strong></span> <span class='ocrx_word' id='word_1_230' title='bbox 1252 3640 1291 3696; x_wconf 83' lang='lat' dir='ltr'><strong>les</strong></span> 
     </span>
     <span class='ocr_line' id='line_1_32' title="bbox 227 3724 1292 3802; baseline 0.007 -23"><span class='ocrx_word' id='word_1_231' title='bbox 227 3728 383 3800; x_wconf 87' lang='lat' dir='ltr'><strong>spoliateurs</strong></span> <span class='ocrx_word' id='word_1_232' title='bbox 401 3729 436 3784; x_wconf 88' lang='lat' dir='ltr'><strong>de</strong></span> <span class='ocrx_word' id='word_1_233' title='bbox 455 3729 589 3802; x_wconf 77' lang='lat' dir='ltr'><strong>l’Abbaye</strong></span> <span class='ocrx_word' id='word_1_234' title='bbox 607 3748 660 3785; x_wconf 82' lang='lat' dir='ltr'><strong>aux</strong></span> <span class='ocrx_word' id='word_1_235' title='bbox 678 3729 779 3783; x_wconf 90' lang='lat' dir='ltr'><strong>Dames</strong></span> <span class='ocrx_word' id='word_1_236' title='bbox 791 3726 827 3782; x_wconf 89' lang='lat' dir='ltr'><strong>de</strong></span> <span class='ocrx_word' id='word_1_237' title='bbox 846 3727 938 3793; x_wconf 89' lang='lat' dir='ltr'><strong>Caen,</strong></span> <span class='ocrx_word' id='word_1_238' title='bbox 956 3726 1037 3799; x_wconf 73' lang='lat' dir='ltr'><strong>apres</strong></span> <span class='ocrx_word' id='word_1_239' title='bbox 1054 3724 1080 3779; x_wconf 87' lang='lat' dir='ltr'><strong>la</strong></span> <span class='ocrx_word' id='word_1_240' title='bbox 1100 3739 1175 3783; x_wconf 88' lang='lat' dir='ltr'><strong>mort</strong></span> <span class='ocrx_word' id='word_1_241' title='bbox 1186 3728 1230 3784; x_wconf 74' lang='lat' dir='ltr'><strong>‘du</strong></span> <span class='ocrx_word' id='word_1_242' title='bbox 1248 3735 1292 3787; x_wconf 92' lang='lat' dir='ltr'><strong>roi</strong></span> 
     </span>
     <span class='ocr_line' id='line_1_33' title="bbox 226 3814 1291 3889; baseline 0.003 -15"><span class='ocrx_word' id='word_1_243' title='bbox 226 3818 394 3887; x_wconf 77' lang='lat' dir='ltr'><strong>Guillnnme,</strong></span> <span class='ocrx_word' id='word_1_244' title='bbox 409 3831 437 3875; x_wconf 88' lang='lat' dir='ltr'><strong>et</strong></span> <span class='ocrx_word' id='word_1_245' title='bbox 451 3820 507 3875; x_wconf 85' lang='lat' dir='ltr'><strong>l’on</strong></span> <span class='ocrx_word' id='word_1_246' title='bbox 521 3820 616 3876; x_wconf 78' lang='lat' dir='ltr'><strong>evalue</strong></span> <span class='ocrx_word' id='word_1_247' title='bbox 629 3823 643 3874; x_wconf 77' lang='lat' dir='ltr'><strong>a</strong></span> <span class='ocrx_word' id='word_1_248' title='bbox 658 3820 699 3874; x_wconf 81' lang='lat' dir='ltr'><strong>six</strong></span> <span class='ocrx_word' id='word_1_249' title='bbox 713 3818 794 3873; x_wconf 84' lang='lat' dir='ltr'><strong>livres</strong></span> <span class='ocrx_word' id='word_1_250' title='bbox 811 3814 951 3889; x_wconf 85' lang='lat' dir='ltr'><strong>d&#39;argent‚</strong></span> <span class='ocrx_word' id='word_1_251' title='bbox 966 3815 1034 3870; x_wconf 89' lang='lat' dir='ltr'><strong>dans</strong></span> <span class='ocrx_word' id='word_1_252' title='bbox 1051 3815 1076 3870; x_wconf 91' lang='lat' dir='ltr'><strong>le</strong></span> <span class='ocrx_word' id='word_1_253' title='bbox 1092 3816 1239 3874; x_wconf 82' lang='lat' dir='ltr'><strong>cartulaire</strong></span> <span class='ocrx_word' id='word_1_254' title='bbox 1256 3822 1291 3876; x_wconf 88' lang='lat' dir='ltr'><strong>de</strong></span> 
     </span>
     <span class='ocr_line' id='line_1_34' title="bbox 227 3906 1291 3985; baseline 0 -18"><span class='ocrx_word' id='word_1_255' title='bbox 227 3908 355 3985; x_wconf 71' lang='lat' dir='ltr'><strong>lbbbayn,</strong></span> <span class='ocrx_word' id='word_1_256' title='bbox 372 3912 411 3968; x_wconf 89' lang='lat' dir='ltr'><strong>les</strong></span> <span class='ocrx_word' id='word_1_257' title='bbox 428 3923 520 3985; x_wconf 80' lang='lat' dir='ltr'><strong>perles</strong></span> <span class='ocrx_word' id='word_1_258' title='bbox 536 3914 646 3967; x_wconf 66' lang='lat' dir='ltr'><strong>causales</strong></span> <span class='ocrx_word' id='word_1_259' title='bbox 662 3929 712 3984; x_wconf 85' lang='lat' dir='ltr'><strong>par</strong></span> <span class='ocrx_word' id='word_1_260' title='bbox 731 3927 772 3965; x_wconf 85' lang='lat' dir='ltr'><strong>ses</strong></span> <span class='ocrx_word' id='word_1_261' title='bbox 790 3906 984 3964; x_wconf 78' lang='lat' dir='ltr'><strong>devastatione.</strong></span> <span class='ocrx_word' id='word_1_262' title='bbox 1004 3906 1051 3961; x_wconf 89' lang='lat' dir='ltr'><strong>On</strong></span> <span class='ocrx_word' id='word_1_263' title='bbox 1070 3908 1181 3980; x_wconf 73' lang='lat' dir='ltr'><strong>conenit</strong></span> <span class='ocrx_word' id='word_1_264' title='bbox 1197 3909 1291 3966; x_wconf 91' lang='lat' dir='ltr'><strong>facile·</strong></span> 
     </span>
    </p>
   </div>
   <div class='ocr_carea' id='block_1_4' title="bbox 0 0 1454 4934">
    <p class='ocr_par' dir='ltr' id='par_1_7' title="bbox 0 0 1454 4934">
     <span class='ocr_line' id='line_1_35' title="bbox 0 0 1454 4934; baseline 0 0"><span class='ocrx_word' id='word_1_265' title='bbox 0 0 1454 4934; x_wconf 95' lang='lat' dir='ltr'><strong> </strong></span> 
     </span>
    </p>
   </div>
  </div>
 </body>
</html>
