2888 4934
188 451 245 509 178
464 444 646 507 HISTORIA
669 443 975 503 Ecetrustssrlcs.
1142 442 1297 524 [108OE

186 579 369 663 Hermete,
409 574 600 663 Tiburcio,
638 576 804 665 Zenone,
842 575 1059 663 Valentino,
1097 575 1297 677 aliisque

185 695 345 783 Sanctis,
366 718 514 791 quorum
530 718 697 765 numerus
714 691 885 764 humana
898 692 1032 764 notitia
1045 694 1297 766 estincom—

182 807 455 912 prehensibilis?
468 811 592 881 Fama
605 808 724 906 refert,
740 826 773 881 et
788 808 1040 905 adstipulatur
1051 813 1281 885 assertione

184 927 398 1013 multorum,
435 926 536 1025 quod
570 942 645 999 tota
677 928 797 998 Romo
822 923 977 1028 perfilsa
1007 943 1060 999 est
1092 930 1264 1027 pretioso

184 1069 309 1118 cruore
327 1058 545 1136 martyrum,
569 1059 603 1114 et
631 1048 667 1112 in
697 1043 839 1114 latrinis
863 1044 1114 1116 Romanorum
1140 1049 1253 1118 innu-

183 1188 284 1233 mera
302 1160 414 1232 latent
435 1186 587 1261 corpora
606 1159 838 1232 Sanctorum.
866 1159 1011 1233 Eadem
1027 1161 1245 1254 crudelitas,

183 1303 264 1377 quae
282 1294 368 1349 tunc
383 1275 623 1372 grassabatur
635 1279 673 1348 in
683 1279 865 1374 paganis,
887 1303 985 1348 nunc
1001 1276 1246 1352 debacchatur

182 1399 220 1464 in
223 1389 343 1491 falsis
354 1391 561 1466 christianis
571 1451 582 1482 ,
602 1396 667 1493 qui
681 1393 883 1492 cupiditate
902 1392 1015 1465 illecti
1014 1391 1156 1490 jacent
1166 1420 1245 1496 pno-

168 1506 302 1607 fanis,
323 1527 357 1582 et
384 1526 509 1582 contra
534 1509 754 1583 catholicam
779 1509 989 1581 Ecclesiam
1015 1508 1246 1583 arixiliantur

182 1629 356 1700 haereticis
370 1631 522 1701 insanis.
538 1627 657 1701 Nulla
675 1630 788 1724 igitur
796 1630 918 1726 pietas
935 1632 984 1700 eis
1002 1628 1246 1729 impendenda

182 1764 246 1820 est.
268 1747 391 1820 Ultore
401 1746 531 1845 gladio
546 1749 673 1846 impios
680 1751 854 1847 puniam,
870 1762 1055 1819 cruentam
1070 1748 1245 1821 civitatem

183 1868 267 1961 igne
302 1863 542 1952 succendam,
579 1881 613 1936 et
653 1864 949 1964 Trans-Alpinis
979 1861 1154 1962 gentibus
1192 1889 1247 1936 rc-

180 1979 377 2081 piendam,
393 1980 595 2081 opitulante
609 1981 712 2070 Deo,
732 1980 912 2052 meliorem
925 1983 1110 2052 restituam
1129 1981 1146 2076 (
1169 1980 1200 2077 )

231 2099 334 2169 Tunc
348 2097 440 2196 Papa
454 2095 496 2167 ad
511 2093 617 2193 pedes
630 2093 730 2167 ducis
744 2096 900 2184 corruit,
917 2095 1153 2193 lacrymisque
1164 2119 1246 2193 pro

181 2216 275 2286 susus
288 2214 360 2285 ait:
375 2214 482 2286 Absit
490 2212 559 2286 hoc
571 2240 596 2284 a
609 2239 678 2300 me,
692 2229 730 2283 ut
739 2214 860 2285 Roma
873 2212 1162 2310 destruaturpro
1175 2213 1249 2284 rnei

181 2331 266 2404 Non
289 2333 385 2403 enim
402 2331 456 2402 ad
476 2331 754 2403 destructionem
781 2329 898 2418 urbis,
917 2329 984 2401 sed
997 2328 1052 2400 ad
1070 2327 1249 2401 salvatio-

182 2475 264 2520 nem
280 2448 413 2521 electus
429 2475 509 2519 sum
521 2447 652 2550 plebis.
674 2447 777 2519 Mala
792 2449 990 2518 Dominum
1009 2463 1169 2518 nostrum
1184 2445 1251 2518 Je-

181 2594 263 2639 sum
284 2566 464 2638 Christum
484 2582 596 2637 morte
612 2569 734 2664 sequi,
765 2591 872 2664 quam
898 2562 1151 2665 peccatoribus
1170 2590 1251 2663 pu-

183 2687 267 2758 nitis
290 2687 443 2784 injurias
465 2710 564 2756 meas
582 2688 743 2782 nequiter
767 2683 907 2754 ulcisci.
932 2682 1097 2755 Creatori
1115 2683 1253 2781 quippe

183 2816 306 2873 nostro
325 2804 497 2873 contrarii
513 2819 615 2889 sunt,
637 2802 702 2898 qui
719 2815 857 2871 statuta
873 2801 952 2898 ejus
969 2799 1197 2898 despiciunt,
1219 2812 1253 2869 et

183 2917 343 2988 ordinem
372 2915 553 2988 Ecclesia
586 2916 803 2988 truculenter
834 2916 1052 3015 impediunt,
1080 2914 1254 2987 Domini·

184 3056 337 3130 cumque
352 3057 515 3129 gregem,
535 3049 575 3102 ut
593 3032 670 3132 lupi
688 3058 861 3133 rapaces,
883 3030 1110 3132 dispergunt.
1125 3031 1255 3133 Ipsius

184 3146 354 3216 nimirum
371 3160 423 3216 est
436 3148 575 3244 injuria
589 3163 622 3217 et
641 3146 748 3234 ultio,
762 3148 916 3218 seruitus
933 3167 1075 3245 quoque
1095 3161 1132 3217 et
1147 3148 1256 3218 retri-

185 3259 295 3332 butio.
326 3261 438 3333 Novit
458 3263 539 3358 pios
567 3262 732 3353 clientes,
766 3278 800 3334 et
829 3262 997 3334 abhorret
1022 3261 1257 3335 adversarios

171 3376 355 3478 furentes.
370 3378 408 3449 E
402 3379 469 3477 jus
482 3381 595 3477 igitur
607 3386 706 3452 anmi
704 3383 873 3479 potentia
886 3407 950 3452 nos
967 3395 1001 3452 et
1016 3395 1144 3453 nostra
1159 3405 1259 3453 com·

183 3501 399 3574 mendamus
406 3557 419 3589 ,
438 3519 471 3573 et
485 3503 591 3574 corde
606 3501 768 3575 beniuolo
782 3529 976 3575 exoramus
996 3519 1033 3572 nt
1048 3502 1125 3602 legi
1135 3528 1259 3576 sacroe

184 3619 416 3692 adversantia
435 3621 600 3692 censorio
617 3646 700 3691 ense
717 3619 919 3708 rescindat,
938 3636 971 3689 et
990 3645 1056 3690 nas
1076 3617 1131 3688 acl
1144 3616 1260 3690 hene-

180 3735 360 3834 placitum
374 3735 599 3809 uoluntatem
613 3763 718 3808 suam
732 3736 899 3835 dirigat(
926 3737 956 3832 ).

978 3926 1064 3933 νμ-

218 4032 256 4100 (1)
277 4029 351 4082 Dans
369 4048 399 4082 ce
419 4030 562 4096 discours,
585 4042 664 4086 notre
679 4042 807 4086 auteurs
823 4030 884 4103 plus
904 4030 1024 4084 cherchi
1041 4032 1057 4083 i
1073 4028 1144 4083 faire
1157 4027 1261 4085 briller

184 4119 344 4174 l'irudition
358 4120 599 4194 hagiographique
616 4121 651 4175 de
665 4122 770 4177 Robert
783 4140 838 4195 que
851 4119 875 4174 la
891 4119 1017 4174 douceur
1029 4118 1065 4173 dr
1077 4136 1121 4173 ses
1136 4136 1259 4174 moeurs.

218 4210 256 4278 (a)
282 4208 356 4261 'Nous
378 4227 412 4261 ne
431 4226 549 4280 pesssons
567 4228 614 4281 pas
632 4210 699 4282 qu'il
716 4213 754 4263 sit
768 4213 811 4263 e'ti
826 4209 893 4261 (lans
913 4208 951 4260 les
967 4205 1116 4261 habitudes
1130 4205 1167 4260 de
1182 4208 1261 4262 Gre-
