2888 4934
188 491 302 567 [tote]
563 486 680 547 LlBER
701 485 890 547 octtst.
1205 491 1266 550 295

188 621 324 721 plura,
348 643 431 717 quae
459 616 678 693 Guillelmus
705 617 958 690 Bellesmensis
982 632 1016 688 et
1035 616 1287 704 Radbertus,

192 744 260 810 Iro
279 751 317 809 et
340 734 548 823 Guarinus,
571 735 711 835 aliique
731 760 956 808 successores
973 760 1098 807 eorum
1116 735 1268 835 superbe

193 868 494 936 construxerunt,
516 867 582 921 aut
596 856 634 922 oi
642 906 655 938 ,
674 848 909 950 seufruude,
930 849 1088 923 dominis
1109 853 1186 924 suis
1207 852 1270 924 uel

181 971 358 1070 finitimis
375 969 645 1071 subripuerunt.
660 968 770 1042 Dolis
789 984 824 1041 et
839 969 1000 1042 scelestis
1018 967 1267 1043 machinatio-

193 1088 304 1160 nibus
317 1114 460 1188 semper
470 1087 715 1178 inbiaoerunt,
731 1114 798 1160 nec
813 1087 883 1160 ulli
894 1068 1095 1160 amicorum
1108 1087 1170 1161 uel
1184 1088 1268 1184 affi-

191 1210 297 1278 nium
312 1205 434 1305 fidem
460 1223 699 1279 servaverunt.
726 1204 961 1308 Simplicibus
982 1211 1107 1306 itaque
1133 1207 1267 1278 vicinis

192 1349 285 1396 nece
295 1350 360 1396 seu
373 1325 547 1425 captione
560 1322 824 1425 supplantatis,
842 1322 1046 1396 admodum
1060 1341 1266 1415 creventnt,

192 1457 229 1512 et
237 1442 402 1540 ingentes
411 1439 537 1514 domos
549 1467 595 1514 uc
591 1443 823 1538 fortissimas
835 1446 1050 1516 munitiones
1062 1468 1144 1516 cum
1154 1444 1268 1516 nimio

190 1558 325 1631 sudore
332 1560 558 1659 pagensium
574 1558 833 1632 condiderunt.
849 1557 961 1632 Nunc
979 1560 1124 1649 omnia,
1140 1563 1270 1659 optime

189 1675 298 1766 dux,
308 1677 397 1776 jure
411 1675 486 1748 illis
511 1673 657 1776 afferre
668 1679 809 1779 poteris
817 1733 829 1766 ,
846 1678 881 1748 si
900 1678 1133 1777 magnanimi
1146 1677 1267 1778 patris

194 1798 250 1868 tui
272 1809 307 1866 et
332 1820 479 1897 operum
503 1797 585 1897 ejus
592 1793 710 1893 fortis
733 1794 928 1867 temulator
950 1799 1129 1868 extiteris.
1155 1797 1272 1867 Pater
1308 1865 1313 1875 ,
1341 1836 1346 1843 -

194 1913 291 1984 enim
314 1928 395 1985 tuus
420 1914 546 1986 omnia
568 1913 753 2013 praedicta
777 1915 1004 1985 munimenta
1030 1913 1070 1984 in
1092 1915 1174 1986 uita
1200 1939 1269 1985 sua

195 2029 341 2116 babuit,
361 2047 397 2102 et
422 2032 709 2130 quibuscumque
726 2030 861 2121 uoluit,
887 2028 942 2102 nd
958 2030 1153 2102 tutandum
1169 2056 1270 2101 com-

196 2148 393 2222 mendavit.
434 2151 479 2222 V
473 2176 574 2222 erum
598 2148 821 2239 Radbertus,
850 2175 956 2248 quem
990 2149 1076 2250 jam
1111 2148 1269 2248 ligatum

196 2291 337 2340 coerces
343 2322 357 2356 ,
372 2293 461 2340 moa
473 2284 514 2339 ut
526 2293 649 2366 regem
660 2265 872 2366 defunctum
887 2266 1050 2358 audivit,
1067 2268 1271 2368 municipes

194 2397 276 2456 tuos
292 2382 339 2455 de
358 2382 621 2456 munitionibus
637 2385 711 2457 tuis
719 2410 792 2486 per
804 2383 1015 2485 superbiam
1030 2409 1138 2457 suam
1152 2409 1270 2485 eupu-

191 2499 257 2591 lit,
280 2527 432 2600 suaeque
455 2501 607 2592 ditioni,
635 2519 674 2574 ut
695 2502 968 2575 exhereditaret
991 2519 1042 2593 te,
1067 2502 1270 2573 munimina

187 2615 352 2716 subegit,
367 2619 464 2690 Hac
481 2621 607 2692 omnia
624 2645 709 2717 quae
725 2618 828 2706 diei,
844 2620 1029 2718 sapienter
1044 2619 1205 2718 inspice,
1222 2642 1271 2688 ac

187 2751 233 2808 ut
246 2734 363 2809 bonus
378 2741 547 2835 princeps
552 2794 564 2827 ,
579 2763 652 2839 pro
661 2763 758 2836 pace
771 2753 910 2810 sancta
923 2738 1052 2809 matris
1066 2735 1250 2810 Ecclesiae
1256 2790 1268 2824 ,

182 2868 226 2925 et
232 2879 308 2952 pro
322 2850 535 2952 defensione
540 2881 753 2956 pauperum
769 2846 1016 2954 debiliumque
1033 2852 1273 2926 laudabiliter

186 2996 373 3070 exsurge,
389 2987 423 3043 et
436 2973 635 3046 resistentes
649 2974 782 3045 virtute
794 2990 949 3045 contere.
970 2969 1182 3073 Confractis
1200 2998 1274 3044 cor-

186 3086 306 3160 nibus
328 3090 548 3188 primorum,
568 3092 634 3190 qui
660 3091 833 3163 ceruicem
857 3104 1054 3162 erexerunt
1072 3105 1199 3163 contra
1218 3105 1270 3179 te,

190 3202 342 3306 reliqui,
357 3209 443 3281 visa
455 3208 660 3308 dejectione
674 3208 989 3285 contubernalium
994 3267 1004 3303 ,
1008 3206 1272 3309 formidabunt

181 3479 252 3534 nni
263 3476 358 3549 ajoute
369 3496 425 3552 qne
435 3497 467 3534 oe
479 3478 597 3534 chiteau
608 3490 650 3535 est
663 3480 689 3535 le
702 3480 793 3535 meme
806 3482 856 3554 qui
869 3480 913 3535 lut
925 3476 1023 3553 appele
1035 3476 1098 3551 plus
1110 3477 1174 3533 turd
1186 3477 1271 3532 Um·

193 3586 273 3636 eust,
293 3567 427 3624 Otrtcoss
444 3593 449 3623 :
467 3569 630 3635 l’Ortiense,
649 3581 677 3626 et
695 3571 812 3643 regards
830 3589 873 3625 ces
890 3570 982 3624 divers
999 3587 1080 3624 nome
1096 3586 1206 3624 comme
1222 3568 1271 3623 des

195 3658 403 3714 modificatione
422 3659 490 3714 d'un
510 3660 601 3716 meme
618 3671 693 3734 type.
713 3664 794 3717 Cette
816 3660 945 3716 detulere
965 3660 1126 3731 conjecture
1145 3676 1181 3714 ne
1201 3676 1272 3714 nous

196 3749 288 3824 puralt
299 3767 348 3823 pas
360 3749 509 3805 heureuse.

231 3841 307 3897 D’nn
323 3850 404 3894 autre
421 3840 496 3908 cbtti,
516 3843 554 3896 Μ.
574 3841 719 3914 stapleton
737 3858 867 3914 repousse
880 3850 924 3894 cet
935 3839 1138 3913 emplaoement
1153 3850 1181 3895 et
1199 3849 1272 3895 cette

196 3930 361 4002 synonymis
383 3949 456 4004 pour
474 3942 571 4004 portes
591 3931 699 3986 Lus-son
718 3935 733 3984 ’s
753 3929 919 3985 Nenlchttel
938 3948 973 3984 en
990 3929 1139 3998 Saonnois,
1160 3929 1231 3984 dont
1251 3929 1272 3984 il

196 4018 290 4072 sunit
303 4019 443 4073 constitue
455 4019 481 4073 le
497 4019 613 4074 chiltern
631 4030 661 4075 et
675 4019 701 4074 lc
714 4037 779 4075 nom
798 4017 946 4092 primitils,
963 4036 1020 4092 que
1037 4017 1063 4072 la
1079 4019 1272 4074 construction

197 4107 326 4163 nouvelle
343 4126 409 4162 aura
427 4109 478 4163 tait
494 4109 603 4164 oubller
620 4127 680 4165 vers
696 4111 772 4177 1145.
788 4109 865 4163 Nous
880 4117 1038 4183 regsettons
1053 4108 1088 4164 de
1104 4126 1140 4163 ne
1155 4108 1274 4181 pouvois

197 4199 269 4253 citer
281 4197 351 4253 dans
362 4210 436 4255 cette
450 4211 516 4256 note
528 4200 569 4256 les
582 4200 828 4276 developpements
841 4210 948 4256 savants
959 4211 988 4256 et
1000 4199 1080 4256 neuls
1093 4217 1141 4255 sur
1156 4198 1276 4273 lesquels

198 4299 240 4346 est
250 4288 332 4347 bas&
344 4307 373 4346 sa
385 4292 556 4361 conviction,
570 4310 625 4367 quc
638 4310 708 4350 nous
720 4302 897 4367 partageons.
