2888 4934
184 457 292 533 [1090]
430 447 434 453 ’
553 452 669 513 arnan
691 452 877 513 ocravcs.
1190 451 1248 513 337

183 587 353 659 surrexit.
383 584 606 672 Radbertus,
632 610 750 658 comes
774 583 956 670 Mettensi,
981 584 1191 656 muneribus
1214 602 1251 657 et

183 703 369 805 promissis
393 703 576 777 Guillclmi
596 704 690 802 regis
713 701 894 801 turgidus,
917 700 961 772 de
979 701 1108 800 Anglia
1133 704 1249 791 venit,

183 821 426 920 Rotomagum
449 820 493 892 ad
513 819 639 893 ducem
654 820 816 906 accessit,
835 835 872 892 et
888 817 933 890 ab
950 845 993 891 co
1010 843 1129 891 arcem
1144 818 1268 918 lbreii¹

184 936 387 1036 procaciter
405 936 562 1033 repetiit.
585 936 651 1006 Cui
671 933 744 1009 dux
768 932 955 1032 respondit
979 963 988 1004 ε
1010 935 1255 1035 Ᾱῐᾳιιίροιεηε

185 1071 350 1126 mutuum
360 1057 535 1152 patrituo
548 1053 637 1125 dedi
651 1055 855 1142 Brioniam,
871 1051 993 1124 nobile
1005 1068 1177 1141 castrum,
1185 1078 1256 1153 pm

187 1196 272 1245 urae
286 1171 407 1244 Ibreii.
426 1171 555 1243 Comes
571 1171 733 1243 Mcllenti
748 1169 840 1242 dixit
857 1199 865 1239 :
885 1169 992 1241 Istud
1003 1185 1167 1241 mutuam
1181 1194 1255 1242 noa

187 1291 364 1379 conceda,
381 1290 449 1361 sed
459 1289 562 1388 quod
572 1305 683 1390 pater
697 1305 778 1360 tuus
788 1288 893 1387 patri
904 1313 983 1358 meo
997 1285 1111 1375 dedit,
1127 1286 1259 1358 lzabere

186 1407 274 1479 uolo
293 1408 308 1504 (
318 1408 362 1504 t).
384 1407 533 1505 Alioqui
545 1433 615 1506 per
633 1405 812 1476 Sanctum
828 1404 1028 1504 Nigasium
1046 1400 1257 1500 (a)jaciam

189 1523 259 1595 ubi
268 1523 368 1623 quod
376 1515 595 1622 displicebit.
613 1523 726 1592 lratus
744 1520 855 1619 igitur
867 1518 941 1591 dux
955 1520 1052 1593 illico
1066 1544 1149 1592 eum
1162 1545 1259 1593 com-

188 1638 362 1738 prehendi
386 1656 421 1711 et
441 1640 478 1711 in
496 1665 639 1711 carcere
655 1637 784 1710 vinciri
802 1639 993 1735 praecepit,
1018 1653 1054 1708 et
1073 1637 1260 1710 Brioniam

189 1755 395 1844 liudberto,
414 1754 579 1828 Balduini
594 1756 670 1828 lilio
684 1757 738 1853 (ὅ)
748 1808 759 1841 ,
780 1753 1047 1827 custodiendam
1065 1754 1257 1827 commisit.

190 1872 347 1945 Callidus
373 1899 480 1945 senex
507 1873 684 1972 Rogcrius
706 1872 750 1945 de
778 1872 1026 1960 Bellomonte,
1057 1887 1097 1944 ut
1120 1887 1261 1975 captam

189 1981 332 2088 prolem
346 1989 501 2078 audivit,
516 2015 584 2088 per
596 1990 736 2088 aliquot
748 1988 822 2062 dies
834 1989 912 2061 aliis
924 1988 1144 2079 actionibus,
1161 1992 1260 2093 quasi

190 2107 431 2181 infortunium
453 2109 617 2207 pignoris
641 2134 717 2181 non
739 2125 913 2197 curasset,
940 2109 1056 2206 specie
1076 2125 1180 2182 tenus
1200 2109 1262 2187 in-

190 2223 325 2315 tendit,
345 2226 470 2325 suique
487 2250 686 2298 moerorem
706 2225 818 2297 tristis
835 2225 947 2298 animi
966 2225 1051 2300 laeto
1063 2210 1171 2321 vvultu
1186 2224 1262 2299 dis-

191 2341 385 2414 simulavit.
399 2340 548 2428 Deinde,
560 2344 814 2442 utmitigatum
825 2342 953 2415 ducem
960 2342 1161 2430 aestimavit,
1170 2369 1263 2442 proe·

190 2458 305 2530 missis
330 2458 541 2533 muneribus
561 2484 644 2531 cum
669 2458 781 2531 adivit
803 2475 839 2531 et
861 2457 1061 2533 honorilice
1078 2460 1257 2533 salutavit.

190 2571 353 2673 Cumque
381 2573 428 2646 ab
456 2574 520 2646 illo
546 2576 757 2647 resalutatus
783 2575 923 2661 suisset,
954 2574 1076 2646 dixit:
1106 2575 1261 2647 Gratias

189 2714 281 2788 aga,
301 2694 449 2765 domine
471 2694 569 2783 dua,
589 2710 718 2766 uestrae
741 2693 974 2782 sublimitati,
996 2690 1172 2791 quiafilii
1191 2696 1263 2763 mei

188 2810 394 2909 superbiam
413 2812 616 2911 principali
640 2814 828 2883 severitate
848 2812 1055 2908 castigasti.
1081 2810 1167 2882 Hoc
1192 2836 1260 2909 ego

181 2925 405 3024 jamdudum
423 2928 626 2998 (debuissem
630 2923 784 3024 facere,
809 2928 843 2998 si
857 2929 1065 2998 necessaria
1082 2927 1169 2997 milti
1184 2932 1260 2998 nird

188 3059 248 3116 tus
267 3045 397 3116 inesset
414 3049 450 3114 in
469 3044 539 3116 ltac
562 3044 668 3116 senili
689 3059 810 3115 atate.
838 3043 970 3115 Crebro
993 3069 1120 3144 aetupe
1142 3045 1260 3116 nimia

221 3333 262 3402 (ι)
277 3331 370 3404 Voyez
383 3323 533 3400 ci-dessus,
549 3351 577 3407 p.
591 3323 635 3390 63.
652 3335 691 3389 Ce
706 3333 800 3388 n’etait
813 3352 861 3407 pas
874 3324 898 3386 la
914 3335 1069 3407 propnete',
1086 3323 1153 3387 mais
1167 3333 1257 3388 sculc-

187 3432 265 3477 ment
281 3418 307 3477 le
324 3424 565 3478 commandement
582 3424 682 3491 d'lvri,
700 3443 755 3498 que
772 3423 798 3478 le
813 3423 869 3477 du'r
886 3426 957 3478 avait
974 3422 1068 3478 enleve'
1084 3425 1100 3477 a
1114 3423 1209 3495 Roger
1221 3422 1257 3479 de

186 3507 356 3575 Bcaumont3
369 3521 398 3564 et
407 3510 515 3565 celui-ci
527 3531 561 3566 en
571 3515 642 3566 avait
653 3531 720 3586 recu
730 3531 769 3566 un
781 3511 872 3584 arnple
880 3511 1142 3582 dedorumagemcut
1154 3508 1221 3565 dans
1230 3510 1257 3566 la

185 3601 340 3672 possession
350 3600 385 3655 de
395 3596 530 3670 Briouue‚
543 3603 634 3675 placce
647 3606 662 3657 a
676 3602 700 3657 la
715 3603 766 3656 sois
779 3621 814 3656 au
827 3612 921 3655 centro
934 3599 972 3653 du
986 3618 1050 3673 pays
1062 3610 1091 3654 et
1103 3600 1138 3654 de
1151 3618 1193 3659 ses
1203 3600 1255 3655 do-

185 3692 293 3746 maines
303 3691 339 3745 de
353 3693 657 3766 Beanmontde-lloger
667 3704 696 3746 et
709 3693 743 3745 dc
755 3691 972 3748 Pontaudemcr.

220 3780 259 3854 (a)
279 3780 386 3837 Robert
403 3783 437 3836 de
456 3783 566 3837 Meulan
584 3783 673 3855 pacait
687 3783 763 3836 avoir
777 3801 811 3836 eu
829 3801 883 3836 nne
901 3780 1060 3835 veneration
1077 3780 1255 3853 particuliere

185 3887 256 3941 pour
265 3871 337 3924 saint
348 3871 470 3937 Nicaise,
487 3884 585 3944 patron
598 3871 633 3926 de
646 3890 673 3926 sa
688 3871 751 3925 ville
760 3871 796 3924 de
807 3872 930 3939 ltleulau,
945 3889 980 3926 cn
992 3871 1254 3945 l’honnenrduquel

185 3959 204 4015 il
217 3958 304 4015 londa
317 3979 354 4014 un
368 3962 480 4033 prieurt'·
492 3981 527 4015 en
543 3981 617 4016 1¹01.

218 4048 258 4123 (5)
273 4051 395 4118 Robert,
415 4051 456 4105 fils
473 4051 507 4106 dc
526 4052 670 4107 Baudouin
683 4051 718 4105 de
733 4051 851 4119 Meules,
869 4062 897 4107 et
912 4051 1036 4124 petitsstls
1049 4050 1084 4106 de
1097 4051 1252 4120 Gislebert,

185 4148 275 4195 comte
288 4140 323 4194 dc
336 4140 467 4196 Brionne.
485 4143 627 4217 Qnelques
638 4143 805 4197 manuscrits
818 4153 931 4215 portent
946 4163 952 4196 ε
966 4143 1088 4214 Rogerio
1106 4141 1142 4196 de
1161 4142 1253 4197 Bene-

176 4232 276 4299 saata,·
292 4233 361 4286 mais
375 4251 445 4287 nous
457 4252 570 4289 verrcns
584 4234 738 4290 ci·dessous
750 4253 805 4308 quc
819 4235 885 4289 c'est
896 4253 952 4289 une
964 4234 1102 4289 mauvaise
1114 4233 1203 4306 lecca.
1241 4286 1244 4293 .

260 4347 316 4394 111.
1059 4350 1102 4394 22
