2888 4934
562 431 680 491 tlssttu
702 431 890 492 OCTAVUS.
1201 431 1262 494 465

179 569 267 640 llaec
284 567 422 653 lvonis,
445 564 489 637 cle
510 563 740 637 Bellomonte
758 563 916 652 comitis,
935 561 980 634 de
992 561 1115 634 Judaea
1129 563 1182 660 (ι)
1201 590 1266 661 ge-

182 684 328 773 nitrice,
344 682 417 755 filia
432 683 513 775 suit,
537 683 688 781 viroque
705 707 768 755 suo
784 706 843 753 sex
860 680 953 753 salios
965 696 1001 752 et
1015 678 1165 753 totidem
1177 679 1267 753 filias

181 802 343 900 peperit,
373 800 504 899 quibus
535 801 633 870 varia
661 824 741 872 sors
771 799 807 871 in
842 799 1034 871 mundanae
1063 797 1266 873 stabilitatis

172 943 269 1018 ‚vaga
289 917 522 990 fluctuatione
542 915 720 987 incubuit.
1248 1007 1253 1016 ·

232 1034 457 1123 Radbertus,
473 1034 533 1132 qui
549 1034 669 1132 major
682 1048 767 1105 natu
783 1048 873 1123 crat,
890 1036 1063 1134 trigamus
1075 1036 1126 1133 (a)
1139 1060 1268 1108 conse-

184 1153 279 1224 nuit.
294 1150 368 1222 Sub
379 1179 421 1224 cu
424 1153 481 1250 jus
495 1177 605 1223 manu
616 1150 891 1248 patrimonium,
904 1151 1000 1251 quod
1012 1153 1265 1249 satisamplum

184 1285 369 1368 receperat
381 1297 399 1341 a
411 1285 526 1367 patre,
542 1267 688 1340 decidit.
704 1270 780 1365 lpse
791 1268 949 1358 tandem,
960 1287 1192 1368 postxxxrru
1204 1297 1266 1342 an-

187 1412 253 1460 nos
267 1413 285 1458 a
298 1404 418 1460 morte
431 1388 558 1485 patris,
576 1385 843 1485 kalendasjunii
855 1403 1020 1460 mortuns
1031 1403 1084 1459 est
1095 1388 1164 1485 (3),
1179 1387 1264 1459 etin

191 1504 348 1577 Uticensi
360 1505 519 1603 capitulo
534 1531 614 1576 cum
625 1503 762 1575 duabus
779 1503 953 1576 uxoribus
965 1504 1035 1576 suis
1050 1534 1058 1575 ε
1074 1503 1215 1602 Agncte
1232 1520 1267 1576 et

189 1620 333 1708 Emma,
358 1622 517 1720 sepultus
534 1638 599 1693 est.
620 1620 846 1706 Guillelmus,
865 1623 976 1693 irater
998 1623 1092 1720 ejus,
1114 1621 1266 1693 incuria

190 1734 375 1808 Guillelmi
423 1739 517 1835 regis
550 1762 691 1835 magnae
735 1737 981 1809 aestimationis
1013 1739 1098 1824 luit,
1136 1737 1267 1834 ipsum·

191 1879 262 1953 que
276 1880 339 1925 rex
354 1852 442 1925 adeo
456 1853 594 1947 dilexit,
611 1869 652 1925 ut
665 1854 695 1924 ci
711 1870 856 1952 neptem
872 1880 970 1927 suam
991 1885 999 1926 :
1016 1852 1190 1927 liodberti
1205 1854 1269 1925 sci·

191 1971 295 2062 licet,
315 1972 491 2045 Moritolii
510 1972 672 2057 comitis,
692 1970 802 2043 filiam
818 1973 890 2069 (l),
910 1971 1078 2060 offerrem
1099 1972 1268 2071 quatinus

190 2090 241 2162 sic
266 2092 435 2188 juvenem
462 2091 497 2161 in
521 2116 654 2189 magno
683 2087 823 2163 honore
854 2074 1173 2189 consanguinitatis
1196 2116 1268 2163 suae

190 2207 1269 2308 conjunctumretineret.Deniquesuperbustiroconsilium

190 2326 286 2421 regis
307 2326 465 2423 respuit,
495 2342 531 2397 et
559 2326 702 2398 levitate
723 2324 870 2414 ductus,
901 2354 983 2398 cum
1000 2326 1186 2400 Rodberto
1205 2327 1268 2399 Gi·

188 2442 291 2515 fardo
309 2444 383 2540 (5),
404 2442 552 2542 aliisque
567 2441 751 2542 pluribus,
769 2444 938 2542 Apuliam
955 2446 1124 2544 expetiit,
1146 2443 1268 2546 ibique

188 2559 373 2633 Mabiliam
388 2617 398 2648 ,
415 2561 591 2634 Radberti
605 2561 785 2634 Wiscardi
801 2561 932 2651 liliam,
948 2590 1029 2663 quac
1044 2563 1268 2662 Curta-Lupa

188 2677 531 2778 cognominabatur,
559 2706 641 2751 cum
665 2705 713 2751 xv
732 2679 884 2751 castellis
905 2681 1094 2778 conjugem
1111 2681 1266 2779 accepit,

188 2786 1265 2896 ibique,postreditumdellntiochia,obiit,filiosqueduos:

186 2910 425 2985 Guillelmum
443 2930 478 2985 et
492 2912 739 3000 liudbertum,
760 2911 909 2986 honoris
925 2915 977 2985 sui
997 2913 1142 2987 heredes
1158 2913 1269 2986 dimi·
1322 2944 1323 2947 ¹

187 3030 234 3102 sit
252 3031 324 3128 (li).
344 3032 464 3130 Hugo,
481 3047 647 3103 strenuus
662 3046 698 3103 et
714 3028 882 3104 honestus
895 3031 1012 3119 miles,
1034 3034 1271 3130 injuventute
1376 3023 1386 3040 ”

186 3143 376 3217 defunctus
394 3162 465 3234 est,
488 3163 523 3218 et
548 3148 586 3218 in
606 3146 765 3245 capitulo
784 3148 895 3219 sancti
913 3149 1026 3246 patris
1043 3146 1185 3221 Ebrulli
1200 3147 1271 3221 ho-

225 3429 265 3500 (t)
281 3429 359 3483 lisez
378 3428 512 3486 :tudun
529 3430 577 3486 On
591 3431 649 3485 voit
666 3430 770 3504 ligurer
785 3431 845 3498 lve,
864 3428 1010 3484 deuxicme
1024 3429 1063 3483 du
1080 3447 1160 3497 nom,
1178 3441 1270 3487 comte

189 3516 227 3572 de
240 3518 561 3588 Eeaumont-sur-Otse,
580 3538 629 3576 son
645 3520 731 3589 mari,
748 3519 816 3574 dans
828 3517 876 3573 des
887 3527 961 3572 actes
975 3519 1010 3573 de
1027 3519 1093 3573 1080
1105 3528 1134 3572 et
1150 3516 1225 3573 1082.

147 3678 151 3685 .
225 3611 265 3680 (a)
280 3609 376 3681 Voyez
393 3609 544 3679 cidessus,
562 3630 590 3684 p.
606 3610 670 3685 359.

224 3697 264 3770 (3)
280 3699 316 3753 Le
335 3712 368 3753 ν’
380 3701 445 3771 juin
461 3699 537 3756 1136.

225 3790 266 3860 (4)
280 3789 403 3856 Robert,
421 3802 515 3845 comte
532 3790 567 3845 de
582 3791 719 3854 Mortem,
736 3800 784 3844 eut
799 3790 867 3845 trois
882 3787 959 3842 lilles.
976 3786 1023 3842 Ou
1037 3784 1121 3858 pense
1135 3805 1190 3860 que
1203 3788 1271 3844 celle

187 3878 260 3935 dont
279 3879 299 3934 il
320 3882 399 3953 s’agit
426 3882 461 3936 ici
485 3893 528 3936 cst
549 3882 574 3935 la
595 3882 747 3955 premiere,
771 3882 819 3955 qui
838 3883 939 3953 epousa
957 3877 1065 3945 Andre',
1087 3878 1218 3952 seigneur
1236 3880 1270 3935 dc

188 3968 273 4027 Vitae
295 3989 330 4024 en
354 3971 513 4044 Bretagne‚
540 3971 582 4026 fils
603 3972 638 4027 de
661 3971 769 4026 Robert
793 3970 828 4025 de
851 3971 951 4038 Vitre,
977 3967 1034 4021 l’un
1057 3967 1105 4023 des
1130 3972 1271 4043 guerricrs

188 4058 360 4134 (l'llastiugs.
1096 4073 1098 4076 ’

224 4149 265 4222 (5)
284 4151 379 4225 Voyez
392 4152 542 4222 ci·desms,
557 4172 587 4227 p.
603 4150 665 4208 360.

223 4238 264 4313 (6)
278 4239 362 4297 Nous
380 4240 468 4298 allans
481 4251 628 4299 retrouvsr
642 4261 672 4299 ce
685 4259 858 4318 permuusge
872 4241 941 4298 dans
954 4241 980 4298 le
994 4241 1062 4298 livre
1075 4243 1193 4297 suivant.
