2888 4934
185 406 245 468 540
458 403 642 465 HISTORIA
665 402 970 464 EchEstastch.
997 405 1142 481 [virson.
1160 408 1252 485 1098]

183 538 255 609 Pro
276 535 335 607 tali
358 558 445 635 ergo
463 551 593 608 eventu
617 535 834 610 contristatis
855 536 965 634 pietas
978 535 1041 608 Dei
1059 535 1254 634 suffragata

183 669 248 726 est.
269 651 360 723 Nam
378 678 450 724 non
464 652 590 750 procul
607 680 626 723 a
643 653 733 725 scala
754 669 844 725 nutu
860 653 925 724 Dei
943 651 1137 752 quamdam
1161 678 1254 750 por-

185 786 259 841 tam
276 770 344 867 (i),
361 795 469 868 quam
486 771 672 842 retroactis
684 768 808 841 diebus
825 768 1252 868 explorantesviderant,

184 912 203 956 a
222 886 362 957 sinistra
388 902 490 984 parte
518 886 702 983 palpantes
725 888 957 976 invenerunt,
977 888 1124 987 ipsaque
1139 887 1254 960 hacta

184 1002 395 1101 quantocius
410 1003 558 1101 ingressi
577 1019 671 1074 sunt.
693 1004 795 1075 Tunc
813 1003 943 1074 nimius
959 1004 1081 1103 fragor
1105 1019 1254 1076 exortus

183 1135 252 1206 est,
264 1136 301 1191 ct
313 1118 460 1192 uberior
476 1117 666 1192 dimicandi
683 1121 821 1193 occasio
835 1117 1045 1193 Christianis
1056 1120 1250 1210 succrevit,

183 1237 381 1335 'furcisque
397 1262 524 1309 somno
539 1238 695 1337 vinoque
711 1238 856 1335 sepultis
872 1235 1052 1310 crudelior
1066 1237 1167 1309 necis
1184 1264 1253 1309 an-

184 1352 297 1452 gustia
322 1353 482 1426 obvenit.
506 1354 685 1442 Gentiles,
710 1354 796 1426 dum
824 1355 1025 1452 periculum
1055 1355 1253 1427 imminens

184 1469 341 1569 effugere
359 1470 508 1557 vellent,
529 1473 565 1542 in
587 1471 806 1543 Christianos
823 1472 1051 1570 impegerunt
1058 1501 1069 1560 3
1086 1487 1123 1543 et
1141 1472 1251 1568 impe·

184 1603 262 1657 tum
279 1588 411 1659 evitare
429 1604 639 1687 satagentes,
656 1587 743 1661 dum
765 1590 943 1676 nesciunt,
961 1589 997 1660 in
1015 1589 1250 1685 repentinum

183 1704 311 1776 mortis
322 1701 512 1775 discrimen
525 1704 744 1777 ceciderunt.
760 1703 959 1778 Buamundi
971 1704 1162 1793 vexillum,
1176 1707 1251 1803 ipso

178 1815 341 1914 jubente,
361 1819 396 1889 in
411 1817 540 1891 urbem
556 1820 690 1892 elatum
705 1838 758 1892 est
768 1875 778 1908 ,
795 1837 831 1893 et
848 1836 973 1893 contra
988 1820 1248 1918 municipium,

181 1936 368 2034 quoderat
382 1937 419 2009 in
434 1936 542 2028 urbe,
559 1940 596 2010 in
611 1938 753 2012 editiori
771 1940 862 2012 colle
880 1939 1097 2012 collocatum
1113 1955 1182 2011 est.

232 2054 438 2141 Christiani,
455 2071 512 2127 111⁰
525 2083 637 2129 nonas
644 2058 752 2156 junii,
767 2057 854 2129 seria
868 2068 918 2128 tv·
933 2058 1002 2154 (α),
1017 2055 1250 2129 Antiochiam

181 2170 436 2262 obtinuerunt,
455 2191 492 2246 et
505 2176 711 2247 innumeros
723 2199 946 2273 paganorum
963 2173 1097 2244 ibidem
1111 2174 1250 2246 intere-

182 2303 340 2357 merunt.
358 2288 433 2360 Nec
457 2290 570 2376 aetati,
600 2315 666 2362 nec
685 2291 802 2372 sexui,
823 2313 889 2360 nec
914 2288 1025 2360 cuivis
1045 2287 1248 2361 conditioni

182 2419 288 2474 nocte
316 2402 376 2476 illa
403 2405 583 2479 indultum
606 2424 670 2479 est.
700 2408 780 2480 Nox
807 2406 972 2505 ambigua
998 2423 1094 2497 erat,
1113 2423 1152 2479 et
1171 2405 1248 2479 ideo

181 2523 374 2617 promiscui
395 2549 498 2595 sexus
519 2526 660 2597 nullum
673 2540 870 2623 exceperat.
887 2525 969 2595 Dies
986 2525 1122 2612 illuxit,
1139 2525 1248 2623 etqui

182 2635 418 2710 morabantur
443 2642 478 2711 in
497 2643 635 2729 castriS,
658 2641 957 2712 tumultuantibus
980 2639 1123 2737 populis
1145 2655 1182 2710 et
1196 2665 1249 2710 re·

183 2752 374 2828 boantibus
400 2757 497 2829 lituis
520 2760 644 2846 exciti,
664 2758 836 2829 vexillum
853 2755 1054 2828 Buamundi
1079 2754 1249 2828 viderunt

183 2885 220 2941 ει
244 2890 487 2968 agnoverunt,
507 2889 543 2944 et
564 2872 608 2944 de
634 2888 731 2970 capta
758 2874 901 2944 civitate
927 2872 1036 2970 gavisi
1064 2887 1162 2942 sunt.
1192 2868 1248 2940 Ad

217 3153 226 3221 (
231 3153 255 3220 1)
270 3152 308 3204 Μ.
324 3151 472 3222 Poujonlat
484 3171 566 3223 pense
578 3171 632 3224 que
645 3152 737 3205 c‘c'tait
749 3169 785 3204 ou
797 3151 820 3204 la
835 3161 914 3222 porte
927 3149 975 3203 des
988 3149 1108 3205 Oliviers
1122 3148 1248 3219 (aujour-

180 3239 257 3293 d’hui
274 3240 481 3310 bah-Zetoun),
498 3257 531 3292 au
547 3240 614 3293 midi
630 3239 664 3293 dc
676 3240 701 3293 la
716 3251 795 3311 porte
808 3238 843 3292 de
856 3238 1088 3309 &tint-Georges,
1105 3256 1142 3290 ou
1157 3236 1249 3309 plutot

182 3349 282 3384 encore
296 3349 350 3384 une
364 3341 443 3384 avitvc
456 3331 542 3402 petite
555 3341 634 3402 porte
649 3331 718 3385 dont
730 3330 755 3384 la
769 3330 863 3402 saqade
877 3340 919 3382 est
932 3331 1063 3401 marquee
1078 3326 1161 3381 d’une
1172 3329 1249 3381 croix

182 3421 341 3492 (peut-etse
353 3441 386 3475 en
398 3423 530 3475 inemoirc
540 3421 627 3476 decet
639 3425 829 3492 e'vc'nement),
844 3421 930 3473 situe'e
942 3438 976 3472 au
988 3417 1053 3490 pied
1064 3417 1102 3470 du
1115 3420 1248 3489 premier,

180 3528 240 3564 vers
261 3511 372 3574 l'ouest‚
394 3511 444 3564 des
462 3523 561 3583 quatre
578 3511 729 3565 mainelons
743 3511 893 3564 rensermes
909 3507 977 3562 dans
997 3508 1143 3562 l’enceinte
1159 3507 1249 3562 d’An·

182 3601 283 3654 tioche.

116 3728 121 3733 -
218 3690 257 3759 (2)
278 3689 313 3743 Le
330 3690 408 3761 jcudi
428 3689 522 3760 3juin
541 3689 623 3763 1098,
641 3699 668 3743 et
688 3707 743 3742 non
757 3708 805 3761 pas
823 3690 849 3743 le
869 3688 1018 3754 merci-edi,
1038 3705 1146 3741 comme
1164 3687 1190 3741 le
1208 3686 1251 3742 dit

183 3789 263 3832 notre
275 3791 384 3833 auteur.
397 3780 419 3833 ll
435 3782 503 3835 n⁷est
517 3800 563 3852 pas
575 3781 600 3833 lc
614 3780 685 3844 seul,
700 3798 735 3833 au
749 3791 833 3846 reste,
847 3781 895 3852 qui
905 3780 944 3833 ait
956 3778 1020 3832 date
1030 3788 1074 3831 cet
1086 3781 1250 3832 evenement

181 3865 217 3919 dc
233 3865 359 3938 l’epoque
375 3870 411 3921 ou
424 3869 544 3922 Phirouz
563 3868 593 3922 fit
609 3878 703 3922 eutror
720 3867 759 3920 les
775 3868 922 3921 Chrc'ticns
936 3866 1003 3919 dans
1018 3883 1047 3918 sa
1061 3875 1140 3930 tour,
1157 3868 1250 3938 etqui

183 3956 274 4009 devait
287 3953 354 4008 faire
369 3958 457 4026 partie
469 3955 504 4009 de
517 3957 541 4010 la
550 3958 669 4027 journee
683 3955 720 4009 du
735 3974 749 4009 2
759 3955 832 4026 juin.
850 3957 884 4009 Le
896 3956 1004 4009 Roman
1017 3955 1052 4008 dc
1063 3954 1203 4009 Godesroi
1216 3955 1251 4021 de

182 4044 322 4109 bouillon,
339 4045 407 4097 echo
422 4044 470 4098 des
483 4045 629 4100 traditions
642 4046 759 4099 adiniscs
774 4048 789 4098 ὲι
803 4064 833 4098 ce
848 4045 932 4115 sujct,
950 4044 991 4098 dit
1005 4045 1076 4097 aussi
1092 4068 1096 4095 :

328 4185 440 4231 Antioche
454 4185 476 4231 su
492 4187 554 4248 prise
567 4203 596 4231 un
612 4188 724 4234 mercrevli
738 4204 765 4233 au
780 4189 834 4232 soie.
