2888 4934
199 363 260 425 tat
474 359 661 424 HISTORIA
681 359 986 422 ecctssttrsrrcr.

305 494 425 564 Virgine
439 491 474 547 de
487 510 562 547 sacra
574 492 717 560 Christus,
732 510 796 546 cunr
811 502 888 547 tanta
901 492 1029 548 columna
1112 524 1114 528 ·

303 583 412 638 Decidit
425 582 561 650 Ecclesia,
580 582 649 636 nulli
663 582 766 656 pietate
779 582 916 639 secundus
928 582 980 656 (r).

244 725 382 801 xxvl.
402 725 509 798 Felici
523 741 667 825 patrum
678 723 878 798 decessione
896 726 932 799 in
950 724 1095 800 Christo
1107 727 1259 827 migran-

195 845 299 931 tium,
311 843 389 943 pius
408 844 565 916 interris
581 859 717 914 moeret
732 868 835 915 amor
847 840 1025 933 liliorum
1038 844 1117 944 qui,
1138 870 1258 945 quam-

194 964 247 1038 ris
263 988 323 1036 eos
342 987 495 1062 regnum
517 958 764 1034 indubitanter
784 977 903 1058 speret
921 960 1112 1036 ascendere
1132 989 1256 1062 super-

193 1105 303 1167 num,
335 1077 525 1151 assectuosc
557 1093 674 1150 tamen
710 1076 907 1150 absentiam
941 1077 1080 1179 plangit
1110 1103 1252 1166 eom,

191 1213 352 1270 metuens
368 1196 518 1269 nimiam
530 1194 785 1268 desolationem
800 1195 859 1270 hie
872 1197 1107 1269 exulantium.
1123 1197 1255 1272 Verum

189 1313 311 1386 divina
327 1313 437 1412 pietas
451 1311 648 1385 Ecclesiam
664 1337 764 1385 suam
781 1312 912 1387 crebro
924 1313 1065 1401 visitat,
1080 1330 1116 1387 et
1133 1314 1254 1387 invisi-

190 1430 255 1503 bili
273 1446 355 1504 actu
371 1429 568 1503 dulcedinis
582 1455 654 1502 suae
668 1430 887 1520 consolatur,
904 1454 950 1502 ne
967 1431 1003 1501 iu
1018 1430 1076 1502 via
1094 1428 1250 1517 deficiat,

188 1547 433 1649 quotidieque,
444 1547 556 1619 missis
565 1546 608 1619 ad
623 1572 701 1619 eam
710 1546 863 1620 sortibus
877 1545 1120 1646 agonothetis,
1133 1544 1177 1619 ad
1190 1546 1253 1618 luc·

189 1678 263 1735 tam
280 1661 505 1737 corroborat.
525 1664 616 1736 Hinc
629 1665 679 1735 ait
691 1661 864 1761 propheta
885 1694 893 1735 ε
911 1664 987 1735 Pro
1002 1662 1174 1762 patribus
1186 1664 1252 1733 tuis

188 1785 267 1852 nati
282 1796 368 1854 sunt
386 1781 538 1880 tibifilii
556 1781 627 1879 (a).
653 1779 836 1877 Apostolis
855 1781 953 1852 enim
972 1795 1066 1851 astra
1090 1794 1254 1852 transro-

187 1897 346 1971 lantibus
368 1899 554 1998 apostolici
577 1897 743 1971 doctores
766 1913 1030 1984 successerunt,
1056 1899 1119 1998 qui
1142 1895 1253 1969 verbis

186 2028 223 2088 et
246 2015 435 2114 operibus,
467 2016 503 2089 in
529 2015 629 2088 atriis
653 2015 851 2088 Jerusalem
877 2031 1029 2105 stantes,
1054 2014 1251 2100 fulserunt,

185 2134 334 2235 Deoque
356 2160 503 2210 suorum
525 2136 662 2207 fructus
686 2131 853 2205 laborum
872 2132 941 2204 huc
962 2156 1074 2231 usque
1091 2147 1250 2229 accepta·

184 2248 275 2324 biles
291 2251 464 2325 offerunt.
484 2251 564 2337 En,
587 2250 792 2324 abundante
817 2251 1008 2351 iniquitate
1034 2251 1073 2322 in
1096 2247 1251 2334 mundo,

185 2363 332 2438 uberius
349 2367 476 2439 crescit
494 2365 653 2439 fidelium
674 2368 710 2439 iu
730 2366 906 2465 religione
922 2364 1084 2452 devoti0,
1106 2379 1143 2436 et
1160 2361 1253 2434 mul-

185 2483 342 2583 tiplicata
364 2509 461 2585 seges
477 2486 515 2556 in
532 2510 620 2584 agro
637 2486 752 2585 surgit
770 2485 975 2558 Dominico.
999 2485 1040 2554 ln
1057 2481 1206 2555 saltibus
1221 2498 1254 2553 et

186 2602 443 2700 campestribus
458 2604 585 2701 passim
599 2617 861 2676 construuntur
876 2601 1065 2692 coenobia,
1082 2600 1253 2699 novisque

184 2718 325 2808 ritibus,
338 2720 517 2819 variisque
530 2717 767 2793 schematibus
786 2716 965 2806 trabeata,
983 2733 1178 2816 peragrant
1196 2741 1252 2789 or·

184 2832 268 2908 bem
293 2835 553 2909 cucullatorum
575 2835 753 2909 examina.
776 2833 955 2907 Albedine
976 2835 1013 2906 in
1038 2832 1167 2905 habitu
1193 2857 1252 2905 suo

183 2951 365 3050 praecipue
377 2969 543 3041 utuntur,
559 2981 628 3054 qua
638 2954 835 3053 singulares
845 2952 890 3025 ab
903 2952 994 3040 aliis,
1007 2951 1251 3050 notabilesque

184 3065 386 3141 videantur.
399 3068 560 3167 Nigredo
573 3072 610 3142 in
622 3072 803 3170 plerisque
815 3071 902 3143 locis
914 3085 1044 3141 sanctae
1057 3068 1250 3165 Scriptura

59 3196 64 3209 ⁴
184 3181 422 3256 humilitatem
442 3184 616 3285 designat.
640 3187 754 3279 Quem
772 3185 906 3259 idcirco
923 3185 1085 3257 colorem
1102 3183 1249 3282 religio-

182 3325 306 3374 sorum
326 3303 448 3375 servor
468 3303 637 3376 hactenus
658 3319 843 3403 gratanter
862 3317 987 3402 gestat.
1009 3301 1118 3373 Nunc
1135 3317 1247 3372 autem

181 3418 426 3519 nigredinem,
450 3448 520 3521 qua
542 3422 649 3520 prisci
672 3438 808 3521 patres,
835 3435 908 3491 tam
929 3418 1111 3518 regulares
1132 3415 1247 3490 clerici

182 3537 219 3609 in
245 3540 384 3638 cappis,
402 3566 510 3639 quam
533 3538 699 3612 monachi
723 3541 760 3611 in
783 3538 952 3625 cucullis,
973 3534 1022 3608 ob
1039 3532 1246 3608 humilitatis

180 3656 373 3751 specimen,
388 3658 439 3729 usi
454 3673 549 3746 sunt,
562 3658 741 3743 moderni,
759 3674 926 3755 tanquam
939 3652 988 3726 ob
999 3652 1146 3752 majoris
1154 3649 1245 3752 justi·

181 3772 240 3844 tiae
253 3776 545 3865 ostentationem,
565 3774 757 3873 abjiciunt,
775 3774 940 3846 inusitata
958 3795 1104 3872 quoque
1117 3791 1244 3868 panno

214 4054 253 4123 (r)
269 4055 307 4110 Ce
321 4072 493 4128 personnagc
506 4058 594 4130 paruit
606 4059 665 4113 dtre
680 4069 754 4112 mort
766 4076 826 4114 vers
843 4055 918 4112 1128.

186 4217 190 4225 ¹
214 4146 252 4213 (a)
264 4145 372 4199 Psnlrn.
387 4162 453 4212 xrrv,
472 4162 512 4218 ¹7·
