2888 4934
183 396 242 454 186
457 392 640 454 HISTORIA
664 390 970 453 ECCIAESMSTICA.
1139 394 1240 472 [108⁵]

185 523 357 596 Thebano
369 549 443 623 por
453 525 744 625 Epaminondoe,
762 521 825 594 ubi
838 528 1012 622 reperiam
1026 522 1085 594 te?
1098 522 1240 597 Nobilis

182 641 318 715 athleta
347 640 587 732 Buamumie,
613 642 748 714 militia
783 639 956 713 Thessalo
991 640 1151 729 Achilli,
1184 667 1241 717 ssu

182 759 426 854 Francigerroe
440 759 627 832 Boliando
641 757 904 858 oequrpar’anclo
912 814 924 846 ,
945 760 1103 845 vivisne,
1123 783 1175 830 ars
1189 758 1243 831 de·

182 880 302 947 tineris
319 874 510 976 pernicie?
537 876 641 976 Quid
664 876 731 948 tibi
747 873 927 974 contigit?
954 875 1058 974 Quid
1082 875 1243 975 probitas

182 1008 246 1063 tua
261 991 428 1064 devenit?
455 993 567 1092 Quod
586 1003 619 1067 si
641 1020 763 1094 sospes
771 1052 784 1083 ,
809 993 954 1091 qualem
973 1010 1023 1081 te,
1049 992 1141 1064 darn
1168 994 1243 1067 Tu·

182 1109 298 1180 scium
327 1108 488 1198 adirem,
514 1110 657 1197 dimisi,
685 1127 819 1208 priesto
847 1109 1012 1198 adesses,
1036 1108 1244 1209 opulentam

181 1222 370 1318 Balgarioe
384 1230 566 1324 regionem
579 1231 688 1299 armis
702 1228 834 1298 nostris
847 1223 1023 1296 obtentam
1027 1223 1244 1323 possideres.

183 1338 271 1412 Scio
285 1368 440 1439 namque
454 1343 555 1441 quod
566 1358 670 1415 tanta
678 1399 689 1431 ,
710 1343 743 1412 si
759 1343 850 1412 uiuis
857 1397 870 1430 ,
886 1344 1097 1412 strenuitate
1108 1339 1244 1440 polles,

183 1474 221 1528 ut
231 1459 266 1531 si
280 1464 383 1531 morti
400 1486 491 1532 meae
506 1460 627 1533 divino
647 1476 738 1531 nutu
750 1463 953 1546 interesses,
962 1461 1026 1558 jas
1043 1455 1147 1554 quod
1159 1455 1247 1531 bello

182 1572 388 1672 adquisivi,
412 1578 562 1675 jurante
590 1577 686 1663 Deo,
717 1574 923 1647 nullatenus
950 1579 1142 1645 amitteres.
1175 1572 1248 1645 Eia

183 1691 440 1765 commilitones
453 1697 576 1794 optimi
587 1750 598 1782 ,
619 1709 724 1765 caute
737 1691 842 1764 nobis
856 1690 1048 1776 consulite,
1061 1706 1096 1761 et
1107 1689 1212 1788 quod
1223 1716 1248 1764 a

182 1806 339 1879 Laribus
352 1810 479 1880 nestris
490 1809 603 1881 valde
612 1817 739 1881 remoti
751 1811 835 1880 estis
846 1807 1072 1908 perpendite.
1090 1806 1249 1880 Recolite

182 1949 295 2021 quam
307 1950 445 2025 magna
460 1923 811 2023 Normannisccere,
826 1943 860 1997 et
870 1926 971 2024 quod
980 1943 1155 2025 pmentes
1170 1950 1249 1999 nos-

183 2043 230 2111 tri
248 2045 402 2116 Francis
422 2062 456 2116 et
480 2045 691 2118 Britonibus
711 2060 746 2116 et
771 2043 1131 2117 Cenomcnnensibus
1149 2042 1248 2117 mul-

182 2164 284 2251 toties
303 2164 476 2249 nestitere,
497 2180 531 2235 et
531 2161 684 2259 sortiter
701 2170 826 2235 vicere.
841 2152 907 2234 Ad
917 2179 1071 2235 meroem
1086 2162 1249 2239 redunt«

182 2301 292 2373 quam
319 2305 458 2379 niagno
475 2307 532 2352 me
548 2281 641 2353 duce
658 2284 822 2380 gessistis
846 2283 884 2352 in
907 2280 1021 2354 Italia
1041 2297 1076 2352 et
1100 2279 1245 2354 Sicilia.

185 2393 414 2468 Pselemiam
442 2415 476 2469 et
502 2400 675 2488 Barium,
699 2399 940 2472 Brundisium
965 2416 998 2471 et
1028 2399 1247 2488 Tarentum,

183 2510 423 2583 Bisruunnum
436 2514 490 2611 (ι)
505 2529 539 2585 et
553 2516 724 2614 Regium,
741 2525 961 2608 ⁴syracusam
975 2533 1008 2587 et
1028 2515 1247 2603 Paternum,

186 2628 392 2702 Cosentiam
405 2649 440 2703 et
458 2634 817 2708 Castrurridolzcmris
836 2636 909 2731 (a),
924 2636 1094 2731 aliasque
1112 2631 1249 2705 multas

183 2747 283 2819 urbes
295 2764 328 2820 et
339 2751 481 2851 oppida
498 2752 716 2826 obtinuistis.
734 2750 917 2849 Gisufitm
936 2778 1076 2850 qnoque
1101 2749 1250 2825 Psalet*

216 2950 254 3019 (1)
274 2949 436 3013 Bismcuus‚
455 2951 634 3015 Bismantun,
653 2935 842 3015 Bismnnium,
864 2951 1251 3024 Bismarrton,1nontagneet

182 3036 280 3110 village
293 3040 331 3092 du
345 3041 502 3107 modenam,
518 3042 586 3096 dans
598 3041 623 3095 le
637 3042 776 3113 voisinage
789 3041 823 3096 de
837 3041 960 3112 Rengio,
978 3059 1032 3113 que
1052 3049 1134 3094 notre
1153 3049 1251 3095 auteur

182 3138 339 3200 tmnsporte
354 3131 390 3185 ici
403 3150 439 3185 en
450 3131 567 3187 Calabro
582 3137 707 3198 (comme
724 3132 744 3186 il
755 3152 773 3203 y
786 3152 801 3186 a
816 3132 878 3203 dejb
897 3131 973 3204 isiaco
987 3131 1125 3202 Bremia),
1141 3130 1252 3203 immpb

182 3218 390 3290 probablement
399 3231 471 3274 cette
480 3222 531 3275 sois
540 3241 589 3294 par
600 3222 796 3294 i'homonymie
804 3222 839 3276 de
847 3222 956 3295 Reggio
965 3221 1003 3276 du
1012 3219 1252 3291 Modenaisfflbe·

182 3312 259 3380 giurn
272 3309 396 3380 Lepidii)
411 3327 474 3363 avec
488 3310 596 3385 Reggio
609 3310 643 3366 de
659 3310 774 3366 Calahre
787 3313 797 3379 (
803 3311 942 3391 Rhegium
952 3310 1045 3378 Iulii).
1059 3308 1098 3363 Ce
1111 3308 1170 3363 lieu
1180 3307 1251 3381 s‘ap-

182 3396 253 3469 pelle
274 3396 453 3469 aujourd'hui
477 3399 573 3453 Pietru
594 3398 792 3461 Bismnntoea,·
816 3399 881 3452 c'est
904 3416 960 3451 une
982 3406 1131 3468 montagne
1152 3394 1253 3451 faisant

181 3490 270 3561 partie
282 3487 320 3544 du
336 3489 507 3544 contre-sort
519 3491 567 3563 qni
586 3490 708 3546 euenisse
727 3509 761 3543 au
781 3489 805 3543 N
810 3488 872 3544 .·0.
890 3487 917 3541 la
932 3485 1016 3540 vallic
1031 3485 1067 3539 de
1080 3484 1106 3538 la
1118 3484 1251 3554 Secehin,

181 3590 260 3634 entre
271 3591 343 3634 cette
357 3581 457 3635 riviere
475 3591 505 3634 et
521 3580 547 3635 le
561 3580 653 3654 baurg
665 3580 701 3634 de
712 3579 876 3635 Castelnovo
893 3578 936 3633 ne'
951 3577 1056 3644 Menti,
1070 3594 1106 3630 au
1118 3574 1204 3633 S.·0.
1216 3574 1254 3631 le

181 3671 337 3742 Carpineti,
356 3673 370 3723 is
388 3671 503 3725 environ
517 3669 552 3724 50
566 3671 726 3725 kilomttres
745 3668 878 3726 s.-S.-0.
894 3667 929 3723 de
946 3667 1069 3740 Reggio,
1086 3676 1114 3721 et
1129 3663 1165 3722 38
1180 3664 1253 3721 kilo-

183 3757 284 3811 metres
297 3759 380 3813 s.-0.
395 3759 430 3815 de
444 3759 574 3815 Modone.
1095 3767 1096 3770 ’

214 3848 254 3916 (n)
267 3848 319 3902 Ces
330 3848 407 3902 villes
418 3861 482 3904 sont
495 3861 557 3923 trop
569 3868 692 3905 connues
706 3868 777 3922 pour
791 3866 861 3902 nous
875 3847 984 3902 lournir
996 3844 1102 3915 lesnjet
1115 3842 1254 3898 d’aum'ne

182 3936 348 4010 explication
360 3957 397 3993 ou
411 3940 560 4006 reflexiorm
573 3959 644 3996 nous
660 3959 730 3994 nous
749 3949 944 3994 contemerons
959 3935 1113 3990 seulement
1124 3933 1163 3989 de
1174 3949 1253 3989 mve-

186 4029 230 4082 nir
241 4046 288 4082 sur
301 4030 430 4082 Castrum
438 4031 584 4098 Iohannis,
599 4033 648 4104 qui
659 4032 727 4085 n'est
738 4048 787 4103 pas
795 4028 887 4084 Castel
900 4026 1048 4089 moranni,
1061 4040 1254 4087 commeneus

183 4117 285 4172 l'avons
298 4116 341 4171 dit
355 4117 505 4187 ci·dessus‚
523 4132 543 4176 t.
559 4121 596 4187 11,
610 4141 637 4193 p.
646 4119 695 4187 56,
711 4140 760 4192 par
772 4119 980 4179 inadvertance‚
997 4115 1064 4170 mais
1077 4113 1142 4175 bien
1155 4112 1256 4169 castro

183 4210 333 4264 Giosanni.
