2888 4934
200 431 259 489 aas
470 423 980 490 u1sroa1auccsusnsnci.
1154 431 1259 506 [roan

200 556 319 653 itaque
341 575 421 623 suos
443 547 677 623 Guillelmum
702 550 856 639 Rufum,
890 567 927 624 et
954 552 1169 637 Henrieum,
1198 553 1257 652 qni

198 667 363 756 aderant,
396 681 432 736 et
461 663 634 763 quosdam
665 665 864 738 amicorum
892 667 1122 753 convocavit,
1151 665 1260 740 etde

196 785 299 884 regni
317 779 545 856 ordinatione
565 781 744 878 sapienter
760 809 801 854 ac
825 782 981 854 multum
1006 782 1157 881 provide
1182 800 1259 856 tra-

195 918 292 975 ctare
304 897 431 996 coepit.
447 894 625 969 Robertus
637 897 734 970 enim
750 896 843 970 filius
859 901 945 998 ejus,
964 901 1024 1000 qui
1040 901 1157 1000 major
1173 917 1259 974 nato

193 1034 288 1107 erat,
308 1015 518 1088 multotiens
527 1013 617 1087 olim
627 1039 694 1087 con
700 1030 752 1085 tra
766 1031 905 1112 patrem
919 1040 1021 1087 suum
1037 1016 1256 1115 litigaverat,

193 1153 229 1210 et
252 1151 338 1207 tunc
357 1132 499 1206 noviter
520 1157 588 1230 pro
604 1129 817 1231 quibusdam
835 1132 977 1229 ineptiis
993 1133 1161 1206 similiter
1180 1150 1260 1208 sto-

193 1250 391 1337 machatus,
419 1247 464 1321 ad
486 1272 609 1346 regem
629 1248 852 1321 Francorum
874 1247 1092 1322 discesserat.
1120 1249 1259 1324 Verum

190 1371 330 1469 sapiens
347 1369 453 1441 heros
469 1366 506 1437 io
525 1366 687 1438 futurum
704 1365 771 1438 sibi
786 1366 979 1466 multisque
996 1367 1184 1441 commoda
1201 1369 1258 1442 la-

195 1512 272 1561 cere
294 1511 368 1558 non
394 1483 552 1571 distulit,
578 1508 772 1585 omnesque
800 1481 981 1557 thesauros
1000 1486 1260 1581 suosecclesiis

190 1619 227 1676 et
249 1598 485 1702 pauperibus,
513 1599 650 1698 Deique
673 1600 848 1674 ministris
868 1599 1036 1675 distribui
1066 1604 1256 1702 praecepit.

190 1719 370 1814 Quantum
390 1742 477 1790 vero
495 1716 643 1814 singulis
662 1714 739 1789 dari
758 1717 890 1805 voluit,
906 1718 1033 1791 callide
1052 1720 1209 1809 taxavit,
1223 1735 1261 1793 et

189 1861 310 1910 coram
331 1860 367 1907 se
386 1831 538 1907 describi
556 1859 575 1904 a
594 1832 743 1907 notariis
762 1833 963 1931 imperavit.
981 1833 1087 1907 Clero
1111 1859 1261 1935 quoqne

189 1951 411 2026 Madantensi
427 1950 577 2049 supplex
596 1951 753 2050 ingentia
772 1950 866 2024 dona
885 1952 998 2040 misit,
1024 1967 1066 2023 ut
1086 1951 1172 2027 inde
1198 1979 1265 2028 re·

189 2084 436 2144 staurarentur
458 2066 637 2158 ecclesiae,
662 2094 750 2167 quas
769 2066 1024 2142 combusserat.
1046 2069 1099 2142 De
1124 2068 1196 2143 fide
1223 2087 1264 2144 et

186 2189 320 2289 justitia
334 2184 523 2273 servanda,
540 2182 584 2256 de
600 2184 678 2284 lege
695 2184 760 2257 Dei
777 2202 813 2258 et
827 2210 912 2282 pace
932 2185 1101 2275 tenenda,
1120 2185 1166 2260 de
1186 2189 1257 2286 pri·

187 2304 327 2403 vilegiis
346 2301 594 2388 ecclesiarum,
620 2315 656 2373 et
673 2302 812 2373 statutis
834 2317 981 2400 patrum
1000 2301 1253 2394 observandis,

187 2446 313 2497 omnes
324 2421 386 2522 qui
400 2436 593 2518 praesentes
603 2434 718 2506 erant,
733 2417 933 2509 admonuit,
948 2437 985 2494 et
996 2420 1252 2497 allocutionem

188 2540 339 2642 perenni
361 2538 536 2611 memoria
556 2536 723 2636 dignam,
744 2535 911 2610 admixtis
927 2537 1111 2613 interdum
1135 2540 1252 2640 lacry-

187 2657 256 2730 mis
266 2709 277 2742 ,
296 2654 508 2753 eloquenter
524 2653 574 2724 sic
591 2649 702 2724 edidit
720 2682 729 2722 ε

236 2772 320 2846 XV.
338 2771 485 2859 Multis,
501 2770 639 2870 inquit,
656 2772 823 2860 oamici,
837 2770 1082 2870 gravibusque
1087 2776 1253 2874 peccatis

187 2907 336 2962 onustus
350 2892 587 2961 contremisco
595 2943 609 2976 ,
624 2904 658 2958 et
670 2914 756 2960 mor
769 2887 824 2959 ud
841 2888 1065 2960 tremendum
1081 2891 1157 2963 Dei
1169 2917 1254 2964 eco-

186 3032 268 3078 men
287 3003 505 3105 rapiendus,
526 3000 771 3102 quidfacium
791 3007 935 3104 ignmo.
955 3013 1000 3078 Iu
1021 3012 1134 3081 armis
1159 3010 1253 3080 enim

186 3123 234 3196 ab
247 3119 411 3219 iry‘ontia
423 3123 580 3193 nutritus
592 3148 671 3192 suin
677 3178 691 3211 ,
706 3138 740 3193 et
753 3123 860 3194 multi
870 3126 1064 3223 sanguinis
1077 3125 1255 3222 effusione

185 3238 382 3315 admodum
397 3238 561 3341 pollutus
579 3266 673 3312 sum.
698 3239 922 3313 Nullatenrrs
939 3267 1152 3314 enunierare
1165 3270 1254 3346 pos-

183 3387 266 3434 sum
288 3358 391 3433 mala
416 3355 593 3457 quaefeci
611 3384 684 3458 per
708 3383 793 3432 uxrv
817 3361 871 3456 (t)
893 3387 1029 3449 annos,
1060 3360 1192 3459 quibus
1216 3364 1254 3435 in

183 3477 255 3553 buc
276 3501 484 3551 oermnnoso
506 3477 587 3547 uita
610 3477 714 3564 amr}
735 3503 804 3577 pro
830 3475 961 3574 quibus
985 3476 1125 3577 ubsque
1152 3506 1253 3553 mma

183 3597 356 3664 rationem
371 3589 522 3662 reddere
537 3616 636 3662 nunc
653 3616 762 3686 cogor
775 3592 986 3690 aequissimo
993 3592 1135 3692 judici.
1155 3594 1255 3666 Dum

176 3726 289 3811 pater
304 3734 422 3800 meus,
450 3725 577 3810 sponte
591 3709 784 3810 preficiens
809 3708 1045 3800 inexilium,
1072 3713 1253 3785 commisit

213 4061 305 4135 (1)oe
317 4060 414 4117 cbiffre
427 4073 470 4118 est
481 4064 602 4130 inexact,
617 4082 725 4118 comom
741 4080 811 4118 nous
826 4081 928 4118 venons
941 4063 1005 4120 d'en
1018 4064 1087 4121 faire
1099 4064 1247 4122 l'observa-
1334 4124 1338 4129 ,

179 4154 252 4211 tion.
260 4149 462 4298 (ὶιιὲἕζυωονι
471 4151 498 4207 le
506 4152 778 4219 &interlui-meme,
789 4172 824 4208 en
833 4152 926 4210 disant
933 4155 1003 4229 qu’il
1011 4155 1111 4211 u'amit
1118 4154 1245 4230 qoebuit

202 4260 302 4300 meus
361 4283 370 4300 .
