2888 4934
181 408 394 485 [aaaron]
584 402 699 464 arran
721 404 857 465 nonus.
1194 404 1253 466 aaa

186 537 398 620 necessaria,
418 551 517 608 extra
539 532 668 607 urbem
685 560 808 607 secure
825 532 1058 606 cursitabant.
1079 533 1145 605 Sal
1164 536 1256 606 Tur-

147 686 150 690 ·
185 655 323 752 copulis
338 670 375 725 et
399 651 593 725 Pincinatis
611 653 679 749 (r),
700 653 797 752 jussu
816 652 966 752 Augusti
986 650 1253 739 insidiantibus,

184 767 348 869 quotidie
374 767 556 867 peribant.
593 766 764 841 Nondum
791 766 929 868 aliquid
962 766 1007 839 de
1039 768 1256 865 imperatore

185 883 458 984 suspicabantur
480 885 685 969 sinistrum,
712 886 847 985 quippe
870 886 931 986 qui
960 884 1183 957 voluntarius
1207 887 1257 957 eis

184 1002 396 1101 praebuisset
415 1001 622 1100 hospitium.
643 1001 674 1073 N
680 1003 757 1073 imis
774 1001 848 1072 dux
866 1001 1098 1074 contristatus
1119 1015 1172 1072 est
1188 1026 1257 1098 pro

183 1118 323 1191 delectu
337 1143 486 1190 snorum
496 1170 506 1205 ,
527 1134 563 1190 et
586 1118 778 1216 inopinatis
794 1116 930 1190 insidiis
948 1116 1254 1215 ancopolorum.

185 1234 381 1308 balduinus
405 1236 516 1334 igitur
545 1235 588 1307 ad
616 1261 764 1309 suorum
787 1235 1051 1335 protectionem
1073 1235 1203 1324 exivit,
1222 1252 1258 1309 et

186 1351 325 1438 hostes,
344 1352 407 1450 qui
424 1376 505 1423 suos
524 1351 816 1451 insequebantur,
837 1351 988 1436 invenit,
1004 1376 1048 1423 ex
1063 1351 1259 1449 improviso

184 1470 346 1541 incautos
368 1471 516 1556 invasit,
536 1471 734 1567 superavit,
754 1470 888 1568 partim
906 1466 1058 1556 occidit,
1077 1469 1258 1566 sexaginta

183 1610 227 1659 ex
245 1585 295 1658 eis
312 1601 434 1684 captos
449 1585 553 1657 fratri
572 1610 637 1658 suo
650 1585 894 1683 praesentavit.
916 1582 1113 1682 Augustus,
1133 1581 1202 1655 hoc
1219 1601 1259 1656 ut

184 1701 336 1789 audivit,
353 1701 455 1774 valde
468 1701 591 1786 iratus,
606 1702 742 1773 malum
756 1700 956 1799 peregrinis
971 1698 1167 1773 machinari
1180 1727 1260 1774 coe-

186 1821 255 1921 pit.
269 1820 416 1919 Sapiens
428 1817 515 1907 dux,
535 1819 639 1893 dolos
649 1845 875 1918 praecavens,
889 1818 1017 1891 urbem
1031 1818 1134 1906 exiit,
1148 1835 1184 1891 et
1199 1818 1256 1890 ubi

186 1938 286 2036 prius
303 1964 363 2010 sua
382 1939 509 2010 fixerat
520 1938 690 2025 tentoria,
708 1964 832 2009 rursus
844 1937 1050 2010 collocavit.
1066 1934 1181 2008 Nocte
1196 1963 1260 2008 su-

186 2055 440 2153 perveniente,
457 2055 555 2154 jussu
572 2052 721 2126 Caesaris
735 2055 853 2127 invasa
869 2066 953 2125 sunt
967 2069 1081 2126 eastra
1093 2052 1192 2125 ducis
1201 2107 1211 2140 ,
1225 2070 1262 2125 et

188 2173 365 2244 exercitus
388 2172 462 2269 ejus
485 2172 609 2244 multis
634 2171 813 2245 lacessitus
839 2171 990 2269 injuriis.
1013 2170 1263 2271 Saganissimus

187 2289 262 2362 dux
280 2307 317 2362 et
334 2291 532 2363 acerrimus
547 2289 702 2366 bellator
720 2292 890 2363 versutias
913 2288 1114 2378 metuebat,
1141 2307 1177 2362 et
1197 2316 1263 2364 ex-

189 2406 391 2495 cubitores,
410 2408 471 2507 qui
490 2409 654 2480 tentoriis
672 2407 914 2500 excubarent,
930 2405 1129 2505 prudenter
1147 2407 1265 2506 dispo-

190 2522 309 2597 iuerat
338 2541 375 2597 et
409 2550 706 2625 unumquemque
734 2523 801 2597 sibi
838 2525 987 2624 vigilare
1018 2523 1261 2598 mandaverat.

191 2640 338 2740 Repulsi
350 2658 434 2714 sunt
450 2643 662 2741 quantocius
679 2643 876 2728 invasores,
895 2657 931 2715 et
952 2665 996 2713 ex
1014 2640 1085 2714 illis
1101 2666 1154 2714 vn
1176 2668 1265 2740 per-

192 2759 343 2858 emptis,
369 2785 479 2859 usque
502 2759 545 2832 ad
565 2776 707 2858 portam
730 2760 884 2833 civitatis
904 2758 1072 2833 audacter
1089 2760 1266 2833 insecutus

192 2894 247 2950 est
272 2877 344 2950 dux
365 2878 553 2978 fugientes.
581 2876 719 2950 Deinde
742 2876 786 2949 ad
813 2879 967 2950 tentoria
992 2904 1052 2949 sua
1080 2902 1264 2964 reversus,

191 2994 261 3067 suit
280 2993 328 3066 ibi
351 2995 512 3094 quinque
531 2993 668 3067 diebus.
690 2997 893 3092 Imperator
918 2994 1066 3068 interim
1088 2994 1268 3094 cogitabat

194 3112 332 3184 nulum
354 3111 391 3183 in
413 3110 541 3185 ducem
566 3111 708 3200 moliri;
739 3109 813 3183 dux
838 3111 1011 3186 sollicitus
1033 3109 1101 3183 sibi
1126 3112 1267 3212 suisque

195 3228 392 3303 consiliari.
403 3222 605 3327 lniperator
619 3228 650 3300 ei
667 3229 858 3300 transitum
866 3253 930 3326 per
940 3228 1120 3301 civitatem
1132 3229 1266 3328 regiam

197 3345 410 3443 probibere3
429 3346 500 3417 dux
522 3344 815 3446 subsequentium
837 3347 1053 3443 optimatum
1073 3343 1266 3416 adventurn

197 3477 399 3560 expectare.
415 3463 578 3562 Denique
589 3463 775 3561 perspicax
792 3476 829 3533 et
841 3458 1035 3532 industrius
1050 3460 1266 3558 imperator,

197 3592 241 3651 ut
268 3578 361 3651 'nihil
394 3579 610 3652 intentatum
643 3579 884 3679 relinqueret,
917 3602 998 3649 cum
1027 3577 1117 3650 duce
1146 3603 1269 3675 pacem

198 3694 282 3767 lecit
301 3724 310 3765 ε
327 3694 424 3794 quod
446 3697 474 3767 si
498 3694 690 3768 Brachium
709 3696 766 3793 (a)
785 3695 1049 3781 transfretaret,
1073 3719 1214 3794 semper
1236 3698 1267 3769 ei

235 3936 276 4008 (ι)
289 3936 338 3991 Les
353 3937 640 4011 Tureopolesdtaient
649 3939 697 3994 des
712 3950 824 4013 troupes
837 3939 941 4013 legeres
953 3940 1090 4013 d’origine
1104 3941 1220 4015 Turque
1233 3958 1272 3996 ou

202 4024 360 4097 meleagee,
371 4029 386 4080 a
396 4025 420 4081 la
435 4026 511 4082 solde
523 4027 572 4082 des
582 4046 743 4101 empereurs
756 4028 860 4095 Grecs;
874 4030 913 4086 les
924 4030 1140 4104 Petscheueyes,
1151 4031 1271 4087 d'autres

204 4125 318 4187 troupes
330 4113 503 4184 auxiliabor,
518 4117 656 4189 ‹l'origiue
672 4117 815 4172 Slaronne.

241 4206 280 4274 (a)
297 4205 331 4258 Le
344 4204 491 4278 Eosplrore.
