2888 4934
189 400 471 474 [rtruuaa101099]
579 397 698 458 LIBER
718 394 855 456 NONUS.
1195 401 1255 460 587
1289 420 1294 430 ’

187 525 302 597 mulas
327 542 363 597 et
387 527 465 598 auri
491 525 632 624 pondus
665 528 878 598 immensum
900 524 1111 600 Christianis
1138 528 1255 616 misit,

188 659 225 714 et
254 669 379 740 pacem
403 659 440 716 et
468 643 661 716 amicitiam
689 642 735 716 ab
765 643 815 716 eis
836 667 903 740 per
925 642 1060 742 legatos
1079 646 1256 742 poposcit.

188 761 344 834 Comites
363 786 444 834 cum
462 786 505 834 eo
523 786 590 834 nec
605 786 730 860 pacem
746 762 926 850 fecerunt3
945 785 1014 833 nec
1030 758 1150 834 oblata
1165 787 1261 834 reee-

188 894 343 975 perunt;
365 878 476 951 immo
489 877 703 951 fiducialiter
717 873 983 976 responderunt
1000 907 1009 949 z
1028 878 1260 950 Hoeeomniu

188 1019 237 1064 cx
252 1011 286 1065 tc
302 998 521 1094 respuimus,
544 1021 730 1093 quousque
742 1011 896 1090 satagas
902 995 994 1093 fleri
1013 995 1257 1068 Christianus.

188 1108 382 1211 Postquam
408 1111 453 1185 de
478 1112 571 1184 valle
595 1113 716 1211 opima
734 1111 864 1212 egressi
882 1127 987 1201 sunt,
1009 1110 1053 1184 ad
1078 1109 1259 1212 quoddam

189 1244 345 1301 castrum
371 1230 520 1302 nomine
546 1229 667 1303 Arche
690 1231 913 1303 transierunt
941 1230 1018 1327 (ι),
1034 1230 1136 1326 juxta
1163 1228 1260 1327 quod

187 1345 304 1442 pridie
321 1344 399 1419 idus
415 1347 587 1420 februarii
606 1349 661 1446 (2)
686 1364 798 1420 castra
816 1348 1054 1422 locaverumt.
1079 1344 1260 1445 Oppidum

188 1480 308 1536 autem
334 1463 424 1536 illud
442 1465 699 1539 innumerabili
717 1483 796 1538 erat
811 1492 1034 1565 paganorum
1052 1480 1159 1564 gente
1176 1491 1258 1535 mu-

188 1581 326 1671 nitum,
354 1581 517 1654 Arabum
545 1584 774 1684 frequentiis,
807 1600 844 1656 et
871 1581 1173 1670 Publicanorum3
1197 1581 1259 1680 qui

187 1699 345 1772 viriliter
355 1725 391 1772 se
400 1698 640 1774 defendebant
653 1718 779 1774 contra
793 1700 942 1773 assultus
957 1699 1258 1772 Christianorum.

187 1814 466 1906 Quatuordccim
480 1819 613 1891 milites
627 1818 814 1891 christiani
829 1844 952 1891 versus
965 1818 1163 1916 Tripolim,
1180 1841 1261 1915 quae

189 1955 265 2001 non
278 1933 436 2004 multum
449 1931 640 2006 differebat
657 1933 704 2005 ab
723 1936 902 2022 exercitu,
923 1935 1088 2021 iverunt,
1107 1948 1143 2004 et
1159 1956 1262 2003 sexa-

187 2047 287 2144 ginta
313 2051 452 2123 Τωόοε
469 2051 706 2139 invenerunt,
726 2052 789 2151 qui
810 2067 894 2123 ante
910 2077 947 2123 se
964 2050 1098 2123 multos
1117 2046 1260 2123 condu-

188 2163 318 2237 cebant
334 2166 499 2241 homines
515 2198 525 2241 ε
544 2170 772 2256 Sarracenos,
792 2169 930 2241 Arabes
946 2184 983 2240 et
997 2168 1145 2256 Custos,
1159 2165 1262 2238 mille

188 2284 333 2356 circiter
351 2267 601 2386 quingentos,
617 2304 654 2360 et
670 2288 837 2361 animalia
862 2286 1034 2386 plurima.
1059 2287 1133 2358 llos
1149 2282 1259 2356 Chri-

187 2400 291 2473 stiani
302 2404 538 2501 pertinaciter
548 2405 770 2495 invaserunt,
782 2420 871 2477 etex
882 2404 952 2476 illis
962 2429 1021 2476 sex
1035 2400 1259 2489 occiderunt,

186 2544 297 2619 equos
323 2521 474 2594 totidem
495 2521 742 2613 abstulerunt,
774 2523 934 2622 aliosque
959 2523 1196 2619 fugaverunt,
1225 2535 1262 2591 et

187 2637 352 2708 animalia
372 2638 608 2711 reduxerunt.
626 2638 853 2711 Francorum
873 2638 1050 2738 siquidem
1070 2633 1261 2709 invincibi-

188 2751 230 2822 lis
242 2753 406 2825 ferocitas
424 2754 596 2828 finitimos
610 2773 647 2828 et
663 2756 792 2855 procul
808 2757 943 2856 positos
959 2778 1084 2828 omnes
1096 2751 1266 2826 deterre--

185 2867 261 2942 bat.
283 2870 378 2943 Deus
400 2873 536 2946 etenim
561 2874 612 2946 sic
628 2873 846 2973 operabatur
870 2875 905 2945 in
928 2873 1018 2962 illis,
1038 2871 1098 2972 qui
1120 2896 1261 2969 semper

186 2988 257 3059 suis
271 3006 406 3087 praesto
424 3006 478 3063 est
493 2991 648 3064 athletis.
669 2992 739 3064 Res
756 2993 793 3065 in
816 2993 950 3064 virtute
962 2991 1026 3064 Dei
1042 2990 1123 3063 laeta
1139 2987 1259 3061 fideli-

186 3104 252 3177 bus
279 3108 451 3206 contigit,
474 3107 563 3180 dum
580 3135 642 3183 x1v
665 3109 858 3183 Christiani
887 3135 932 3181 Lx
957 3110 1260 3205 Tu1·cossupera-

185 3225 324 3312 verint,
342 3242 378 3297 et
395 3223 573 3300 residuam
599 3228 871 3302 multitudinem
894 3228 1114 3327 fugaverint,
1131 3242 1169 3299 et
1185 3226 1260 3297 ani-

185 3340 290 3411 malia
306 3366 349 3413 ex
368 3344 530 3440 ipsorum
547 3344 708 3418 faucibus
724 3344 979 3419 abstraxerint.

232 3458 286 3530 De
310 3460 470 3531 exercitu
488 3461 680 3536 llaimundi
702 3464 862 3550 comitis,
882 3461 1105 3535 Raimundus
1125 3461 1259 3533 Piletus
1319 3536 1322 3542 ,

184 3588 221 3643 et
234 3574 455 3649 Raimundus
469 3577 667 3650 vicecomes
682 3580 751 3679 (ὅ),
766 3607 848 3652 cum
860 3578 1037 3652 militibus
1048 3605 1124 3652 non
1136 3577 1259 3650 multis

218 3815 257 3883 (1)
270 3814 386 3882 Archia,
402 3833 440 3868 ou
454 3817 587 3885 Arachis,
601 3830 682 3874 entre
696 3821 805 3894 Tripoli
819 3820 854 3874 do
867 3821 948 3894 Syrie
960 3832 989 3876 et
1002 3822 1131 3876 Tortose.

217 3905 256 3975 (a)
280 3906 316 3958 Le
334 3903 438 3958 samcdi
462 3923 491 3959 aa
513 3907 628 3977 fierint,
654 3909 729 3964 selon
749 3922 829 3966 notre
845 3922 958 3968 autem:
974 3912 1044 3966 mais
1060 3911 1079 3967 il
1098 3913 1186 3984 paralt
1202 3931 1256 3986 quc

183 3994 275 4048 c’etait
288 3994 450 4049 vc'ellement
465 3996 490 4050 le
505 3996 583 4052 lundi
601 4001 641 4064 ¹4·

218 4081 257 4155 (5)
276 4084 322 4139 On
341 4103 425 4157 pense
443 4104 498 4159 que
515 4087 655 4142 Raimond
669 4091 747 4145 Pelet
765 4093 833 4146 etait
849 4093 980 4165 seigneur
998 4092 1116 4159 d’Alais;
1135 4102 1223 4165 quant
1240 4095 1255 4145 ia

183 4170 280 4227 l’autre
292 4192 478 4247 personnage,
495 4178 543 4249 qui
558 4176 647 4250 figure
661 4179 697 4234 ici
711 4199 775 4235 avec
788 4180 812 4234 la
828 4181 1016 4255 qttalification
1032 4181 1068 4236 de
1083 4182 1219 4245 vicomtc,
1235 4179 1254 4232 il
