2888 4934
175 431 235 494 346
452 429 637 490 HISTORIA
660 427 966 489 ucctssstastlcn
1138 431 1247 511 [tuso]

173 587 291 660 reges,
310 577 348 634 et
373 585 438 659 per
464 586 511 632 xv
530 585 643 632 annos
671 559 781 631 armis
809 558 1052 632 edomuerunt
1075 550 1248 632 Asiaticas

174 695 298 779 gentes
320 679 389 776 (1).
417 675 655 750 Ebroicenses
677 677 811 749 multos
834 676 1013 776 adjutores
1042 673 1266 765 habebant,

173 811 208 868 et
239 794 402 868 incendia
432 795 543 866 multa
575 793 783 893 praedasque
806 793 1008 867 Conchanis
1030 793 1247 893 plerumque

173 912 362 986 faciebant.
387 911 455 985 Sed
484 911 664 985 interdum
691 912 765 1002 itti,
789 938 864 985 non
888 910 1066 1010 dispares,
1093 911 1247 984 inimicis

175 1030 323 1104 taliones
351 1028 562 1103 reddebant.
592 1029 762 1102 Radulsus
785 1031 837 1124 (2)
864 1028 1092 1104 Rodbertum
1118 1026 1246 1102 ducem

175 1146 303 1236 adivit,
324 1149 487 1247 querelas
502 1146 719 1219 damnorum
728 1200 739 1235 ,
758 1173 839 1246 quoe
857 1175 877 1218 a
894 1143 1162 1220 contribulibus
1177 1149 1246 1218 suis

175 1265 392 1363 pertulerat,
413 1265 611 1352 intimavit,
630 1281 667 1337 et
683 1262 796 1337 herile
819 1264 1038 1363 adjutorium
1060 1263 1168 1338 abeo
1183 1289 1247 1362 po-

175 1383 311 1480 poscit;
338 1380 398 1453 sed
426 1383 577 1467 frustra,
611 1382 692 1481 quia
720 1380 811 1453 nihil
837 1382 1009 1456 obtinuit.
1040 1382 1136 1455 Hinc
1163 1381 1245 1454 alias

175 1523 370 1571 conversus
384 1515 454 1588 est,
474 1517 510 1572 et
521 1500 608 1571 utile
620 1498 688 1571 sibi
704 1500 946 1597 patrocinium
962 1525 1128 1600 quaerere
1145 1524 1245 1573 eom-

174 1617 296 1714 pulsus
318 1633 383 1689 est.
403 1617 538 1716 Regem
557 1616 699 1716 Angliae
719 1643 785 1715 per
806 1619 942 1718 legatos
960 1645 1041 1692 suos
1066 1616 1245 1716 interpel-

174 1735 278 1821 lavit,
297 1735 402 1835 eique
415 1761 475 1806 sua
490 1736 686 1809 infortunia
704 1734 908 1825 mandavit,
929 1753 965 1809 et
982 1738 1010 1808 si
1028 1734 1096 1807 sibi
1116 1734 1246 1807 suffra·

174 1866 333 1948 garetur,
363 1877 399 1923 se
428 1867 464 1924 et
492 1851 614 1924 omnia
641 1879 701 1923 suu
726 1853 905 1951 promisit.
937 1853 1001 1923 His
1033 1849 1164 1923 auditis
1184 1875 1245 1922 rex

173 1970 312 2066 gavisus
328 1986 397 2058 est,
411 1987 448 2043 et
460 1971 581 2043 efficax
598 1969 857 2043 adminiculum
873 1967 1047 2067 indigenti
1066 1968 1245 2067 pollicitus

172 2104 237 2159 est.
256 2087 393 2161 Deinde
414 2087 595 2187 Stephano
617 2089 739 2161 comiti
759 2090 830 2186 (3),
853 2104 889 2161 et
905 2086 1069 2160 Gerardo
1086 2083 1132 2158 de
1147 2086 1245 2158 Gor·

172 2231 281 2294 naco,
297 2206 445 2306 aliisque
460 2204 616 2278 tribunis
631 2223 666 2278 et
683 2203 972 2293 centurionibus,
989 2204 1050 2304 qui
1065 2216 1244 2302 praeerant

174 2323 209 2396 in
240 2323 463 2397 Normannia
490 2325 633 2396 familiis
664 2328 757 2423 ejus,
782 2322 966 2395 mandavit
989 2338 1029 2393 ut
1052 2318 1244 2392 Radulsum

172 2442 256 2514 totis
272 2440 482 2541 adjuvarent
501 2440 654 2530 nisibus,
675 2457 711 2512 ει
729 2441 858 2540 oppida
878 2446 952 2540 ejus
974 2440 1164 2511 munirent
1180 2461 1244 2510 ne-

172 2559 328 2630 cessariis
342 2558 527 2632 omuibus.
546 2559 603 2630 ttli
624 2576 743 2631 autem
762 2559 869 2657 regiis
879 2556 1098 2658 jussionibus
1115 2555 1243 2629 alacri·

172 2690 227 2746 ter
244 2673 599 2763 obsecundaverunt,
619 2692 655 2748 et
671 2674 841 2762 Radulso,
864 2700 929 2773 per
943 2674 1065 2747 omnia
1079 2673 1157 2771 regi
1172 2671 1243 2770 pla·

171 2816 252 2863 cere
268 2794 440 2883 nitentes,
457 2793 639 2893 suffragati
658 2810 754 2865 sunt.

220 2907 344 2980 Mense
366 2910 555 2982 novembri
574 2909 788 2981 Guillelmus
803 2933 922 2981 comes
939 2909 1126 3005 ingentem
1145 2929 1242 2978 exer·

170 3024 283 3096 citum
308 3029 535 3126 aggregavit,
562 3044 599 3099 ct
615 3025 778 3100 Conchas
797 3051 1003 3125 expugnare
1019 3025 1147 3123 coepit.
1168 3025 1243 3095 Duo

172 3157 319 3238 nepotes
338 3145 429 3242 ejus,
449 3144 518 3215 viri
537 3160 720 3241 potentes,
739 3144 954 3217 Guillelmus
969 3142 1015 3216 de
1033 3141 1195 3214 Bretolio
1211 3153 1243 3210 ει

170 3254 343 3330 Ricardus
355 3258 399 3331 de
410 3260 623 3333 Montesorti
640 3262 715 3358 (4),
734 3288 816 3332 cum
832 3286 875 3334 co
889 3275 1010 3346 erant,
1026 3274 1063 3330 et
1078 3284 1163 3330 cum
1175 3273 1243 3328 tur·

177 3468 557 3482 ——t———n—---,.—
561 3476 648 3482 -—-—
652 3475 980 3482 m·,—-,-
988 3474 1147 3480 —n—————
1152 3473 1180 3479 -
1184 3472 1200 3478 ,.
1204 3469 1239 3478 ..-

204 3596 244 3664 (ι)
257 3595 281 3648 ll
292 3597 400 3652 u'entre
411 3598 491 3671 point
502 3597 570 3652 dans
584 3609 664 3652 notre
676 3599 748 3670 sujet
761 3598 796 3652 de
809 3599 933 3651 discuter
946 3597 981 3651 ici
998 3607 1091 3650 toutes
1106 3596 1146 3649 les
1161 3593 1242 3650 fabies

170 3683 256 3755 qu'on
270 3705 286 3739 a
300 3684 424 3742 debitees
438 3707 486 3742 sui·
500 3687 539 3742 les
553 3691 720 3755 Amazonem
738 3707 807 3743 nous
822 3707 892 3742 nous
906 3697 1105 3742 contenturons
1119 3686 1157 3740 dc
1168 3685 1242 3740 saisit·

169 3781 244 3828 cette
258 3777 386 3832 occasion
400 3796 472 3850 pour
487 3777 617 3851 de'plorer
632 3777 667 3832 de
685 3796 811 3832 noraveau
827 3776 851 3830 la
872 3787 949 3850 perte
968 3776 1003 3832 de
1020 3777 1176 3830 l’immense
1193 3792 1240 3828 ou-

170 3878 253 3936 vrage
274 3863 431 3940 historique
454 3866 489 3922 de
511 3868 625 3939 Trogue
647 3869 788 3939 Pompee,
811 3865 881 3921 dont
904 3867 942 3921 les
964 3866 1189 3940 contemporaios
1209 3862 1241 3916 de

169 3961 253 4008 notre
266 3963 366 4008 auteur
378 3955 543 4027 jouissaieut
556 3976 668 4012 encore.

236 4044 244 4056 “
262 4040 353 4099 'taoul
367 4043 410 4112 11,
427 4047 558 4120 seigneur
572 4045 607 4101 de
622 4046 762 4110 Concbes,
781 4048 851 4101 inari
868 4045 1018 4101 d’lsabellc.

332 4150 394 4203 tue,
411 4145 502 4190 comte
516 4135 673 4189 d’Aumale.

364 4222 398 4296 d,
414 4226 548 4301 seigneur
559 4225 594 4280 de
609 4225 902 4281 Montfot·t·l’Aoiauri.
