2888 4934
259 399 319 459 568
534 391 719 453 HISTORIA
741 391 1048 454 ecctffittsttca.
1065 400 1220 474 [turrano
1235 400 1332 478 1097]

257 527 391 624 egregii
405 523 570 613 sodales,
588 527 696 596 immo
711 541 844 598 tutores
858 524 1055 619 ltononfiee
1071 527 1330 600 concilientur.

255 644 427 729 Interim,
448 640 534 713 dum
551 640 683 712 Tobiae
700 639 777 715 baec
794 642 934 715 locutus
955 659 1028 732 est,
1054 659 1172 716 turma
1191 646 1328 718 civium

254 761 426 859 palatium
450 786 531 832 cum
549 759 691 833 silentio
717 775 819 832 caute
842 761 998 858 ingressa
1021 777 1086 834 est.
1110 761 1329 861 Prophanus

253 893 372 952 autem
398 876 636 975 scita·pacem
653 877 894 976 ‹puaerentium
909 894 1123 978 arroganter
1140 877 1325 979 despexit,

253 1020 396 1095 seseque
407 993 623 1068 traditorum
633 994 856 1068 defensorem
867 1010 904 1068 et
916 1013 1193 1094 cooperatorem
1204 997 1326 1095 palam

252 1112 421 1187 ostendit.
440 1110 544 1184 Unde
559 1113 640 1185 irati
660 1112 752 1185 cives
769 1113 937 1211 protinus
952 1113 989 1185 in
1007 1138 1090 1186 eum
1105 1113 1323 1203 irruerunt,

250 1245 287 1304 et
303 1231 545 1305 irreverenter
556 1246 663 1328 caput
677 1231 751 1329 ejus
766 1245 1056 1328 amputaverunt.
1070 1231 1177 1305 Tunc
1189 1229 1328 1305 Tobias

251 1364 358 1448 caput
373 1347 548 1421 abscisum
565 1348 703 1446 accepit
711 1402 722 1435 ,
739 1347 935 1447 vicinisque
956 1347 1094 1421 civibus
1105 1347 1203 1420 dixit
1217 1378 1228 1420 ε
1243 1350 1330 1422 Hoc

246 1467 444 1567 palatium,
466 1492 550 1538 cum
573 1464 741 1539 omnibus
764 1464 886 1554 rebus,
905 1491 991 1564 quoe
1006 1470 1104 1538 intus
1125 1465 1323 1557 habentur,

250 1585 409 1657 ilicetum
423 1583 615 1672 custodite,
629 1598 664 1654 et
676 1607 742 1679 ego
753 1609 836 1654 cum
848 1581 1038 1654 sodalibus
1051 1584 1139 1654 meis
1151 1583 1326 1656 &uncos

250 1703 438 1776 adducam
468 1728 549 1774 oum
579 1699 724 1800 gaudio
755 1715 789 1770 et
812 1725 921 1800 pace.
950 1700 1012 1771 His
1036 1697 1162 1788 dictis,
1191 1697 1326 1771 Tobias

248 1842 406 1917 egressus
437 1833 508 1906 est,
543 1832 580 1890 et
608 1815 768 1888 salutatis
800 1815 946 1888 Francis
978 1817 1025 1888 ita
1061 1817 1204 1889 locutus
1237 1833 1321 1889 este

253 1933 543 2022 Edessenicioes,
556 1927 1321 2031 deinjuriauobissacteoaldemoerentes,

251 2049 506 2124 rectitudinem
518 2077 542 2121 n
557 2049 650 2122 duce
659 2047 948 2150 postulaverunt.
965 2049 1044 2122 Sed
1054 2051 1148 2148 quia
1162 2049 1227 2121 ille
1240 2077 1325 2122 auc

252 2184 360 2239 torem
379 2194 417 2239 se
431 2167 650 2266 proditionis
652 2161 781 2263 sitisse
796 2164 937 2237 detexit
943 2224 955 2256 ,
974 2183 1088 2267 caput
1106 2165 1210 2238 illius
1223 2192 1323 2264 prce-

253 2300 458 2356 secuemnt.
485 2283 537 2353 Et
561 2306 644 2353 ecce
665 2298 777 2381 ceput
799 2283 939 2357 inimici
962 2282 1034 2353 Dei
1055 2299 1090 2354 et
1105 2285 1241 2371 vestri,
1259 2307 1325 2383 per

253 2425 334 2489 nos,
351 2397 451 2470 vobis
463 2399 649 2470 miserunt.
666 2397 813 2469 Cunctis
829 2396 913 2471 inde
929 2396 1180 2497 gaudentibus,
1192 2396 1322 2471 Tobias

254 2514 382 2616 adjecit
403 2546 411 2586 :
434 2516 476 2589 V
472 2519 530 2587 eni
540 2573 551 2605 ,
567 2514 670 2587 miles
687 2517 850 2613 egregie,
872 2532 906 2587 et
908 2516 1033 2618 filiam
1052 2516 1160 2587 ducis
1177 2520 1217 2587 in
1237 2542 1321 2588 con-

247 2637 379 2736 jugem
404 2636 543 2734 aeerpe.
564 2635 658 2705 Esto
677 2635 848 2733 princeps
871 2649 1004 2722 noster,
1035 2648 1069 2703 et
1091 2631 1321 2705 Edessenum

255 2751 431 2823 ducatum
452 2749 601 2849 posside
621 2753 842 2849 perenniter.
870 2747 1064 2820 Balduinus
1090 2748 1212 2848 itaque
1242 2774 1321 2820 cum

253 2868 323 2941 suis
352 2865 551 2966 tripudians
583 2865 712 2939 urbem
739 2868 915 2966 ingressus
944 2883 1019 2957 est,
1053 2882 1090 2938 et
1123 2867 1160 2940 in
1190 2866 1321 2964 palatio

253 2985 443 3084 principali
463 3011 483 3055 a
501 2985 637 3056 curretis
656 2981 792 3055 civibus
809 2982 911 3056 valde
925 2983 1163 3083 gaudentibus
1176 3011 1322 3084 suscep-

254 3120 310 3174 tus
324 3119 388 3173 est.
406 3102 557 3201 Insignis
573 3100 689 3200 puella
706 3102 871 3175 scelerosi
890 3101 989 3175 ducis
1004 3119 1217 3201 opportuno
1235 3120 1322 3176 tem·

253 3245 343 3320 pore
358 3218 532 3317 baptizata
547 3233 619 3307 est,
634 3233 669 3289 et
683 3217 836 3317 eleganti
851 3216 1042 3304 Balduino,
1057 3245 1166 3319 quem
1178 3221 1321 3293 vivente

253 3354 354 3437 patre
363 3393 374 3427 ,
402 3335 462 3409 sed
488 3338 695 3435 ignorante,
723 3335 927 3409 medullitus
953 3353 1158 3435 optaverat,
1190 3339 1320 3410 sociata

253 3472 317 3529 est.
354 3455 536 3553 lndigenae
575 3453 778 3542 christiani,
810 3452 909 3552 quod
935 3453 1130 3527 christiano
1163 3455 1319 3552 principi

252 3571 507 3659 subderentur,
533 3572 609 3644 Deo
626 3572 756 3670 gratias
770 3568 977 3657 reddentes,
1001 3568 1196 3643 admodum
1212 3571 1321 3643 lutati

253 3705 356 3776 sunt,
379 3707 416 3761 et
430 3690 556 3774 Turni,
580 3690 705 3760 amissa
724 3687 991 3776 dominatione,
1006 3716 1075 3789 qua
1089 3688 1321 3763 Christicolas

254 3803 422 3876 hactenus
452 3821 723 3904 oppresserant,
744 3803 869 3904 dejecti
896 3821 993 3877 sunt.
1020 3806 1150 3904 lugens
1174 3802 1320 3877 basilica

252 3936 383 3993 sanctae
408 3920 551 4019 Sophiae
573 3921 707 3994 ibidem
733 3938 936 3996 constructa
955 3924 1070 3994 luerat
1094 3919 1321 4020 temporibus

251 4037 423 4137 antiquis,
454 4064 562 4135 quam
588 4038 787 4113 inhonore
813 4039 925 4110 sancti
946 4038 1157 4126 Salvatoris,
1186 4038 1249 4139 qui
1269 4055 1321 4111 est

251 4155 364 4226 virtus
384 4170 420 4225 et
440 4152 609 4251 sapientia
638 4156 701 4228 ltei
721 4157 849 4253 patris,
867 4153 1044 4251 Balduino
1066 4155 1318 4254 principante,
