2872 4920
178 448 291 524 [1097]
575 442 690 502 traua
712 442 849 502 nouus.
1190 446 1249 508 loa

179 604 264 650 cum
280 577 401 676 paucis
417 574 461 647 ad
480 574 682 675 Augustum
696 575 796 675 loqui
815 575 995 673 prolectas
1008 592 1074 648 est.
1090 578 1252 651 Tarrcre-

178 693 246 766 dus
259 709 380 766 autem
393 692 626 780 Christianos,
647 694 684 764 in
700 691 929 790 expeditione
942 711 1169 793 pauperatos,
1186 721 1252 794 per

179 810 289 883 aliam
309 810 404 911 viam
423 810 459 881 in
477 809 609 881 vallem
627 808 797 894 uberem,
816 824 852 879 et
867 810 1097 882 nutrimentis
1114 836 1253 909 corpo-

180 925 318 999 ralibus
341 926 529 1016 resectam,
548 923 739 1013 conduxit3
764 923 826 996 ubi
846 923 978 999 Pascha
993 926 1141 999 Domini
1159 928 1256 1000 cele-

178 1042 393 1118 braverunt.
410 1043 570 1131 Alexius,
585 1042 745 1130 audiens,
757 1069 867 1143 quem
882 1044 1035 1116 nimium
1046 1042 1253 1133 verebatur,

180 1160 364 1236 advenisse
379 1161 649 1247 Buamundum,
667 1189 685 1232 a
707 1188 781 1261 quo
798 1161 853 1234 bis
877 1161 915 1235 in
935 1190 1055 1263 pugna
1072 1181 1257 1263 superatus

179 1281 314 1370 suerat,
341 1280 538 1353 honorilice
564 1281 734 1379 suscepit,
755 1297 792 1353 et
808 1297 908 1353 extra
926 1281 1128 1376 civitatem,
1147 1298 1258 1381 prout

180 1414 378 1498 utrumque
393 1396 559 1485 decebat,
580 1399 722 1497 copiose
739 1399 981 1496 procuravit(
1005 1401 1035 1498 ).

231 1513 453 1590 lnt'ereadux
460 1513 1255 1599 Godesredus‚ultraBrachiumreticttssociis,

181 1630 538 1729 Constantinopolim
553 1629 728 1717 redierat,
747 1631 920 1731 quoniam
935 1633 1145 1730 imperator,
1166 1648 1207 1704 ut
1223 1633 1256 1704 ei

181 1750 382 1850 pepigerat,
399 1765 596 1822 mercatum
612 1748 752 1821 nullum
769 1747 1047 1822 transmittebat.
1059 1750 1258 1849 Episcopus

181 1865 709 1940 veroPodiensisetTolosanus
717 1891 849 1957 comes,
858 1895 919 1940 sua
930 1868 1062 1940 iterum
1071 1884 1153 1966 post
1162 1893 1198 1941 se
1210 1871 1260 1942 in·

183 1984 345 2058 termissa
356 1984 602 2072 multitudine,
615 1982 776 2060 aderant.
788 1986 991 2083 Imperator
1001 2003 1133 2072 autem,
1146 1989 1261 2061 cousi·
1384 2016 1387 2023 ’

184 2104 235 2177 lio
246 2105 473 2192 Graecorum,
496 2104 558 2204 qui
576 2100 680 2176 valde
693 2103 947 2201 praecavebant
963 2129 1010 2176 ne
1022 2105 1116 2178 sorte
1129 2105 1260 2178 Franci

182 2222 393 2322 congregati
412 2222 449 2294 in
472 2246 532 2295 eos
550 2221 801 2320 insurgerent,
820 2220 997 2322 bonisque
1014 2222 1085 2294 suis
1102 2247 1162 2297 eos
1178 2224 1262 2322 pri-

181 2355 327 2426 varent,
343 2339 479 2411 Heroas
493 2337 652 2436 singulos
663 2362 729 2435 per
746 2336 991 2411 internuntios
1005 2338 1181 2414 allocutus
1194 2356 1261 2429 est,

182 2453 459 2554 hominiumque
476 2454 522 2526 ab
537 2455 587 2527 eis
603 2471 640 2527 et
655 2453 865 2528 fidelitatem
884 2457 1016 2556 exegit.
1037 2455 1142 2550 Quod
1159 2459 1187 2530 si
1205 2456 1262 2530 la-

182 2587 328 2661 cerent,
343 2587 541 2658 mercatum
554 2587 591 2644 et
603 2570 837 2661 conductum,
853 2598 961 2673 seque
976 2573 1093 2671 ipsum
1106 2589 1188 2673 post
1199 2600 1262 2647 eos

182 2690 323 2762 iturum
332 2742 342 2776 ,
362 2690 484 2789 eisque
500 2716 582 2762 cum
595 2687 764 2763 omnibus
781 2691 893 2790 copiis
909 2690 981 2763 suis
997 2689 1262 2764 subventurum

181 2806 363 2906 promisit.
385 2806 696 2906 Angustiabantur
712 2808 862 2892 Franci,
879 2824 915 2879 et
926 2807 1257 2908 jurarenolebant,

181 2949 250 2998 nec
273 2924 377 2997 aliter
395 2925 445 2997 eis
461 2924 597 3024 Pelasgi
618 2926 808 2998 transitum
827 2925 1100 3025 permittebant.
1129 2924 1258 3000 Franci

180 3058 311 3115 contra
338 3043 561 3116 Christianos
579 3069 741 3142 pugnare
766 3043 959 3131 nolebant,
986 3046 1174 3117 transitum
1195 3044 1260 3116 ba·

179 3158 270 3233 bere
288 3162 425 3259 pacifici
441 3187 517 3234 non
536 3178 719 3260 poterant.
740 3164 955 3261 lmpersecto
970 3162 1014 3235 ad
1028 3163 1123 3265 quod
1144 3164 1260 3238 ierant

179 3278 351 3378 negotio,
369 3278 414 3351 ad
433 3280 579 3377 propria
598 3278 741 3378 regredi
759 3278 1077 3354 abominabantur.
1097 3278 1258 3354 Tandem

178 3396 307 3468 multis
325 3396 438 3469 coacti
456 3395 741 3483 necessitatibus,
756 3399 974 3497 juraverunt
991 3396 1120 3470 Alexio
1137 3397 1258 3496 impe-

179 3512 296 3584 ratori
313 3511 425 3583 vitam
438 3526 474 3583 et
489 3509 687 3601 honorem,
708 3512 806 3613 quod
822 3528 993 3585 neutrum
1010 3513 1043 3583 ei
1058 3512 1253 3603 auferrent,

178 3625 301 3726 quoad
319 3625 394 3724 ipse
408 3625 505 3726 quod
515 3627 678 3726 jurabat,
694 3627 790 3702 bona
805 3627 873 3700 fide
887 3643 1041 3701 teneret.
1059 3627 1257 3703 Tolosanus

181 3824 361 3835 n-m—-n-
385 3826 463 3833 --.-.
478 3827 559 3836 ,σα-ο

219 3947 261 4012 (ι)
277 3941 396 3998 suivans
412 3941 508 3997 Pierre
524 3942 692 4010 Tudebode,
712 3942 880 4016 l’empereur
897 3941 1043 4000 accordab
1060 3943 1203 4002 Boemond
1219 3967 1257 4002 uu

180 4033 306 4100 terrain,
321 4051 357 4086 en
377 4032 529 4101 Romanis,
542 4033 578 4089 de
598 4035 700 4109 quinae
713 4034 851 4106 journaux
870 4034 906 4089 de
925 4033 1063 4109 longaeui·
1080 4054 1128 4092 sur
1145 4038 1209 4095 huit
1222 4038 1257 4092 de

181 4125 307 4199 largeur,
326 4124 537 4197 probablement
549 4144 621 4199 pour
634 4127 736 4181 asseoir
748 4143 798 4179 son
811 4143 901 4198 camp.
