2888 4934
183 426 242 486 318
458 422 643 485 HISTORIA
664 419 970 482 ECCLESIASTICA.
1149 425 1250 502 [1089]

182 557 238 629 vel
257 557 370 658 qualis
393 557 449 627 vir
476 554 608 627 ibidem
632 554 868 654 requieverit,
888 550 941 623 his
964 551 1127 625 versibus
1149 577 1249 651 super

183 674 363 745 tumulum
379 673 414 743 in
432 669 515 743 albo
536 669 650 768 lapide
664 669 810 766 sculptis
830 667 1097 742 denotaverunt
1108 680 1124 738 ³:

287 840 354 904 llic,
368 837 521 894 Guillelme
533 856 637 903 comes,
653 836 730 891 locus
744 847 786 891 est
798 834 887 890 laudis
900 836 952 890 tibi
967 835 1064 890 lomes.

286 930 378 1001 Hujus
392 929 534 994 fundator,
549 939 578 982 et
590 928 683 1000 largus
696 927 768 982 sedis
781 938 888 981 amator

287 1020 343 1075 lste
356 1029 437 1073 tuum
451 1011 535 1073 funus
548 1017 675 1084 decorat,
691 1017 796 1089 placuit
808 1018 874 1090 quia
888 1033 989 1070 munus

286 1108 460 1180 Pauperibus
472 1108 594 1173 Christi,
609 1105 686 1181 quod
699 1116 828 1179 prompta
841 1115 934 1159 mente
947 1103 1059 1158 dedisti.

288 1195 338 1250 Ille
351 1207 414 1251 tuos
426 1198 533 1251 cineres
547 1207 636 1251 serrat
649 1196 811 1250 Pancratius
823 1195 920 1261 heres,

286 1286 453 1342 Sanctorum
467 1288 563 1341 castris
575 1286 623 1360 qui
636 1296 665 1340 te
678 1284 792 1340 sociabit
805 1284 834 1339 iu
847 1286 937 1339 astris.

287 1378 404 1449 Optime
415 1378 559 1445 Pancrati,
574 1376 616 1432 let
629 1395 710 1450 opem
725 1387 752 1431 te
766 1375 947 1449 glorificanti,

286 1467 383 1541 Daque
394 1466 451 1539 poli
463 1465 571 1534 sedem,
586 1465 669 1520 talem
683 1465 733 1520 tibi
748 1467 796 1538 qui
808 1465 887 1519 dedit
900 1464 994 1518 edem.

229 1606 371 1677 Preesati
389 1605 543 1677 consulis
559 1603 622 1675 filii
632 1660 643 1694 ‚
668 1603 884 1677 Guillelmus
907 1619 943 1675 et
962 1603 1156 1675 Rainaltlus
1173 1629 1247 1676 cum

181 1722 373 1796 Gundreda
400 1737 516 1794 matre
538 1749 598 1794 sua
617 1738 879 1811 successerunt,
907 1736 943 1792 et
971 1719 1037 1792 sub
1060 1719 1250 1793 Guillelmo

111 1854 120 1866 “
181 1858 289 1940 atque
313 1839 471 1912 Henrico
493 1835 636 1938 Angliae
663 1838 808 1939 regibus
829 1838 1011 1938 probitate
1033 1855 1070 1911 et
1092 1838 1249 1936 potentia

181 1954 244 2028 diu
257 1955 479 2028 claruerunt.

230 2072 415 2146 Rodberto
439 2098 602 2172 quoque,
623 2074 810 2146 Haimonis
836 2071 931 2162 lilio,
950 2097 1012 2143 rex
1035 2071 1249 2144 Guitletmus

181 2216 331 2290 magnos
349 2189 505 2262 honores
523 2188 672 2280 tribuit,
688 2207 723 2263 et
747 2191 842 2262 inter
862 2190 1036 2261 maximos
1060 2190 1250 2286 optimates

182 2306 324 2406 Angliae
340 2307 456 2403 ipsum
464 2303 683 2380 sublimavit.
697 2308 764 2378 Hic
777 2305 942 2378 Sibiliam
951 2305 1098 2405 Rogerii
1111 2306 1251 2377 oomitis

181 2423 305 2512 liliam,
322 2448 472 2496 uxorem
483 2421 598 2513 duxit,
615 2450 696 2524 quae
712 2423 822 2496 filiam
839 2427 913 2523 ejus
925 2425 940 2521 ζ
949 2427 994 2522 ι),
1008 2424 1159 2496 nomine
1173 2423 1249 2495 Ma·

181 2541 345 2629 thildem‚
356 2543 509 2640 peperit,
518 2568 626 2642 quam
637 2539 868 2641 postmodum
875 2540 1091 2626 Rodbertus,
1104 2540 1251 2614 Henrici

182 2660 276 2759 regis
292 2659 404 2748 filius,
421 2659 459 2732 in
473 2661 749 2733 matrimonium
764 2658 832 2733 sibi
849 2661 1051 2757 conjunxit.

181 2956 250 3027 baye
266 2979 272 3008 ι
291 2955 419 3008 Traditio
437 2955 613 3010 Gerbodnnis
628 2966 654 3009 el
668 2955 744 3009 Adae
757 2956 921 3028 conjugum,
939 2966 980 3020 et,
996 2974 1031 3009 en
1052 2954 1129 3029 1087,
1148 2951 1281 3010 Arnon!

181 3058 210 3101 et
222 3046 357 3101 Gerbodu
371 3064 422 3100 sou
436 3047 519 3100 frere.

217 3137 379 3193 Guillaume
390 3136 425 3191 de
436 3138 567 3192 Varenne
578 3149 693 3192 mourut
703 3138 728 3192 le
739 3143 773 3205 al
783 3138 847 3209 juin
861 3137 937 3211 1089.
952 3138 974 3191 ll
987 3138 1055 3191 etait
1066 3136 1109 3190 fila
1119 3135 1154 3190 de
1167 3133 1269 3191 Raoul

182 3229 217 3284 de
231 3229 376 3292 varenae,
396 3226 466 3282 dont
482 3245 553 3280 nous
568 3246 651 3282 avons
668 3228 745 3300 parle
761 3229 897 3283 ci-dessus
910 3231 919 3298 l
925 3248 954 3301 p.
970 3227 1046 3298 286).
1061 3226 1083 3280 ll
1097 3228 1172 3281 avait
1184 3225 1261 3281 aussi

180 3339 221 3376 un
232 3321 306 3375 frere
318 3318 357 3373 du
370 3319 460 3373 meme
474 3336 554 3384 nom,
569 3319 677 3392 ‹l'apres
690 3320 716 3374 le
729 3321 877 3375 cartulaire
889 3319 924 3374 de
938 3319 963 3373 la
977 3317 1254 3382 Titane-duntone,

181 3412 231 3486 qni
242 3409 400 3484 paraitrait,
414 3407 522 3482 d’apres
532 3407 557 3463 le
570 3409 841 3482 Domesduy-Boolr,
853 3412 928 3465 avoir
940 3413 1017 3482 passe
1028 3429 1062 3463 en
1075 3407 1250 3481 Augleterre,

181 3512 210 3557 et
221 3502 296 3556 avoir
310 3503 354 3556 ete
366 3499 494 3555 entraiue
506 3499 574 3554 dana
587 3499 613 3553 la
629 3501 762 3556 rebellion
777 3502 813 3556 de
826 3501 916 3556 Raoul
929 3501 964 3556 de
978 3500 1102 3567 Guader,
1117 3501 1140 3553 si
1153 3498 1181 3554 le
1192 3516 1250 3572 pae-

181 3610 245 3666 tage
257 3591 358 3666 auquel
373 3609 443 3646 nous
455 3591 557 3646 laisons
570 3591 687 3647 allusion
701 3611 736 3646 ne
748 3592 924 3667 s’appliquait
936 3611 982 3666 pas
994 3597 1008 3647 'a
1021 3611 1052 3647 ce
1064 3592 1181 3646 dernier
1194 3607 1248 3664 per

182 3666 304 3755 souna'ge
311 3682 471 3745 lui-meme,
482 3681 506 3736 la
516 3683 661 3737 confusion
672 3682 707 3737 de
716 3702 761 3738 ces
771 3684 843 3738 deux
855 3702 934 3739 noma
943 3700 1061 3756 presque
1071 3676 1247 3754 homonyme·

182 3773 260 3826 etant
272 3772 330 3825 tres
347 3773 435 3829 facile.
451 3774 531 3827 Ceue
548 3773 657 3828 illustre
673 3773 776 3829 samille
791 3775 878 3847 parait
895 3776 971 3828 avoir
989 3775 1033 3827 ete
1048 3773 1203 3844 origiuaire
1218 3769 1246 3824 te

183 3859 403 3929 llelleucombre,
418 3863 483 3934 pres
495 3862 688 3931 Saiut-Saens,
700 3865 748 3938 qui
763 3883 829 3919 aura
841 3867 921 3937 porte
932 3863 1000 3918 dane
1009 3863 1140 3935 l’origiue
1150 3862 1178 3917 le
1188 3878 1244 3917 nou

183 3948 218 4003 de
231 3948 387 4016 Wareune,
404 3949 497 4022 plutbt
509 3970 564 4025 que
580 3951 619 4006 du
636 3953 707 4025 petit
725 3952 774 4007 fiel
786 3952 822 4009 de
835 3949 1244 4010 Varenne-sur-Saint-Aubin·

183 4035 308 4105 '“·Cauf,
323 4038 372 4112 qui
386 4041 559 4111 appartenait
575 4060 609 4095 au
627 4043 758 4114 seigneur
776 4043 810 4098 de
832 4043 950 4110 Nerine,
970 4054 998 4097 et
1015 4042 1168 4115 dependait
1180 4037 1242 4094 dela

252 4125 351 4184 ellenie
362 4127 509 4203 d'brques.

280 4214 352 4273 Nouo
363 4232 482 4290 pensons
495 4218 563 4290 qu'il
576 4220 635 4273 saut
647 4223 805 4294 supprinrer
818 4224 886 4294 ejus.
