<?xml version="1.0" encoding="UTF-8"?>
<!DOCTYPE html PUBLIC "-//W3C//DTD XHTML 1.0 Transitional//EN"
    "http://www.w3.org/TR/xhtml1/DTD/xhtml1-transitional.dtd">
<html xmlns="http://www.w3.org/1999/xhtml" xml:lang="en" lang="en">
 <head>
  <title>
</title>
<meta http-equiv="Content-Type" content="text/html;charset=utf-8" />
  <meta name='ocr-system' content='tesseract 3.04.00' />
  <meta name='ocr-capabilities' content='ocr_page ocr_carea ocr_par ocr_line ocrx_word'/>
</head>
<body>
  <div class='ocr_page' id='page_1' title='image "./ordericivitalis05deligoog/ordericivitalis05deligoog_0298.png"; bbox 0 0 2888 4934; ppageno 0'>
   <div class='ocr_carea' id='block_1_1' title="bbox 434 397 1122 462">
    <p class='ocr_par' dir='ltr' id='par_1_1' title="bbox 434 397 1122 462">
     <span class='ocr_line' id='line_1_1' title="bbox 434 397 1122 462; baseline 0.009 -6"><span class='ocrx_word' id='word_1_1' title='bbox 434 397 549 459; x_wconf 78' lang='lat' dir='ltr'>LIBER</span> <span class='ocrx_word' id='word_1_2' title='bbox 569 397 756 458; x_wconf 80' lang='lat' dir='ltr'><strong>OCTAVUS.</strong></span> <span class='ocrx_word' id='word_1_3' title='bbox 1063 403 1122 462; x_wconf 73' lang='lat'>287</span> 
     </span>
    </p>
   </div>
   <div class='ocr_carea' id='block_1_2' title="bbox 81 525 1133 3323">
    <p class='ocr_par' dir='ltr' id='par_1_2' title="bbox 81 525 1133 3323">
     <span class='ocr_line' id='line_1_2' title="bbox 83 525 1126 627; baseline -0.001 -24"><span class='ocrx_word' id='word_1_4' title='bbox 83 530 223 603; x_wconf 81' lang='lat' dir='ltr'>tilitiam</span> <span class='ocrx_word' id='word_1_5' title='bbox 244 525 421 616; x_wconf 89' lang='lat' dir='ltr'>deseruit,</span> <span class='ocrx_word' id='word_1_6' title='bbox 447 544 483 600; x_wconf 91' lang='lat' dir='ltr'>et</span> <span class='ocrx_word' id='word_1_7' title='bbox 506 529 618 601; x_wconf 79' lang='lat' dir='ltr'>sactus</span> <span class='ocrx_word' id='word_1_8' title='bbox 641 526 857 618; x_wconf 90' lang='lat' dir='ltr'>monachus,</span> <span class='ocrx_word' id='word_1_9' title='bbox 881 529 962 627; x_wconf 91' lang='lat' dir='ltr'>plus</span> <span class='ocrx_word' id='word_1_10' title='bbox 988 533 1126 602; x_wconf 91' lang='lat' dir='ltr'>cunctis</span> 
     </span>
     <span class='ocr_line' id='line_1_3' title="bbox 83 642 1126 745; baseline -0.001 -26"><span class='ocrx_word' id='word_1_11' title='bbox 83 642 235 719; x_wconf 74' lang='lat' dir='ltr'>›dalibus</span> <span class='ocrx_word' id='word_1_12' title='bbox 252 644 323 716; x_wconf 91' lang='lat' dir='ltr'>suis</span> <span class='ocrx_word' id='word_1_13' title='bbox 342 645 380 715; x_wconf 91' lang='lat' dir='ltr'>in</span> <span class='ocrx_word' id='word_1_14' title='bbox 407 642 623 716; x_wconf 89' lang='lat' dir='ltr'>monachatu</span> <span class='ocrx_word' id='word_1_15' title='bbox 648 642 848 734; x_wconf 81' lang='lat' dir='ltr'>desudavit,</span> <span class='ocrx_word' id='word_1_16' title='bbox 873 661 910 717; x_wconf 89' lang='lat' dir='ltr'>et</span> <span class='ocrx_word' id='word_1_17' title='bbox 931 646 1007 717; x_wconf 83' lang='lat' dir='ltr'>lere</span> <span class='ocrx_word' id='word_1_18' title='bbox 1022 647 1126 745; x_wconf 91' lang='lat' dir='ltr'>quin-</span> 
     </span>
     <span class='ocr_line' id='line_1_4' title="bbox 83 759 1125 864; baseline 0 -27"><span class='ocrx_word' id='word_1_19' title='bbox 83 763 225 864; x_wconf 81' lang='lat' dir='ltr'>uaginta</span> <span class='ocrx_word' id='word_1_20' title='bbox 240 763 342 836; x_wconf 91' lang='lat' dir='ltr'>anuis</span> <span class='ocrx_word' id='word_1_21' title='bbox 358 762 395 833; x_wconf 95' lang='lat' dir='ltr'>in</span> <span class='ocrx_word' id='word_1_22' title='bbox 411 759 539 834; x_wconf 83' lang='lat' dir='ltr'><strong>ordine</strong></span> <span class='ocrx_word' id='word_1_23' title='bbox 551 760 747 835; x_wconf 83' lang='lat' dir='ltr'>monachili</span> <span class='ocrx_word' id='word_1_24' title='bbox 762 761 918 836; x_wconf 82' lang='lat' dir='ltr'>fervidus</span> <span class='ocrx_word' id='word_1_25' title='bbox 933 763 1038 836; x_wconf 83' lang='lat' dir='ltr'>vixit.</span> <span class='ocrx_word' id='word_1_26' title='bbox 1058 764 1125 837; x_wconf 90' lang='lat' dir='ltr'>Hic</span> 
     </span>
     <span class='ocr_line' id='line_1_5' title="bbox 82 878 1126 981; baseline -0.002 -27"><span class='ocrx_word' id='word_1_27' title='bbox 82 880 232 954; x_wconf 88' lang='lat' dir='ltr'>imirum</span> <span class='ocrx_word' id='word_1_28' title='bbox 250 880 405 952; x_wconf 76' lang='lat' dir='ltr'>ecclcsiae</span> <span class='ocrx_word' id='word_1_29' title='bbox 419 905 490 951; x_wconf 84' lang='lat' dir='ltr'>suae</span> <span class='ocrx_word' id='word_1_30' title='bbox 508 878 654 952; x_wconf 84' lang='lat' dir='ltr'>utilitati</span> <span class='ocrx_word' id='word_1_31' title='bbox 673 880 754 952; x_wconf 84' lang='lat' dir='ltr'>satis</span> <span class='ocrx_word' id='word_1_32' title='bbox 774 880 945 972; x_wconf 87' lang='lat' dir='ltr'>inhiavit,</span> <span class='ocrx_word' id='word_1_33' title='bbox 959 907 1027 980; x_wconf 93' lang='lat' dir='ltr'>pro</span> <span class='ocrx_word' id='word_1_34' title='bbox 1042 883 1126 981; x_wconf 89' lang='lat' dir='ltr'>qui-</span> 
     </span>
     <span class='ocr_line' id='line_1_6' title="bbox 83 996 1128 1098; baseline -0.002 -27"><span class='ocrx_word' id='word_1_35' title='bbox 83 1025 123 1072; x_wconf 85' lang='lat' dir='ltr'>us</span> <span class='ocrx_word' id='word_1_36' title='bbox 133 997 381 1070; x_wconf 85' lang='lat' dir='ltr'>Britannicum</span> <span class='ocrx_word' id='word_1_37' title='bbox 394 996 540 1096; x_wconf 82' lang='lat' dir='ltr'>pelagus</span> <span class='ocrx_word' id='word_1_38' title='bbox 549 997 732 1070; x_wconf 86' lang='lat' dir='ltr'>multoties</span> <span class='ocrx_word' id='word_1_39' title='bbox 744 998 1004 1085; x_wconf 78' lang='lat' dir='ltr'>transfretavit,</span> <span class='ocrx_word' id='word_1_40' title='bbox 1021 1014 1128 1098; x_wconf 87' lang='lat' dir='ltr'>atque</span> 
     </span>
     <span class='ocr_line' id='line_1_7' title="bbox 83 1113 1128 1215; baseline -0.001 -29"><span class='ocrx_word' id='word_1_41' title='bbox 83 1113 225 1215; x_wconf 77' lang='lat' dir='ltr'>‚puliam</span> <span class='ocrx_word' id='word_1_42' title='bbox 261 1130 297 1186; x_wconf 91' lang='lat' dir='ltr'>et</span> <span class='ocrx_word' id='word_1_43' title='bbox 328 1113 551 1203; x_wconf 83' lang='lat' dir='ltr'>Calabriam,</span> <span class='ocrx_word' id='word_1_44' title='bbox 579 1114 825 1213; x_wconf 88' lang='lat' dir='ltr'>Siciliamque,</span> <span class='ocrx_word' id='word_1_45' title='bbox 858 1131 898 1186; x_wconf 94' lang='lat' dir='ltr'>ut</span> <span class='ocrx_word' id='word_1_46' title='bbox 930 1113 974 1187; x_wconf 93' lang='lat' dir='ltr'>de</span> <span class='ocrx_word' id='word_1_47' title='bbox 1005 1116 1128 1214; x_wconf 91' lang='lat' dir='ltr'>spoliis</span> 
     </span>
     <span class='ocr_line' id='line_1_8' title="bbox 83 1230 1128 1332; baseline -0.002 -26"><span class='ocrx_word' id='word_1_48' title='bbox 83 1249 250 1306; x_wconf 79' lang='lat' dir='ltr'>arentum</span> <span class='ocrx_word' id='word_1_49' title='bbox 269 1257 415 1306; x_wconf 89' lang='lat' dir='ltr'>suorum</span> <span class='ocrx_word' id='word_1_50' title='bbox 431 1231 587 1304; x_wconf 81' lang='lat' dir='ltr'>ecclesiae</span> <span class='ocrx_word' id='word_1_51' title='bbox 611 1258 682 1303; x_wconf 83' lang='lat' dir='ltr'>suae</span> <span class='ocrx_word' id='word_1_52' title='bbox 706 1230 902 1304; x_wconf 90' lang='lat' dir='ltr'>subsidium</span> <span class='ocrx_word' id='word_1_53' title='bbox 920 1232 1128 1332; x_wconf 89' lang='lat' dir='ltr'>suppedita-</span> 
     </span>
     <span class='ocr_line' id='line_1_9' title="bbox 83 1348 1126 1449; baseline -0.003 -24"><span class='ocrx_word' id='word_1_54' title='bbox 83 1367 126 1439; x_wconf 84' lang='lat' dir='ltr'>et,</span> <span class='ocrx_word' id='word_1_55' title='bbox 137 1350 353 1449; x_wconf 87' lang='lat' dir='ltr'>penetravit.</span> <span class='ocrx_word' id='word_1_56' title='bbox 366 1350 469 1422; x_wconf 88' lang='lat' dir='ltr'>Tunc</span> <span class='ocrx_word' id='word_1_57' title='bbox 480 1348 899 1436; x_wconf 86' lang='lat' dir='ltr'>Guillelmum,abbatem</span> <span class='ocrx_word' id='word_1_58' title='bbox 907 1350 1046 1422; x_wconf 84' lang='lat' dir='ltr'>Sanctae</span> <span class='ocrx_word' id='word_1_59' title='bbox 1057 1351 1126 1422; x_wconf 87' lang='lat' dir='ltr'>Eu-</span> 
     </span>
     <span class='ocr_line' id='line_1_10' title="bbox 83 1460 1128 1551; baseline -0.002 -12"><span class='ocrx_word' id='word_1_60' title='bbox 83 1466 187 1547; x_wconf 80' lang='lat' dir='ltr'>uuioe,</span> <span class='ocrx_word' id='word_1_61' title='bbox 198 1467 347 1537; x_wconf 79' lang='lat' dir='ltr'>fratrem</span> <span class='ocrx_word' id='word_1_62' title='bbox 360 1491 475 1551; x_wconf 89' lang='lat' dir='ltr'>suum,</span> <span class='ocrx_word' id='word_1_63' title='bbox 486 1480 522 1536; x_wconf 90' lang='lat' dir='ltr'>et</span> <span class='ocrx_word' id='word_1_64' title='bbox 536 1464 771 1537; x_wconf 90' lang='lat' dir='ltr'>Guillelmum</span> <span class='ocrx_word' id='word_1_65' title='bbox 783 1463 828 1538; x_wconf 92' lang='lat' dir='ltr'>de</span> <span class='ocrx_word' id='word_1_66' title='bbox 838 1460 1128 1551; x_wconf 88' lang='lat' dir='ltr'>Grantemaisuil,</span> 
     </span>
     <span class='ocr_line' id='line_1_11' title="bbox 83 1580 1129 1681; baseline -0.001 -25"><span class='ocrx_word' id='word_1_67' title='bbox 83 1580 319 1656; x_wconf 81' lang='lat' dir='ltr'>onsobrinum</span> <span class='ocrx_word' id='word_1_68' title='bbox 336 1608 438 1653; x_wconf 89' lang='lat' dir='ltr'>suum</span> <span class='ocrx_word' id='word_1_69' title='bbox 452 1582 527 1679; x_wconf 85' lang='grc' dir='ltr'>(ι),</span> <span class='ocrx_word' id='word_1_70' title='bbox 545 1582 704 1681; x_wconf 89' lang='lat' dir='ltr'>aliosque</span> <span class='ocrx_word' id='word_1_71' title='bbox 717 1598 888 1681; x_wconf 80' lang='lat' dir='ltr'>cognatos</span> <span class='ocrx_word' id='word_1_72' title='bbox 905 1608 985 1655; x_wconf 78' lang='lat' dir='ltr'>suos</span> <span class='ocrx_word' id='word_1_73' title='bbox 1004 1583 1040 1655; x_wconf 94' lang='lat' dir='ltr'>iu</span> <span class='ocrx_word' id='word_1_74' title='bbox 1058 1585 1129 1655; x_wconf 88' lang='lat' dir='ltr'>lta-</span> 
     </span>
     <span class='ocr_line' id='line_1_12' title="bbox 83 1696 1126 1800; baseline 0 -28"><span class='ocrx_word' id='word_1_75' title='bbox 83 1725 105 1771; x_wconf 87' lang='lat' dir='ltr'>a</span> <span class='ocrx_word' id='word_1_76' title='bbox 132 1697 370 1797; x_wconf 89' lang='lat' dir='ltr'>locupletatos</span> <span class='ocrx_word' id='word_1_77' title='bbox 394 1697 501 1785; x_wconf 88' lang='lat' dir='ltr'>adiit,</span> <span class='ocrx_word' id='word_1_78' title='bbox 524 1699 678 1798; x_wconf 82' lang='lat' dir='ltr'>ipsisque</span> <span class='ocrx_word' id='word_1_79' title='bbox 705 1696 860 1799; x_wconf 82' lang='lat' dir='ltr'>benigna</span> <span class='ocrx_word' id='word_1_80' title='bbox 891 1701 926 1771; x_wconf 91' lang='lat' dir='ltr'>vi</span> <span class='ocrx_word' id='word_1_81' title='bbox 953 1717 1126 1800; x_wconf 90' lang='lat' dir='ltr'>quantum</span> 
     </span>
     <span class='ocr_line' id='line_1_13' title="bbox 83 1814 1129 1908; baseline 0 -18"><span class='ocrx_word' id='word_1_82' title='bbox 83 1815 195 1908; x_wconf 89' lang='lat' dir='ltr'>otuit,</span> <span class='ocrx_word' id='word_1_83' title='bbox 218 1832 259 1886; x_wconf 93' lang='lat' dir='ltr'>ut</span> <span class='ocrx_word' id='word_1_84' title='bbox 280 1816 499 1888; x_wconf 90' lang='lat' dir='ltr'>monasterio</span> <span class='ocrx_word' id='word_1_85' title='bbox 518 1840 581 1887; x_wconf 90' lang='lat' dir='ltr'>suo</span> <span class='ocrx_word' id='word_1_86' title='bbox 598 1814 797 1905; x_wconf 77' lang='lat' dir='ltr'>conferret,</span> <span class='ocrx_word' id='word_1_87' title='bbox 824 1814 983 1887; x_wconf 85' lang='lat' dir='ltr'>abstulit.</span> <span class='ocrx_word' id='word_1_88' title='bbox 1002 1817 1060 1890; x_wconf 89' lang='lat' dir='ltr'>Sic</span> <span class='ocrx_word' id='word_1_89' title='bbox 1084 1815 1129 1889; x_wconf 88' lang='lat' dir='ltr'>de</span> 
     </span>
     <span class='ocr_line' id='line_1_14' title="bbox 83 1928 1129 2030; baseline 0 -24"><span class='ocrx_word' id='word_1_90' title='bbox 83 1928 168 2006; x_wconf 76' lang='lat' dir='ltr'>abus</span> <span class='ocrx_word' id='word_1_91' title='bbox 179 1947 370 2030; x_wconf 88' lang='lat' dir='ltr'>parentum</span> <span class='ocrx_word' id='word_1_92' title='bbox 384 1957 533 2004; x_wconf 92' lang='lat' dir='ltr'>suorum</span> <span class='ocrx_word' id='word_1_93' title='bbox 547 1947 714 2020; x_wconf 89' lang='lat' dir='ltr'>ornatus,</span> <span class='ocrx_word' id='word_1_94' title='bbox 730 1948 767 2003; x_wconf 89' lang='lat' dir='ltr'>et</span> <span class='ocrx_word' id='word_1_95' title='bbox 781 1932 848 2004; x_wconf 89' lang='lat' dir='ltr'>alia</span> <span class='ocrx_word' id='word_1_96' title='bbox 870 1932 1056 2005; x_wconf 90' lang='lat' dir='ltr'>commoda</span> <span class='ocrx_word' id='word_1_97' title='bbox 1070 1959 1129 2006; x_wconf 88' lang='lat' dir='ltr'>ec-</span> 
     </span>
     <span class='ocr_line' id='line_1_15' title="bbox 81 2048 1131 2149; baseline 0.001 -28"><span class='ocrx_word' id='word_1_98' title='bbox 81 2049 176 2122; x_wconf 84' lang='lat' dir='ltr'>lesiae</span> <span class='ocrx_word' id='word_1_99' title='bbox 197 2074 269 2120; x_wconf 86' lang='lat' dir='ltr'>suae</span> <span class='ocrx_word' id='word_1_100' title='bbox 294 2049 520 2147; x_wconf 84' lang='lat' dir='ltr'>procuravit,</span> <span class='ocrx_word' id='word_1_101' title='bbox 545 2048 709 2148; x_wconf 86' lang='lat' dir='ltr'>ipsosque</span> <span class='ocrx_word' id='word_1_102' title='bbox 727 2050 1012 2149; x_wconf 81' lang='lat' dir='ltr'>consanguineos</span> <span class='ocrx_word' id='word_1_103' title='bbox 1034 2050 1131 2122; x_wconf 89' lang='lat' dir='ltr'>utili-</span> 
     </span>
     <span class='ocr_line' id='line_1_16' title="bbox 83 2158 1130 2266; baseline 0.002 -29"><span class='ocrx_word' id='word_1_104' title='bbox 83 2158 193 2238; x_wconf 80' lang='lat' dir='ltr'>itibus</span> <span class='ocrx_word' id='word_1_105' title='bbox 223 2165 427 2237; x_wconf 87' lang='lat' dir='ltr'>monasterii</span> <span class='ocrx_word' id='word_1_106' title='bbox 455 2163 668 2264; x_wconf 77' lang='lat' dir='ltr'>subjugavit.</span> <span class='ocrx_word' id='word_1_107' title='bbox 698 2165 830 2237; x_wconf 89' lang='lat' dir='ltr'>Multas</span> <span class='ocrx_word' id='word_1_108' title='bbox 857 2166 1002 2265; x_wconf 83' lang='lat' dir='ltr'>injurias</span> <span class='ocrx_word' id='word_1_109' title='bbox 1024 2183 1130 2266; x_wconf 89' lang='lat' dir='ltr'>atque</span> 
     </span>
     <span class='ocr_line' id='line_1_17' title="bbox 83 2280 1129 2380; baseline -0.001 -26"><span class='ocrx_word' id='word_1_110' title='bbox 83 2280 216 2378; x_wconf 77' lang='lat' dir='ltr'>apuleus</span> <span class='ocrx_word' id='word_1_111' title='bbox 242 2281 409 2379; x_wconf 88' lang='lat' dir='ltr'>plurimis</span> <span class='ocrx_word' id='word_1_112' title='bbox 435 2281 471 2353; x_wconf 94' lang='lat' dir='ltr'>in</span> <span class='ocrx_word' id='word_1_113' title='bbox 498 2281 585 2354; x_wconf 90' lang='lat' dir='ltr'>locis</span> <span class='ocrx_word' id='word_1_114' title='bbox 609 2281 781 2380; x_wconf 85' lang='lat' dir='ltr'>pertulit,</span> <span class='ocrx_word' id='word_1_115' title='bbox 806 2280 866 2354; x_wconf 91' lang='lat' dir='ltr'>sed</span> <span class='ocrx_word' id='word_1_116' title='bbox 890 2280 936 2353; x_wconf 90' lang='lat' dir='ltr'>ab</span> <span class='ocrx_word' id='word_1_117' title='bbox 967 2283 1129 2380; x_wconf 89' lang='lat' dir='ltr'>incoepto</span> 
     </span>
     <span class='ocr_line' id='line_1_18' title="bbox 83 2397 1129 2498; baseline 0.003 -29"><span class='ocrx_word' id='word_1_118' title='bbox 83 2412 212 2486; x_wconf 84' lang='lat' dir='ltr'>nnatu,</span> <span class='ocrx_word' id='word_1_119' title='bbox 231 2398 315 2470; x_wconf 90' lang='lat' dir='ltr'>licet</span> <span class='ocrx_word' id='word_1_120' title='bbox 331 2399 498 2498; x_wconf 83' lang='lat' dir='ltr'>plurimis</span> <span class='ocrx_word' id='word_1_121' title='bbox 516 2397 788 2471; x_wconf 84' lang='lat' dir='ltr'>adversitatibus</span> <span class='ocrx_word' id='word_1_122' title='bbox 803 2397 986 2472; x_wconf 91' lang='lat' dir='ltr'>interdum</span> <span class='ocrx_word' id='word_1_123' title='bbox 1001 2416 1037 2473; x_wconf 93' lang='lat' dir='ltr'>et</span> <span class='ocrx_word' id='word_1_124' title='bbox 1053 2400 1129 2472; x_wconf 80' lang='lat' dir='ltr'>sre-</span> 
     </span>
     <span class='ocr_line' id='line_1_19' title="bbox 85 2514 1131 2615; baseline 0.001 -27"><span class='ocrx_word' id='word_1_125' title='bbox 85 2531 212 2590; x_wconf 87' lang='lat' dir='ltr'>uenter</span> <span class='ocrx_word' id='word_1_126' title='bbox 239 2514 487 2613; x_wconf 85' lang='lat' dir='ltr'>impediretur,</span> <span class='ocrx_word' id='word_1_127' title='bbox 518 2515 647 2614; x_wconf 90' lang='lat' dir='ltr'>depelli</span> <span class='ocrx_word' id='word_1_128' title='bbox 672 2542 746 2589; x_wconf 91' lang='lat' dir='ltr'>non</span> <span class='ocrx_word' id='word_1_129' title='bbox 774 2517 907 2615; x_wconf 90' lang='lat' dir='ltr'>potuit.</span> <span class='ocrx_word' id='word_1_130' title='bbox 935 2514 1131 2590; x_wconf 84' lang='lat' dir='ltr'>Praedictus</span> 
     </span>
     <span class='ocr_line' id='line_1_20' title="bbox 83 2630 1128 2732; baseline 0 -26"><span class='ocrx_word' id='word_1_131' title='bbox 83 2630 191 2706; x_wconf 84' lang='lat' dir='ltr'>irbis</span> <span class='ocrx_word' id='word_1_132' title='bbox 215 2649 252 2704; x_wconf 90' lang='lat' dir='ltr'>et</span> <span class='ocrx_word' id='word_1_133' title='bbox 276 2631 477 2732; x_wconf 87' lang='lat' dir='ltr'>hujusmodi</span> <span class='ocrx_word' id='word_1_134' title='bbox 501 2632 636 2705; x_wconf 88' lang='lat' dir='ltr'>nisibus</span> <span class='ocrx_word' id='word_1_135' title='bbox 665 2648 718 2704; x_wconf 82' lang='lat' dir='ltr'>sat</span> <span class='ocrx_word' id='word_1_136' title='bbox 747 2635 947 2731; x_wconf 88' lang='lat' dir='ltr'>procaciter</span> <span class='ocrx_word' id='word_1_137' title='bbox 974 2632 1128 2724; x_wconf 90' lang='lat' dir='ltr'>studuit,</span> 
     </span>
     <span class='ocr_line' id='line_1_21' title="bbox 83 2747 1132 2850; baseline 0 -29"><span class='ocrx_word' id='word_1_138' title='bbox 83 2750 205 2850; x_wconf 76' lang='lat' dir='ltr'>jusque</span> <span class='ocrx_word' id='word_1_139' title='bbox 215 2747 332 2822; x_wconf 88' lang='lat' dir='ltr'>studio</span> <span class='ocrx_word' id='word_1_140' title='bbox 347 2748 513 2822; x_wconf 89' lang='lat' dir='ltr'>conditus</span> <span class='ocrx_word' id='word_1_141' title='bbox 523 2774 630 2847; x_wconf 90' lang='lat' dir='ltr'>super</span> <span class='ocrx_word' id='word_1_142' title='bbox 645 2749 824 2821; x_wconf 88' lang='lat' dir='ltr'>tumulum</span> <span class='ocrx_word' id='word_1_143' title='bbox 831 2749 951 2821; x_wconf 78' lang='lat' dir='ltr'>fratris</span> <span class='ocrx_word' id='word_1_144' title='bbox 964 2751 1031 2837; x_wconf 93' lang='lat' dir='ltr'>sui,</span> <span class='ocrx_word' id='word_1_145' title='bbox 1047 2750 1132 2848; x_wconf 86' lang='lat' dir='ltr'>lapi-</span> 
     </span>
     <span class='ocr_line' id='line_1_22' title="bbox 83 2865 1129 2966; baseline -0.002 -26"><span class='ocrx_word' id='word_1_146' title='bbox 83 2890 273 2940; x_wconf 73' lang='lat' dir='ltr'>emarcus</span> <span class='ocrx_word' id='word_1_147' title='bbox 301 2892 412 2966; x_wconf 91' lang='lat' dir='ltr'>usque</span> <span class='ocrx_word' id='word_1_148' title='bbox 439 2865 544 2939; x_wconf 91' lang='lat' dir='ltr'>hodie</span> <span class='ocrx_word' id='word_1_149' title='bbox 572 2866 747 2940; x_wconf 86' lang='lat' dir='ltr'>consistit.</span> <span class='ocrx_word' id='word_1_150' title='bbox 776 2865 969 2940; x_wconf 84' lang='lat' dir='ltr'>Rainaldus</span> <span class='ocrx_word' id='word_1_151' title='bbox 996 2867 1129 2965; x_wconf 89' lang='lat' dir='ltr'>pictor,</span> 
     </span>
     <span class='ocr_line' id='line_1_23' title="bbox 83 2981 1130 3083; baseline 0.001 -30"><span class='ocrx_word' id='word_1_152' title='bbox 83 2998 303 3083; x_wconf 77' lang='lat' dir='ltr'>cgnomento</span> <span class='ocrx_word' id='word_1_153' title='bbox 330 2981 610 3069; x_wconf 84' lang='lat' dir='ltr'>Bartolomoeus,</span> <span class='ocrx_word' id='word_1_154' title='bbox 648 2982 754 3055; x_wconf 88' lang='lat' dir='ltr'>variis</span> <span class='ocrx_word' id='word_1_155' title='bbox 789 2981 971 3055; x_wconf 88' lang='lat' dir='ltr'>coloribus</span> <span class='ocrx_word' id='word_1_156' title='bbox 1007 3009 1130 3055; x_wconf 89' lang='lat' dir='ltr'>arcum</span> 
     </span>
     <span class='ocr_line' id='line_1_24' title="bbox 83 3097 1131 3201; baseline 0.002 -31"><span class='ocrx_word' id='word_1_157' title='bbox 83 3097 312 3201; x_wconf 77' lang='lat' dir='ltr'>anulumque</span> <span class='ocrx_word' id='word_1_158' title='bbox 329 3097 513 3197; x_wconf 88' lang='lat' dir='ltr'>depinxit,</span> <span class='ocrx_word' id='word_1_159' title='bbox 535 3115 571 3171; x_wconf 91' lang='lat' dir='ltr'>et</span> <span class='ocrx_word' id='word_1_160' title='bbox 593 3099 721 3172; x_wconf 85' lang='lat' dir='ltr'>Vitalis</span> <span class='ocrx_word' id='word_1_161' title='bbox 740 3098 963 3201; x_wconf 77' lang='lat' dir='ltr'>Angligena,</span> <span class='ocrx_word' id='word_1_162' title='bbox 988 3101 1070 3172; x_wconf 89' lang='lat' dir='ltr'>satis</span> <span class='ocrx_word' id='word_1_163' title='bbox 1086 3099 1131 3172; x_wconf 89' lang='lat' dir='ltr'>ab</span> 
     </span>
     <span class='ocr_line' id='line_1_25' title="bbox 83 3212 1133 3323; baseline 0.003 -37"><span class='ocrx_word' id='word_1_164' title='bbox 83 3212 225 3289; x_wconf 65' lang='lat' dir='ltr'>{rnaldo</span> <span class='ocrx_word' id='word_1_165' title='bbox 249 3232 412 3316; x_wconf 78' lang='lat' dir='ltr'>rogatus,</span> <span class='ocrx_word' id='word_1_166' title='bbox 441 3216 662 3323; x_wconf 85' lang='lat' dir='ltr'>epitaphium</span> <span class='ocrx_word' id='word_1_167' title='bbox 689 3219 852 3318; x_wconf 79' lang='lat' dir='ltr'>elegiacis</span> <span class='ocrx_word' id='word_1_168' title='bbox 880 3214 1039 3291; x_wconf 81' lang='lat' dir='ltr'>versibus</span> <span class='ocrx_word' id='word_1_169' title='bbox 1066 3216 1133 3290; x_wconf 88' lang='lat' dir='ltr'>hoc</span> 
     </span>
    </p>
   </div>
   <div class='ocr_carea' id='block_1_3' title="bbox 83 3329 324 3408">
    <p class='ocr_par' dir='ltr' id='par_1_3' title="bbox 83 3329 324 3408">
     <span class='ocr_line' id='line_1_26' title="bbox 83 3329 324 3408; baseline -0.004 -2"><span class='ocrx_word' id='word_1_170' title='bbox 83 3331 172 3408; x_wconf 85' lang='lat' dir='ltr'>rodo</span> <span class='ocrx_word' id='word_1_171' title='bbox 185 3329 296 3406; x_wconf 90' lang='lat' dir='ltr'>edidit</span> <span class='ocrx_word' id='word_1_172' title='bbox 316 3364 324 3405; x_wconf 91' lang='lat'><strong>:</strong></span> 
     </span>
    </p>
   </div>
   <div class='ocr_carea' id='block_1_4' title="bbox 110 3487 865 3923">
    <p class='ocr_par' dir='ltr' id='par_1_4' title="bbox 110 3487 815 3742">
     <span class='ocr_line' id='line_1_27' title="bbox 110 3487 815 3544; baseline 0 -2"><span class='ocrx_word' id='word_1_173' title='bbox 110 3500 113 3505; x_wconf 77' lang='grc'><em>’</em></span> <span class='ocrx_word' id='word_1_174' title='bbox 169 3488 230 3542; x_wconf 86' lang='lat' dir='ltr'>Hoc</span> <span class='ocrx_word' id='word_1_175' title='bbox 242 3489 270 3541; x_wconf 90' lang='lat' dir='ltr'>in</span> <span class='ocrx_word' id='word_1_176' title='bbox 286 3487 426 3543; x_wconf 81' lang='lat' dir='ltr'>mausoleo</span> <span class='ocrx_word' id='word_1_177' title='bbox 439 3487 599 3543; x_wconf 86' lang='lat' dir='ltr'>Rodbertus</span> <span class='ocrx_word' id='word_1_178' title='bbox 612 3487 647 3543; x_wconf 89' lang='lat' dir='ltr'>de</span> <span class='ocrx_word' id='word_1_179' title='bbox 660 3488 815 3544; x_wconf 86' lang='lat' dir='ltr'>Rodelento</span> 
     </span>
     <span class='ocr_line' id='line_1_28' title="bbox 200 3577 763 3652; baseline 0 -20"><span class='ocrx_word' id='word_1_180' title='bbox 200 3577 341 3633; x_wconf 89' lang='lat' dir='ltr'>Conditur</span> <span class='ocrx_word' id='word_1_181' title='bbox 355 3579 478 3633; x_wconf 86' lang='lat' dir='ltr'>humano</span> <span class='ocrx_word' id='word_1_182' title='bbox 492 3597 569 3633; x_wconf 88' lang='lat' dir='ltr'>more</span> <span class='ocrx_word' id='word_1_183' title='bbox 582 3578 631 3635; x_wconf 85' lang='lat' dir='ltr'>soli</span> <span class='ocrx_word' id='word_1_184' title='bbox 647 3580 763 3652; x_wconf 76' lang='lat' dir='ltr'>gremio.</span> 
     </span>
     <span class='ocr_line' id='line_1_29' title="bbox 167 3666 796 3742; baseline 0 -20"><span class='ocrx_word' id='word_1_185' title='bbox 167 3666 255 3722; x_wconf 73' lang='lat' dir='ltr'>Filius</span> <span class='ocrx_word' id='word_1_186' title='bbox 270 3668 404 3736; x_wconf 80' lang='lat' dir='ltr'>Unsredi,</span> <span class='ocrx_word' id='word_1_187' title='bbox 419 3670 558 3724; x_wconf 87' lang='lat' dir='ltr'>Dacorum</span> <span class='ocrx_word' id='word_1_188' title='bbox 571 3680 709 3742; x_wconf 81' lang='lat' dir='ltr'>spermate</span> <span class='ocrx_word' id='word_1_189' title='bbox 724 3670 796 3735; x_wconf 87' lang='lat' dir='ltr'>nati,</span> 
     </span>
    </p>

    <p class='ocr_par' dir='ltr' id='par_1_5' title="bbox 161 3759 865 3923">
     <span class='ocr_line' id='line_1_30' title="bbox 203 3759 726 3831; baseline 0.002 -19"><span class='ocrx_word' id='word_1_190' title='bbox 203 3759 296 3813; x_wconf 83' lang='lat' dir='ltr'>Fortis</span> <span class='ocrx_word' id='word_1_191' title='bbox 306 3770 335 3813; x_wconf 88' lang='lat' dir='ltr'>ct</span> <span class='ocrx_word' id='word_1_192' title='bbox 348 3759 465 3815; x_wconf 84' lang='lat' dir='ltr'>illustris</span> <span class='ocrx_word' id='word_1_193' title='bbox 479 3761 531 3815; x_wconf 89' lang='lat' dir='ltr'>iste</span> <span class='ocrx_word' id='word_1_194' title='bbox 544 3761 599 3815; x_wconf 88' lang='lat' dir='ltr'>luit</span> <span class='ocrx_word' id='word_1_195' title='bbox 607 3760 726 3831; x_wconf 80' lang='lat' dir='ltr'>juvenis.</span> 
     </span>
     <span class='ocr_line' id='line_1_31' title="bbox 161 3833 865 3923; baseline -0.001 -22"><span class='ocrx_word' id='word_1_196' title='bbox 161 3833 288 3920; x_wconf 40' lang='lat' dir='ltr'>&#39;Dapsilis</span> <span class='ocrx_word' id='word_1_197' title='bbox 299 3859 327 3903; x_wconf 89' lang='lat' dir='ltr'>et</span> <span class='ocrx_word' id='word_1_198' title='bbox 339 3868 463 3923; x_wconf 80' lang='lat' dir='ltr'>pugnax,</span> <span class='ocrx_word' id='word_1_199' title='bbox 477 3849 569 3923; x_wconf 84' lang='lat' dir='ltr'>agilis,</span> <span class='ocrx_word' id='word_1_200' title='bbox 583 3848 721 3904; x_wconf 76' lang='lat' dir='ltr'>formosus</span> <span class='ocrx_word' id='word_1_201' title='bbox 734 3858 763 3903; x_wconf 92' lang='lat' dir='ltr'>et</span> <span class='ocrx_word' id='word_1_202' title='bbox 776 3846 865 3901; x_wconf 82' lang='lat' dir='ltr'>audax</span> 
     </span>
    </p>
   </div>
   <div class='ocr_carea' id='block_1_5' title="bbox 83 4052 1136 4229">
    <p class='ocr_par' dir='ltr' id='par_1_6' title="bbox 83 4052 1136 4229">
     <span class='ocr_line' id='line_1_32' title="bbox 98 4052 1136 4160; baseline 0 -22"><span class='ocrx_word' id='word_1_203' title='bbox 98 4085 141 4155; x_wconf 83' lang='grc' dir='ltr'>(ι)</span> <span class='ocrx_word' id='word_1_204' title='bbox 151 4082 329 4151; x_wconf 84' lang='lat' dir='ltr'>Guillaume,</span> <span class='ocrx_word' id='word_1_205' title='bbox 346 4086 447 4141; x_wconf 85' lang='lat' dir='ltr'>second</span> <span class='ocrx_word' id='word_1_206' title='bbox 463 4087 504 4140; x_wconf 86' lang='lat' dir='ltr'>fils</span> <span class='ocrx_word' id='word_1_207' title='bbox 517 4087 552 4141; x_wconf 89' lang='lat' dir='ltr'>de</span> <span class='ocrx_word' id='word_1_208' title='bbox 564 4088 667 4160; x_wconf 83' lang='lat' dir='ltr'>Hugue</span> <span class='ocrx_word' id='word_1_209' title='bbox 680 4087 715 4141; x_wconf 91' lang='lat' dir='ltr'>de</span> <span class='ocrx_word' id='word_1_210' title='bbox 726 4052 934 4143; x_wconf 72' lang='lat' dir='ltr'>Greutemesnil</span> <span class='ocrx_word' id='word_1_211' title='bbox 944 4097 974 4141; x_wconf 83' lang='lat' dir='ltr'>et</span> <span class='ocrx_word' id='word_1_212' title='bbox 986 4086 1089 4159; x_wconf 83' lang='lat' dir='ltr'>gendre</span> <span class='ocrx_word' id='word_1_213' title='bbox 1101 4086 1136 4139; x_wconf 86' lang='lat' dir='ltr'>de</span> 
     </span>
     <span class='ocr_line' id='line_1_33' title="bbox 83 4172 334 4229; baseline 0 -2"><span class='ocrx_word' id='word_1_214' title='bbox 83 4172 174 4228; x_wconf 41' lang='lat' dir='ltr'>robert</span> <span class='ocrx_word' id='word_1_215' title='bbox 184 4174 334 4229; x_wconf 84' lang='lat' dir='ltr'>Goiscard.</span> 
     </span>
    </p>
   </div>
   <div class='ocr_carea' id='block_1_6' title="bbox 0 0 1451 4934">
    <p class='ocr_par' dir='ltr' id='par_1_7' title="bbox 0 0 1451 4934">
     <span class='ocr_line' id='line_1_34' title="bbox 0 0 1451 4934; baseline 0 0"><span class='ocrx_word' id='word_1_216' title='bbox 0 0 1451 4934; x_wconf 95' lang='lat' dir='ltr'> </span> 
     </span>
    </p>
   </div>
  </div>
 </body>
</html>
