2872 4920
189 398 250 462 494
470 399 654 460 HISTORIA
678 400 984 466 eccttsttsutcu.
1056 409 1241 487 [lotio-lulli]

190 530 373 628 copiosum
391 546 590 603 mercatum
608 533 785 617 mitteret,
804 549 842 604 et
862 537 999 607 cunctis
1017 535 1244 636 indigentibus

188 648 317 745 stipem
347 647 576 720 necessariam
595 648 816 748 impertiret,
841 666 983 724 tantum
1000 668 1043 724 ut
1056 656 1247 752 juramento

189 764 233 836 de
247 789 291 837 eo
308 789 453 837 securus
467 780 569 837 esset.
587 766 664 839 lioc
681 767 761 840 ideo
775 768 998 842 machinatus
1013 787 1069 844 est
1087 773 1248 873 versiptl·

190 879 233 951 lis
251 895 291 951 ut
315 906 333 951 a
359 880 506 978 regione
526 877 655 954 ducem
675 901 860 956 amoveret
875 885 1049 982 Byzantea
1060 940 1070 973 ,
1096 888 1250 961 crimmis

188 997 322 1093 copiis,
347 1021 392 1068 ne
416 1012 533 1094 posset
554 998 652 1070 couti
681 1015 1027 1097 superventurorum
1056 1004 1251 1103 principum

189 1112 348 1185 consiliis
368 1129 405 1186 et
423 1114 576 1186 auxiliis.
593 1114 673 1187 Dux
695 1116 814 1215 itaque
831 1117 1015 1206 transivit,
1034 1117 1130 1192 sacta
1146 1118 1250 1194 Cus-

189 1225 257 1312 ris,
275 1241 312 1297 et
328 1225 374 1298 uh
388 1224 515 1299 eodem
527 1243 668 1325 accepta
683 1227 892 1320 identidem,
906 1231 1172 1326 promissorum
1183 1228 1250 1305 utu

63 1418 69 1427 ‚
189 1340 302 1412 litate.

237 1457 467 1531 buamundus
495 1460 530 1530 in
560 1460 690 1535 vallem
715 1460 760 1533 de
786 1460 1045 1561 Andronopoli
1072 1464 1175 1536 venit
1193 1466 1249 1562 (s),

189 1572 311 1672 ibique
327 1599 408 1647 suos
430 1573 681 1649 concionando
700 1575 856 1650 solerter
881 1575 1072 1650 admonuit
1099 1594 1142 1651 ut
1164 1593 1250 1652 mute

187 1716 224 1764 se
238 1690 433 1776 haberent,
454 1707 494 1763 ut
511 1693 812 1792 peregrinationis
824 1718 893 1791 pro
906 1693 982 1765 Deo
993 1711 1173 1791 susceptas
1186 1718 1249 1769 ms·

188 1831 306 1880 mores
318 1824 452 1892 esseut,
466 1822 506 1880 ut
518 1834 537 1880 a
551 1806 840 1881 Christianorum
851 1809 1043 1906 penatibus
1052 1808 1248 1909 diripiendis

188 1948 332 2021 rapaces
352 1949 478 1996 manus
492 1920 722 2008 cohiberent,
739 1939 779 1997 ut
795 1923 912 1997 Deum
929 1940 1013 1999 ante
1026 1926 1156 2000 oculos
1168 1950 1247 1999 seat·

187 2064 254 2139 per
275 2057 489 2140 praesentem
516 2039 711 2126 haherent,
728 2066 772 2115 ac
795 2056 836 2114 ut
851 2038 999 2116 ditiores
1021 2039 1243 2141 pauperibus,

186 2174 224 2232 et
237 2158 410 2234 tortiores
424 2156 602 2232 debilibus
622 2158 876 2246 subvenirent,
901 2182 1035 2259 eosque
1053 2186 1124 2260 pro
1142 2181 1245 2235 amous

186 2276 250 2350 Dei
279 2274 416 2349 viribus
438 2291 475 2347 et
499 2275 628 2374 opibus
649 2291 902 2353 sustentarent.
923 2277 976 2350 De
998 2278 1095 2351 valle
1119 2275 1243 2352 tandm

100 2440 104 2449 ·
187 2399 385 2472 Castoriam
401 2401 453 2495 (a)
468 2415 734 2497 pervenerunt,
758 2398 819 2471 uhi
842 2399 1007 2472 Natalem
1028 2401 1177 2475 Domini
1194 2424 1243 2472 n·

188 2513 1238 2615 lcmniterperegerunt.lhiperaliquotdiesremoratisuat,

186 2633 448 2732 (quaesitumque
468 2647 669 2704 mercatum
685 2631 818 2705 habore
839 2658 914 2706 non
937 2651 1159 2731 potuerunt,
1174 2632 1237 2734 quit

186 2750 279 2823 cives
295 2774 367 2823 nou
380 2749 611 2848 peregrinos,
625 2748 687 2822 sed
699 2747 912 2846 gladiatores
923 2766 958 2822 et
973 2767 1163 2847 tyrassnos,
1179 2748 1238 2823 itta·

185 2867 466 2941 aestimaverunt.
487 2863 609 2938 Inedia
622 2889 710 2965 ergo
726 2881 896 2966 cogente,
910 2867 1090 2965 compulsi
1102 2863 1239 2941 suatbo

219 3140 258 3210 (ι)
277 3138 316 3192 Ce
331 3137 374 3192 fut
393 3156 443 3210 par
461 3155 521 3191 mer
538 3155 594 3210 que
608 3137 751 3192 Boemond
770 3138 874 3207 arrivs,
890 3158 925 3193 au
948 3141 1019 3194 mois
1041 3139 1077 3196 de
1095 3137 1237 3201 dsoentss.

184 3229 248 3302 pres
264 3225 467 3299 d’Andrinople
480 3225 635 3284 d'Albauie.
653 3226 740 3282 Notre
761 3237 861 3282 auteur
880 3246 947 3282 aura
964 3229 1177 3300 probahlemeat
1188 3242 1239 3285 cut·

184 3318 271 3380 fondu
297 3329 369 3373 cette
389 3317 451 3372 ville
477 3335 541 3373 avec
560 3335 609 3372 son
631 3318 799 3391 homonyme
819 3318 854 3373 de
875 3319 1000 3386 Thrace,
1028 3320 1173 3395 beaucoup
1191 3315 1239 3393 plus

183 3428 409 3571 collabudastorie,
425 3496 489 3552 ville
501 3495 655 3569 episcopale
665 3495 700 3550 de
711 3496 890 3562 Macedoine,
904 3501 920 3551 a
932 3497 958 3552 la
973 3515 1073 3553 source
1085 3498 1238 3554 decanam.

182 3591 263 3646 Cette
280 3589 355 3658 ville,
374 3589 462 3644 siuree
476 3605 511 3641 aa
524 3586 621 3640 milieu
640 3584 708 3639 d’uu
725 3585 780 3653 lae,
803 3597 831 3641 et
848 3605 884 3642 ne
900 3591 1026 3643 tenuata
1043 3588 1070 3643 la
1082 3599 1159 3643 teme
1170 3587 1239 3642 terat

181 3680 264 3756 qn’au
273 3699 372 3753 moyen
383 3678 450 3735 d’un
458 3677 574 3743 isthmo,
584 3675 707 3732 de'lendu
718 3695 768 3749 par
776 3695 832 3733 une
841 3677 970 3732 muraille
978 3678 1108 3754 ssanquee
1119 3678 1154 3732 de
1164 3688 1239 3737 tono.

181 3771 253 3825 avait
269 3773 313 3824 ete
325 3771 445 3842 occupes
460 3786 509 3841 par
523 3764 665 3821 ssoumond
683 3765 784 3839 depuis
807 3769 1014 3843 1081jusqu‘en
1037 3770 1120 3836 1084,
1135 3764 1241 3842 pendant

181 3857 249 3932 qu'il
266 3857 356 3912 laisait
376 3857 401 3911 la
420 3874 519 3930 guerro
538 3858 553 3908 ia
572 3854 666 3910 Alexis
684 3873 757 3928 pour
775 3856 802 3911 le
823 3868 933 3930 conupte
950 3856 985 3912 de
1005 3875 1057 3910 son
1071 3859 1137 3930 pere
1150 3855 1239 3910 uolet

181 3948 328 4004 Guiseard.
356 3948 432 4002 Nous
452 3963 570 4020 pensons
588 3946 671 4019 qu’en
695 3946 763 4020 1096
781 3947 800 4001 il
819 3967 855 4003 ne
874 3948 905 4002 lit
926 3966 982 4022 que
1000 3966 1114 4020 camper
1132 3961 1191 4001 sous
1206 3957 1238 3994 ια

180 4055 265 4094 murs.
280 4038 328 4094 Oa
339 4039 450 4111 concoit
466 4037 623 4092 lacilement
636 4056 692 4111 qne
711 4038 749 4093 les
765 4038 906 4094 habitants
927 4041 1003 4093 aient
1023 4039 1077 4092 mis
1101 4055 1154 4110 lieu
1167 4036 1237 4090 d'etu·

181 4132 374 4204 pressesneuti
390 4128 563 4194 l'accueillir‚
580 4147 614 4181 en
627 4130 756 4182 souseuir
771 4130 809 4183 du
825 4129 877 4184 nial
889 4129 958 4203 qu'il
972 4130 1034 4183 leur
1046 4130 1118 4182 avait
1130 4124 1235 4198 luitpre'·

178 4219 362 4275 cedemment.
