<?xml version="1.0" encoding="UTF-8"?>
<!DOCTYPE html PUBLIC "-//W3C//DTD XHTML 1.0 Transitional//EN"
    "http://www.w3.org/TR/xhtml1/DTD/xhtml1-transitional.dtd">
<html xmlns="http://www.w3.org/1999/xhtml" xml:lang="en" lang="en">
 <head>
  <title>
</title>
<meta http-equiv="Content-Type" content="text/html;charset=utf-8" />
  <meta name='ocr-system' content='tesseract 3.04.00' />
  <meta name='ocr-capabilities' content='ocr_page ocr_carea ocr_par ocr_line ocrx_word'/>
</head>
<body>
  <div class='ocr_page' id='page_1' title='image "./ordericivitalis05deligoog/ordericivitalis05deligoog_0057.png"; bbox 0 0 2888 4934; ppageno 0'>
   <div class='ocr_carea' id='block_1_1' title="bbox 183 393 971 459">
    <p class='ocr_par' dir='ltr' id='par_1_1' title="bbox 183 393 971 459">
     <span class='ocr_line' id='line_1_1' title="bbox 183 393 971 459; baseline 0 -3"><span class='ocrx_word' id='word_1_1' title='bbox 183 395 222 456; x_wconf 80' lang='grc'><strong>46</strong></span> <span class='ocrx_word' id='word_1_2' title='bbox 461 393 645 455; x_wconf 74' lang='grc' dir='ltr'>ΗΙὸΤΟΡιῙΑ</span> <span class='ocrx_word' id='word_1_3' title='bbox 667 395 971 459; x_wconf 74' lang='lat' dir='ltr'><strong>Euctusttstlcl.</strong></span> 
     </span>
    </p>
   </div>
   <div class='ocr_carea' id='block_1_2' title="bbox 321 524 1195 1227">
    <p class='ocr_par' dir='ltr' id='par_1_2' title="bbox 322 524 1074 693">
     <span class='ocr_line' id='line_1_2' title="bbox 323 524 1074 603; baseline 0.008 -23"><span class='ocrx_word' id='word_1_4' title='bbox 323 524 514 596; x_wconf 79' lang='lat' dir='ltr'><strong>Preabyteroa,</strong></span> <span class='ocrx_word' id='word_1_5' title='bbox 532 527 696 595; x_wconf 65' lang='lat' dir='ltr'><strong>monachos,</strong></span> <span class='ocrx_word' id='word_1_6' title='bbox 711 527 820 595; x_wconf 80' lang='lat' dir='ltr'><strong>viduae,</strong></span> <span class='ocrx_word' id='word_1_7' title='bbox 834 547 920 603; x_wconf 76' lang='lat' dir='ltr'><strong>egion</strong></span> <span class='ocrx_word' id='word_1_8' title='bbox 932 541 961 586; x_wconf 88' lang='lat' dir='ltr'><strong>et</strong></span> <span class='ocrx_word' id='word_1_9' title='bbox 973 548 1074 602; x_wconf 81' lang='lat' dir='ltr'><strong>egenos</strong></span> 
     </span>
     <span class='ocr_line' id='line_1_3' title="bbox 322 615 1012 693; baseline 0.007 -22"><span class='ocrx_word' id='word_1_10' title='bbox 322 615 436 689; x_wconf 86' lang='lat' dir='ltr'><strong>Semper</strong></span> <span class='ocrx_word' id='word_1_11' title='bbox 449 615 611 685; x_wconf 83' lang='lat' dir='ltr'><strong>honorarit,</strong></span> <span class='ocrx_word' id='word_1_12' title='bbox 630 617 774 693; x_wconf 90' lang='lat' dir='ltr'><strong>multoque</strong></span> <span class='ocrx_word' id='word_1_13' title='bbox 783 620 924 691; x_wconf 82' lang='lat' dir='ltr'>juvamine</span> <span class='ocrx_word' id='word_1_14' title='bbox 935 621 1012 676; x_wconf 79' lang='lat' dir='ltr'><strong>fovit.</strong></span> 
     </span>
    </p>

    <p class='ocr_par' dir='ltr' id='par_1_3' title="bbox 321 703 1056 870">
     <span class='ocr_line' id='line_1_4' title="bbox 321 703 1056 780; baseline 0.007 -21"><span class='ocrx_word' id='word_1_15' title='bbox 321 703 403 759; x_wconf 74' lang='lat' dir='ltr'><strong>Cauta</strong></span> <span class='ocrx_word' id='word_1_16' title='bbox 416 703 471 759; x_wconf 83' lang='lat' dir='ltr'><strong>luit</strong></span> <span class='ocrx_word' id='word_1_17' title='bbox 481 713 606 774; x_wconf 86' lang='lat' dir='ltr'><strong>tantum,</strong></span> <span class='ocrx_word' id='word_1_18' title='bbox 621 705 698 780; x_wconf 89' lang='lat' dir='ltr'><strong>quod</strong></span> <span class='ocrx_word' id='word_1_19' title='bbox 710 706 802 762; x_wconf 77' lang='lat' dir='ltr'><strong>nullus</strong></span> <span class='ocrx_word' id='word_1_20' title='bbox 814 726 875 762; x_wconf 89' lang='lat' dir='ltr'><strong>eam</strong></span> <span class='ocrx_word' id='word_1_21' title='bbox 887 707 1056 764; x_wconf 85' lang='lat' dir='ltr'><strong>nebulonum</strong></span> 
     </span>
     <span class='ocr_line' id='line_1_5' title="bbox 322 790 984 870; baseline 0.008 -25"><span class='ocrx_word' id='word_1_22' title='bbox 322 790 461 847; x_wconf 80' lang='lat' dir='ltr'><strong>Infamare</strong></span> <span class='ocrx_word' id='word_1_23' title='bbox 473 791 562 865; x_wconf 85' lang='lat' dir='ltr'><strong>palam</strong></span> <span class='ocrx_word' id='word_1_24' title='bbox 575 794 649 849; x_wconf 80' lang='lat' dir='ltr'><strong>notia</strong></span> <span class='ocrx_word' id='word_1_25' title='bbox 663 804 840 867; x_wconf 76' lang='lat' dir='ltr'><strong>praesumeret</strong></span> <span class='ocrx_word' id='word_1_26' title='bbox 852 812 984 870; x_wconf 89' lang='lat' dir='ltr'><strong>unquam.</strong></span> 
     </span>
    </p>

    <p class='ocr_par' dir='ltr' id='par_1_4' title="bbox 322 880 959 957">
     <span class='ocr_line' id='line_1_6' title="bbox 322 880 959 957; baseline 0.006 -21"><span class='ocrx_word' id='word_1_27' title='bbox 322 882 356 936; x_wconf 90' lang='lat' dir='ltr'><strong>ln</strong></span> <span class='ocrx_word' id='word_1_28' title='bbox 365 881 464 937; x_wconf 80' lang='lat' dir='ltr'><strong>februo</strong></span> <span class='ocrx_word' id='word_1_29' title='bbox 477 880 580 950; x_wconf 91' lang='lat' dir='ltr'><strong>lucem,</strong></span> <span class='ocrx_word' id='word_1_30' title='bbox 595 901 649 957; x_wconf 85' lang='lat' dir='ltr'><strong>qua</strong></span> <span class='ocrx_word' id='word_1_31' title='bbox 662 884 763 939; x_wconf 81' lang='lat' dir='ltr'><strong>Petrua</strong></span> <span class='ocrx_word' id='word_1_32' title='bbox 775 884 959 957; x_wconf 86' lang='lat' dir='ltr'><strong>pontificalem</strong></span> 
     </span>
    </p>

    <p class='ocr_par' dir='ltr' id='par_1_5' title="bbox 321 971 1195 1131">
     <span class='ocr_line' id='line_1_7' title="bbox 321 971 1195 1046; baseline 0.003 -17"><span class='ocrx_word' id='word_1_33' title='bbox 321 971 491 1029; x_wconf 77' lang='lat' dir='ltr'>Conscendit</span> <span class='ocrx_word' id='word_1_34' title='bbox 503 972 663 1029; x_wconf 77' lang='lat' dir='ltr'><strong>cathedram</strong></span> <span class='ocrx_word' id='word_1_35' title='bbox 678 975 731 1046; x_wconf 84' lang='lat'><strong>(1),</strong></span> <span class='ocrx_word' id='word_1_36' title='bbox 744 992 810 1030; x_wconf 89' lang='lat' dir='ltr'><strong>nece</strong></span> <span class='ocrx_word' id='word_1_37' title='bbox 821 985 949 1031; x_wconf 73' lang='lat' dir='ltr'><strong>moestam</strong></span> <span class='ocrx_word' id='word_1_38' title='bbox 961 977 1047 1032; x_wconf 85' lang='lat' dir='ltr'><strong>aenait</strong></span> <span class='ocrx_word' id='word_1_39' title='bbox 1059 987 1087 1032; x_wconf 90' lang='lat' dir='ltr'><strong>et</strong></span> <span class='ocrx_word' id='word_1_40' title='bbox 1096 986 1195 1033; x_wconf 88' lang='lat' dir='ltr'><strong>atram.</strong></span> 
     </span>
     <span class='ocr_line' id='line_1_8' title="bbox 323 1063 939 1131; baseline 0.002 -12"><span class='ocrx_word' id='word_1_41' title='bbox 323 1064 379 1119; x_wconf 91' lang='lat' dir='ltr'><strong>Pro</strong></span> <span class='ocrx_word' id='word_1_42' title='bbox 390 1072 471 1118; x_wconf 81' lang='lat' dir='ltr'><strong>tante</strong></span> <span class='ocrx_word' id='word_1_43' title='bbox 482 1081 547 1118; x_wconf 76' lang='lat' dir='ltr'><strong>casu</strong></span> <span class='ocrx_word' id='word_1_44' title='bbox 561 1063 681 1119; x_wconf 82' lang='lat' dir='ltr'><strong>domine</strong></span> <span class='ocrx_word' id='word_1_45' title='bbox 693 1064 763 1120; x_wconf 88' lang='lat' dir='ltr'><strong>ssent</strong></span> <span class='ocrx_word' id='word_1_46' title='bbox 772 1063 939 1131; x_wconf 77' lang='lat' dir='ltr'><strong>Allaicnaea;</strong></span> 
     </span>
    </p>

    <p class='ocr_par' dir='ltr' id='par_1_6' title="bbox 322 1152 1050 1227">
     <span class='ocr_line' id='line_1_9' title="bbox 322 1152 1050 1227; baseline 0.001 -19"><span class='ocrx_word' id='word_1_47' title='bbox 322 1156 373 1209; x_wconf 76' lang='lat' dir='ltr'><strong>Aet</strong></span> <span class='ocrx_word' id='word_1_48' title='bbox 384 1153 481 1208; x_wconf 82' lang='lat' dir='ltr'><strong>anime</strong></span> <span class='ocrx_word' id='word_1_49' title='bbox 495 1153 569 1208; x_wconf 77' lang='lat' dir='ltr'><strong>Deua</strong></span> <span class='ocrx_word' id='word_1_50' title='bbox 579 1154 679 1209; x_wconf 82' lang='lat' dir='ltr'><strong>Aviciae</strong></span> <span class='ocrx_word' id='word_1_51' title='bbox 690 1153 739 1213; x_wconf 84' lang='lat' dir='ltr'><strong>det</strong></span> <span class='ocrx_word' id='word_1_52' title='bbox 752 1152 853 1227; x_wconf 75' lang='lat' dir='ltr'><strong>gaudia</strong></span> <span class='ocrx_word' id='word_1_53' title='bbox 863 1154 937 1210; x_wconf 82' lang='lat' dir='ltr'><strong>rite!</strong></span> <span class='ocrx_word' id='word_1_54' title='bbox 948 1157 1050 1211; x_wconf 79' lang='lat' dir='ltr'><strong>Amen.</strong></span> 
     </span>
    </p>
   </div>
   <div class='ocr_carea' id='block_1_3' title="bbox 182 1293 1255 2509">
    <p class='ocr_par' dir='ltr' id='par_1_7' title="bbox 182 1293 1255 2098">
     <span class='ocr_line' id='line_1_10' title="bbox 182 1293 1249 1396; baseline 0.002 -28"><span class='ocrx_word' id='word_1_55' title='bbox 182 1294 384 1369; x_wconf 82' lang='lat' dir='ltr'><strong>Gualterius</strong></span> <span class='ocrx_word' id='word_1_56' title='bbox 407 1309 526 1367; x_wconf 86' lang='lat' dir='ltr'><strong>autem</strong></span> <span class='ocrx_word' id='word_1_57' title='bbox 544 1311 626 1393; x_wconf 84' lang='lat' dir='ltr'><strong>post</strong></span> <span class='ocrx_word' id='word_1_58' title='bbox 641 1293 887 1369; x_wconf 82' lang='lat' dir='ltr'>humationem</span> <span class='ocrx_word' id='word_1_59' title='bbox 911 1296 1073 1396; x_wconf 77' lang='lat' dir='ltr'><strong>conjugia</strong></span> <span class='ocrx_word' id='word_1_60' title='bbox 1087 1296 1163 1369; x_wconf 88' lang='lat' dir='ltr'><strong>lere</strong></span> <span class='ocrx_word' id='word_1_61' title='bbox 1181 1298 1249 1370; x_wconf 85' lang='lat' dir='ltr'><strong>tri·</strong></span> 
     </span>
     <span class='ocr_line' id='line_1_11' title="bbox 182 1410 1252 1514; baseline 0.003 -29"><span class='ocrx_word' id='word_1_62' title='bbox 182 1412 247 1486; x_wconf 91' lang='lat' dir='ltr'><strong>bus</strong></span> <span class='ocrx_word' id='word_1_63' title='bbox 263 1413 366 1486; x_wconf 86' lang='lat' dir='ltr'><strong>annis</strong></span> <span class='ocrx_word' id='word_1_64' title='bbox 378 1412 486 1496; x_wconf 83' lang='lat' dir='ltr'><strong>vixit,</strong></span> <span class='ocrx_word' id='word_1_65' title='bbox 506 1427 543 1484; x_wconf 90' lang='lat' dir='ltr'><strong>et</strong></span> <span class='ocrx_word' id='word_1_66' title='bbox 558 1410 701 1487; x_wconf 88' lang='lat' dir='ltr'><strong>diutino</strong></span> <span class='ocrx_word' id='word_1_67' title='bbox 715 1413 863 1514; x_wconf 77' lang='lat' dir='ltr'><strong>langore</strong></span> <span class='ocrx_word' id='word_1_68' title='bbox 877 1414 1066 1505; x_wconf 79' lang='lat' dir='ltr'><strong>cruciatus,</strong></span> <span class='ocrx_word' id='word_1_69' title='bbox 1082 1413 1252 1489; x_wconf 86' lang='lat' dir='ltr'><strong>monachi</strong></span> 
     </span>
     <span class='ocr_line' id='line_1_12' title="bbox 183 1529 1254 1632; baseline 0.001 -28"><span class='ocrx_word' id='word_1_70' title='bbox 183 1532 360 1605; x_wconf 79' lang='lat' dir='ltr'><strong>cucullam</strong></span> <span class='ocrx_word' id='word_1_71' title='bbox 373 1530 509 1620; x_wconf 88' lang='lat' dir='ltr'><strong>induit;</strong></span> <span class='ocrx_word' id='word_1_72' title='bbox 525 1546 562 1602; x_wconf 88' lang='lat' dir='ltr'><strong>et</strong></span> <span class='ocrx_word' id='word_1_73' title='bbox 574 1530 682 1631; x_wconf 88' lang='lat' dir='ltr'><strong>paulo</strong></span> <span class='ocrx_word' id='word_1_74' title='bbox 696 1549 797 1631; x_wconf 87' lang='lat' dir='ltr'><strong>post,</strong></span> <span class='ocrx_word' id='word_1_75' title='bbox 811 1529 892 1605; x_wconf 84' lang='lat' dir='ltr'><strong>data</strong></span> <span class='ocrx_word' id='word_1_76' title='bbox 906 1532 1126 1607; x_wconf 79' lang='lat' dir='ltr'><strong>consessione</strong></span> <span class='ocrx_word' id='word_1_77' title='bbox 1134 1587 1145 1622; x_wconf 91' lang='lat'><strong>,</strong></span> <span class='ocrx_word' id='word_1_78' title='bbox 1164 1556 1254 1632; x_wconf 91' lang='lat' dir='ltr'><strong>per-</strong></span> 
     </span>
     <span class='ocr_line' id='line_1_13' title="bbox 183 1646 1254 1749; baseline 0.001 -29"><span class='ocrx_word' id='word_1_79' title='bbox 183 1662 356 1748; x_wconf 87' lang='lat' dir='ltr'><strong>ceptaque</strong></span> <span class='ocrx_word' id='word_1_80' title='bbox 368 1646 599 1745; x_wconf 89' lang='lat' dir='ltr'><strong>poenitentia,</strong></span> <span class='ocrx_word' id='word_1_81' title='bbox 614 1661 667 1722; x_wconf 87' lang='lat' dir='ltr'><strong>v1⁰</strong></span> <span class='ocrx_word' id='word_1_82' title='bbox 679 1646 750 1719; x_wconf 84' lang='lat' dir='ltr'><strong>kal.</strong></span> <span class='ocrx_word' id='word_1_83' title='bbox 766 1648 858 1748; x_wconf 90' lang='lat' dir='ltr'><strong>junii</strong></span> <span class='ocrx_word' id='word_1_84' title='bbox 872 1646 976 1721; x_wconf 88' lang='lat' dir='ltr'><strong>obiit.</strong></span> <span class='ocrx_word' id='word_1_85' title='bbox 991 1647 1109 1723; x_wconf 89' lang='lat' dir='ltr'><strong>Porro</strong></span> <span class='ocrx_word' id='word_1_86' title='bbox 1122 1672 1254 1749; x_wconf 75' lang='lat' dir='ltr'><strong>corpus</strong></span> 
     </span>
     <span class='ocr_line' id='line_1_14' title="bbox 184 1759 1255 1863; baseline 0 -28"><span class='ocrx_word' id='word_1_87' title='bbox 184 1759 342 1862; x_wconf 78' lang='lat' dir='ltr'><strong>ejusdem</strong></span> <span class='ocrx_word' id='word_1_88' title='bbox 360 1759 710 1863; x_wconf 66' lang='lat' dir='ltr'><strong>HildegariuePrior</strong></span> <span class='ocrx_word' id='word_1_89' title='bbox 725 1761 767 1835; x_wconf 89' lang='lat' dir='ltr'><strong>ad</strong></span> <span class='ocrx_word' id='word_1_90' title='bbox 789 1760 897 1863; x_wconf 76' lang='lat' dir='ltr'><strong>pedes</strong></span> <span class='ocrx_word' id='word_1_91' title='bbox 914 1764 1072 1861; x_wconf 69' lang='lat' dir='ltr'><strong>praelate</strong></span> <span class='ocrx_word' id='word_1_92' title='bbox 1091 1762 1255 1863; x_wconf 76' lang='lat' dir='ltr'><strong>conjugia</strong></span> 
     </span>
     <span class='ocr_line' id='line_1_15' title="bbox 184 1876 1253 1980; baseline 0.004 -30"><span class='ocrx_word' id='word_1_93' title='bbox 184 1903 257 1952; x_wconf 82' lang='lat' dir='ltr'><strong>auae</strong></span> <span class='ocrx_word' id='word_1_94' title='bbox 274 1877 483 1968; x_wconf 80' lang='lat' dir='ltr'><strong>tumulavit,</strong></span> <span class='ocrx_word' id='word_1_95' title='bbox 498 1894 535 1951; x_wconf 84' lang='lat' dir='ltr'><strong>et</strong></span> <span class='ocrx_word' id='word_1_96' title='bbox 552 1876 680 1954; x_wconf 86' lang='lat' dir='ltr'><strong>Vitalis</strong></span> <span class='ocrx_word' id='word_1_97' title='bbox 694 1877 897 1980; x_wconf 79' lang='lat' dir='ltr'><strong>hujusmodi</strong></span> <span class='ocrx_word' id='word_1_98' title='bbox 914 1879 1048 1953; x_wconf 81' lang='lat' dir='ltr'><strong>noeniaa</strong></span> <span class='ocrx_word' id='word_1_99' title='bbox 1063 1904 1172 1979; x_wconf 86' lang='lat' dir='ltr'><strong>super</strong></span> <span class='ocrx_word' id='word_1_100' title='bbox 1189 1878 1253 1954; x_wconf 89' lang='lat' dir='ltr'><strong>illo</strong></span> 
     </span>
     <span class='ocr_line' id='line_1_16' title="bbox 185 1997 378 2098; baseline -0.016 -26"><span class='ocrx_word' id='word_1_101' title='bbox 185 1997 378 2098; x_wconf 73' lang='lat' dir='ltr'><strong>prompsit.</strong></span> 
     </span>
    </p>

    <p class='ocr_par' dir='ltr' id='par_1_8' title="bbox 325 2162 978 2239">
     <span class='ocr_line' id='line_1_17' title="bbox 325 2162 978 2239; baseline -0.002 -18"><span class='ocrx_word' id='word_1_102' title='bbox 325 2162 472 2221; x_wconf 78' lang='lat' dir='ltr'><strong>Allaiencia</strong></span> <span class='ocrx_word' id='word_1_103' title='bbox 484 2165 569 2220; x_wconf 83' lang='lat' dir='ltr'><strong>heroa</strong></span> <span class='ocrx_word' id='word_1_104' title='bbox 580 2164 742 2221; x_wconf 82' lang='lat' dir='ltr'><strong>Gualteriua</strong></span> <span class='ocrx_word' id='word_1_105' title='bbox 754 2165 802 2220; x_wconf 89' lang='lat' dir='ltr'><strong>hic</strong></span> <span class='ocrx_word' id='word_1_106' title='bbox 813 2165 978 2239; x_wconf 72' lang='lat' dir='ltr'><strong>requiescit,</strong></span> 
     </span>
    </p>

    <p class='ocr_par' dir='ltr' id='par_1_9' title="bbox 326 2253 893 2328">
     <span class='ocr_line' id='line_1_18' title="bbox 326 2253 893 2328; baseline 0.002 -21"><span class='ocrx_word' id='word_1_107' title='bbox 326 2253 361 2307; x_wconf 94' lang='lat' dir='ltr'><strong>In</strong></span> <span class='ocrx_word' id='word_1_108' title='bbox 372 2253 469 2328; x_wconf 85' lang='lat' dir='ltr'><strong>requie</strong></span> <span class='ocrx_word' id='word_1_109' title='bbox 480 2272 543 2310; x_wconf 83' lang='lat' dir='ltr'><strong>vera</strong></span> <span class='ocrx_word' id='word_1_110' title='bbox 554 2255 632 2310; x_wconf 88' lang='lat' dir='ltr'><strong>locua</strong></span> <span class='ocrx_word' id='word_1_111' title='bbox 643 2253 684 2310; x_wconf 91' lang='lat' dir='ltr'><strong>illi</strong></span> <span class='ocrx_word' id='word_1_112' title='bbox 695 2264 831 2328; x_wconf 89' lang='lat' dir='ltr'><strong>perpetuo</strong></span> <span class='ocrx_word' id='word_1_113' title='bbox 843 2254 893 2309; x_wconf 81' lang='lat' dir='ltr'><strong>ait!</strong></span> 
     </span>
    </p>

    <p class='ocr_par' dir='ltr' id='par_1_10' title="bbox 326 2340 963 2416">
     <span class='ocr_line' id='line_1_19' title="bbox 326 2340 963 2416; baseline 0.005 -18"><span class='ocrx_word' id='word_1_114' title='bbox 326 2340 439 2416; x_wconf 74' lang='lat' dir='ltr'><strong>Viginti</strong></span> <span class='ocrx_word' id='word_1_115' title='bbox 452 2353 559 2416; x_wconf 72' lang='lat' dir='ltr'><strong>septem</strong></span> <span class='ocrx_word' id='word_1_116' title='bbox 571 2344 642 2400; x_wconf 80' lang='lat' dir='ltr'><strong>colea</strong></span> <span class='ocrx_word' id='word_1_117' title='bbox 651 2343 710 2416; x_wconf 86' lang='lat' dir='ltr'><strong>jam</strong></span> <span class='ocrx_word' id='word_1_118' title='bbox 724 2346 814 2399; x_wconf 84' lang='lat' dir='ltr'><strong>maiua</strong></span> <span class='ocrx_word' id='word_1_119' title='bbox 827 2343 963 2414; x_wconf 75' lang='lat' dir='ltr'><strong>habelint,</strong></span> 
     </span>
    </p>

    <p class='ocr_par' dir='ltr' id='par_1_11' title="bbox 327 2433 1112 2509">
     <span class='ocr_line' id='line_1_20' title="bbox 327 2433 1112 2509; baseline 0.003 -21"><span class='ocrx_word' id='word_1_120' title='bbox 327 2433 402 2489; x_wconf 83' lang='lat' dir='ltr'><strong>Dum</strong></span> <span class='ocrx_word' id='word_1_121' title='bbox 415 2434 458 2489; x_wconf 82' lang='lat' dir='ltr'><strong>vir</strong></span> <span class='ocrx_word' id='word_1_122' title='bbox 469 2434 517 2490; x_wconf 93' lang='lat' dir='ltr'><strong>hic</strong></span> <span class='ocrx_word' id='word_1_123' title='bbox 532 2435 561 2490; x_wconf 93' lang='lat' dir='ltr'><strong>in</strong></span> <span class='ocrx_word' id='word_1_124' title='bbox 573 2434 702 2491; x_wconf 83' lang='lat' dir='ltr'><strong>monachi</strong></span> <span class='ocrx_word' id='word_1_125' title='bbox 714 2435 809 2490; x_wconf 85' lang='lat' dir='ltr'><strong>tunica</strong></span> <span class='ocrx_word' id='word_1_126' title='bbox 821 2434 857 2491; x_wconf 85' lang='lat' dir='ltr'><strong>de</strong></span> <span class='ocrx_word' id='word_1_127' title='bbox 870 2454 980 2492; x_wconf 69' lang='lat' dir='ltr'><strong>carcere</strong></span> <span class='ocrx_word' id='word_1_128' title='bbox 994 2436 1112 2509; x_wconf 80' lang='lat' dir='ltr'><strong>migrat,</strong></span> 
     </span>
    </p>
   </div>
   <div class='ocr_carea' id='block_1_4' title="bbox 325 2522 1183 2690">
    <p class='ocr_par' dir='ltr' id='par_1_12' title="bbox 325 2522 1183 2690">
     <span class='ocr_line' id='line_1_21' title="bbox 328 2522 1011 2611; baseline 0.003 -34"><span class='ocrx_word' id='word_1_129' title='bbox 328 2522 420 2594; x_wconf 87' lang='lat' dir='ltr'><strong>Quem</strong></span> <span class='ocrx_word' id='word_1_130' title='bbox 432 2522 532 2597; x_wconf 74' lang='lat' dir='ltr'><strong>longua</strong></span> <span class='ocrx_word' id='word_1_131' title='bbox 542 2523 640 2598; x_wconf 75' lang='lat' dir='ltr'><strong>langor</strong></span> <span class='ocrx_word' id='word_1_132' title='bbox 650 2525 834 2593; x_wconf 79' lang='lat' dir='ltr'><strong>cruciaverat,</strong></span> <span class='ocrx_word' id='word_1_133' title='bbox 847 2526 907 2599; x_wconf 79' lang='lat' dir='ltr'><strong>ipse</strong></span> <span class='ocrx_word' id='word_1_134' title='bbox 919 2536 1011 2611; x_wconf 79' lang='lat' dir='ltr'><strong>reatus</strong></span> 
     </span>
     <span class='ocr_line' id='line_1_22' title="bbox 325 2613 1183 2690; baseline -0.001 -19"><span class='ocrx_word' id='word_1_135' title='bbox 325 2613 474 2671; x_wconf 83' lang='lat' dir='ltr'><strong>Conleeaua</strong></span> <span class='ocrx_word' id='word_1_136' title='bbox 487 2618 629 2690; x_wconf 81' lang='lat' dir='ltr'><strong>proprios,</strong></span> <span class='ocrx_word' id='word_1_137' title='bbox 641 2634 691 2689; x_wconf 89' lang='lat' dir='ltr'><strong>per</strong></span> <span class='ocrx_word' id='word_1_138' title='bbox 698 2626 728 2670; x_wconf 86' lang='lat' dir='ltr'><strong>te</strong></span> <span class='ocrx_word' id='word_1_139' title='bbox 740 2616 789 2682; x_wconf 81' lang='lat' dir='ltr'><strong>tit,</strong></span> <span class='ocrx_word' id='word_1_140' title='bbox 804 2615 930 2684; x_wconf 74' lang='lat' dir='ltr'><strong>Christe,</strong></span> <span class='ocrx_word' id='word_1_141' title='bbox 947 2614 1067 2671; x_wconf 87' lang='lat' dir='ltr'><strong>eolutua!</strong></span> <span class='ocrx_word' id='word_1_142' title='bbox 1082 2617 1183 2672; x_wconf 79' lang='lat' dir='ltr'><strong>Amen.</strong></span> 
     </span>
    </p>
   </div>
   <div class='ocr_carea' id='block_1_5' title="bbox 102 2766 1258 3661">
    <p class='ocr_par' dir='ltr' id='par_1_13' title="bbox 102 2766 1258 3661">
     <span class='ocr_line' id='line_1_23' title="bbox 236 2766 1258 2870; baseline 0.007 -34"><span class='ocrx_word' id='word_1_143' title='bbox 236 2766 414 2842; x_wconf 81' lang='lat' dir='ltr'><strong>Defuncto</strong></span> <span class='ocrx_word' id='word_1_144' title='bbox 424 2767 632 2860; x_wconf 82' lang='lat' dir='ltr'><strong>Gualterio,</strong></span> <span class='ocrx_word' id='word_1_145' title='bbox 649 2784 805 2870; x_wconf 85' lang='lat' dir='ltr'><strong>quatuor</strong></span> <span class='ocrx_word' id='word_1_146' title='bbox 815 2769 942 2869; x_wconf 89' lang='lat' dir='ltr'><strong>pupilli</strong></span> <span class='ocrx_word' id='word_1_147' title='bbox 958 2768 1105 2844; x_wconf 85' lang='lat' dir='ltr'><strong>desolati</strong></span> <span class='ocrx_word' id='word_1_148' title='bbox 1117 2795 1258 2843; x_wconf 86' lang='lat' dir='ltr'><strong>reman-</strong></span> 
     </span>
     <span class='ocr_line' id='line_1_24' title="bbox 187 2885 1254 2983; baseline 0.005 -28"><span class='ocrx_word' id='word_1_149' title='bbox 187 2900 339 2957; x_wconf 86' lang='lat' dir='ltr'><strong>serunt:</strong></span> <span class='ocrx_word' id='word_1_150' title='bbox 364 2885 537 2960; x_wconf 83' lang='lat' dir='ltr'><strong>Ricardus</strong></span> <span class='ocrx_word' id='word_1_151' title='bbox 553 2902 590 2960; x_wconf 87' lang='lat' dir='ltr'><strong>et</strong></span> <span class='ocrx_word' id='word_1_152' title='bbox 615 2886 815 2976; x_wconf 78' lang='lat' dir='ltr'><strong>londanus,</strong></span> <span class='ocrx_word' id='word_1_153' title='bbox 839 2887 1042 2961; x_wconf 86' lang='lat' dir='ltr'><strong>Gualterius</strong></span> <span class='ocrx_word' id='word_1_154' title='bbox 1066 2903 1102 2962; x_wconf 89' lang='lat' dir='ltr'><strong>et</strong></span> <span class='ocrx_word' id='word_1_155' title='bbox 1117 2886 1254 2983; x_wconf 56' lang='lat' dir='ltr'><strong>Heliam</strong></span> 
     </span>
     <span class='ocr_line' id='line_1_25' title="bbox 187 3003 1257 3106; baseline 0.006 -34"><span class='ocrx_word' id='word_1_156' title='bbox 187 3027 277 3100; x_wconf 88' lang='lat' dir='ltr'><strong>quos</strong></span> <span class='ocrx_word' id='word_1_157' title='bbox 293 3003 468 3078; x_wconf 89' lang='lat' dir='ltr'><strong>Henricus</strong></span> <span class='ocrx_word' id='word_1_158' title='bbox 484 3029 549 3078; x_wconf 83' lang='lat' dir='ltr'><strong>rex</strong></span> <span class='ocrx_word' id='word_1_159' title='bbox 566 3005 601 3076; x_wconf 88' lang='lat' dir='ltr'><strong>in</strong></span> <span class='ocrx_word' id='word_1_160' title='bbox 615 3031 675 3077; x_wconf 90' lang='lat' dir='ltr'><strong>sua</strong></span> <span class='ocrx_word' id='word_1_161' title='bbox 695 3004 804 3078; x_wconf 87' lang='lat' dir='ltr'><strong>tutela</strong></span> <span class='ocrx_word' id='word_1_162' title='bbox 820 3005 991 3104; x_wconf 80' lang='lat' dir='ltr'><strong>suscepit,</strong></span> <span class='ocrx_word' id='word_1_163' title='bbox 1006 3021 1043 3078; x_wconf 85' lang='lat' dir='ltr'><strong>et</strong></span> <span class='ocrx_word' id='word_1_164' title='bbox 1056 3004 1257 3106; x_wconf 81' lang='lat' dir='ltr'><strong>Alsagiense</strong></span> 
     </span>
     <span class='ocr_line' id='line_1_26' title="bbox 183 3116 1258 3222; baseline 0.004 -31"><span class='ocrx_word' id='word_1_165' title='bbox 183 3121 242 3219; x_wconf 78' lang='lat' dir='ltr'><strong>jus</strong></span> <span class='ocrx_word' id='word_1_166' title='bbox 255 3116 442 3195; x_wconf 78' lang='lat' dir='ltr'><strong>liudberto</strong></span> <span class='ocrx_word' id='word_1_167' title='bbox 456 3121 656 3195; x_wconf 77' lang='lat' dir='ltr'><strong>vicecomiti</strong></span> <span class='ocrx_word' id='word_1_168' title='bbox 675 3118 816 3194; x_wconf 83' lang='lat' dir='ltr'><strong>duobus</strong></span> <span class='ocrx_word' id='word_1_169' title='bbox 837 3121 940 3193; x_wconf 86' lang='lat' dir='ltr'><strong>annis</strong></span> <span class='ocrx_word' id='word_1_170' title='bbox 953 3119 1151 3222; x_wconf 83' lang='lat' dir='ltr'><strong>regendum</strong></span> <span class='ocrx_word' id='word_1_171' title='bbox 1166 3147 1258 3220; x_wconf 83' lang='lat' dir='ltr'><strong>prae-</strong></span> 
     </span>
     <span class='ocr_line' id='line_1_27' title="bbox 188 3233 1258 3334; baseline 0.004 -27"><span class='ocrx_word' id='word_1_172' title='bbox 188 3235 296 3334; x_wconf 89' lang='lat' dir='ltr'><strong>cepit.</strong></span> <span class='ocrx_word' id='word_1_173' title='bbox 313 3236 429 3312; x_wconf 90' lang='lat' dir='ltr'><strong>Porro</strong></span> <span class='ocrx_word' id='word_1_174' title='bbox 445 3235 625 3311; x_wconf 86' lang='lat' dir='ltr'><strong>Jordanus</strong></span> <span class='ocrx_word' id='word_1_175' title='bbox 642 3233 687 3309; x_wconf 92' lang='lat' dir='ltr'><strong>de</strong></span> <span class='ocrx_word' id='word_1_176' title='bbox 708 3236 891 3309; x_wconf 83' lang='lat' dir='ltr'><strong>Salcavilla</strong></span> <span class='ocrx_word' id='word_1_177' title='bbox 909 3237 1062 3309; x_wconf 84' lang='lat' dir='ltr'><strong>servitiis</strong></span> <span class='ocrx_word' id='word_1_178' title='bbox 1081 3253 1118 3311; x_wconf 83' lang='lat' dir='ltr'><strong>et</strong></span> <span class='ocrx_word' id='word_1_179' title='bbox 1134 3262 1258 3311; x_wconf 88' lang='lat' dir='ltr'><strong>mune·</strong></span> 
     </span>
     <span class='ocr_line' id='line_1_28' title="bbox 102 3351 1256 3456; baseline 0.007 -34"><span class='ocrx_word' id='word_1_180' title='bbox 102 3392 109 3404; x_wconf 91' lang='lat'><strong>·</strong></span> <span class='ocrx_word' id='word_1_181' title='bbox 190 3351 289 3425; x_wconf 83' lang='lat' dir='ltr'><strong>ribus</strong></span> <span class='ocrx_word' id='word_1_182' title='bbox 302 3356 377 3455; x_wconf 81' lang='lat' dir='ltr'><strong>regi</strong></span> <span class='ocrx_word' id='word_1_183' title='bbox 393 3352 523 3427; x_wconf 82' lang='lat' dir='ltr'><strong>oblatis</strong></span> <span class='ocrx_word' id='word_1_184' title='bbox 539 3368 655 3427; x_wconf 84' lang='lat' dir='ltr'><strong>totum</strong></span> <span class='ocrx_word' id='word_1_185' title='bbox 660 3354 721 3454; x_wconf 87' lang='lat' dir='ltr'><strong>jus</strong></span> <span class='ocrx_word' id='word_1_186' title='bbox 737 3352 913 3447; x_wconf 88' lang='lat' dir='ltr'><strong>obtinuit,</strong></span> <span class='ocrx_word' id='word_1_187' title='bbox 930 3354 1095 3456; x_wconf 76' lang='lat' dir='ltr'><strong>ipsosque</strong></span> <span class='ocrx_word' id='word_1_188' title='bbox 1108 3371 1256 3455; x_wconf 78' lang='lat' dir='ltr'><strong>nepotes</strong></span> 
     </span>
     <span class='ocr_line' id='line_1_29' title="bbox 189 3469 1257 3571; baseline 0.004 -33"><span class='ocrx_word' id='word_1_189' title='bbox 189 3493 270 3542; x_wconf 82' lang='lat' dir='ltr'><strong>suos</strong></span> <span class='ocrx_word' id='word_1_190' title='bbox 286 3469 424 3542; x_wconf 84' lang='lat' dir='ltr'><strong>ulturus</strong></span> <span class='ocrx_word' id='word_1_191' title='bbox 440 3495 524 3542; x_wconf 93' lang='lat' dir='ltr'><strong>cum</strong></span> <span class='ocrx_word' id='word_1_192' title='bbox 539 3469 762 3567; x_wconf 83' lang='lat' dir='ltr'><strong>patrimonio</strong></span> <span class='ocrx_word' id='word_1_193' title='bbox 775 3496 840 3545; x_wconf 82' lang='lat' dir='ltr'><strong>suo</strong></span> <span class='ocrx_word' id='word_1_194' title='bbox 856 3469 1098 3568; x_wconf 86' lang='lat' dir='ltr'><strong>recuperavit,</strong></span> <span class='ocrx_word' id='word_1_195' title='bbox 1118 3486 1154 3542; x_wconf 87' lang='lat' dir='ltr'><strong>et</strong></span> <span class='ocrx_word' id='word_1_196' title='bbox 1166 3496 1257 3571; x_wconf 82' lang='lat' dir='ltr'><strong>qua-</strong></span> 
     </span>
     <span class='ocr_line' id='line_1_30' title="bbox 190 3584 1258 3661; baseline 0.001 -3"><span class='ocrx_word' id='word_1_197' title='bbox 190 3602 274 3661; x_wconf 86' lang='lat' dir='ltr'><strong>tuor</strong></span> <span class='ocrx_word' id='word_1_198' title='bbox 285 3588 390 3660; x_wconf 87' lang='lat' dir='ltr'><strong>nnnis</strong></span> <span class='ocrx_word' id='word_1_199' title='bbox 404 3584 605 3660; x_wconf 86' lang='lat' dir='ltr'><strong>honorilice</strong></span> <span class='ocrx_word' id='word_1_200' title='bbox 617 3588 843 3661; x_wconf 82' lang='lat' dir='ltr'><strong>conservavit</strong></span> <span class='ocrx_word' id='word_1_201' title='bbox 856 3603 893 3660; x_wconf 88' lang='lat' dir='ltr'><strong>et</strong></span> <span class='ocrx_word' id='word_1_202' title='bbox 909 3588 1021 3660; x_wconf 83' lang='lat' dir='ltr'><strong>auxit.</strong></span> <span class='ocrx_word' id='word_1_203' title='bbox 1042 3588 1182 3661; x_wconf 83' lang='lat' dir='ltr'><strong>Interea</strong></span> <span class='ocrx_word' id='word_1_204' title='bbox 1197 3588 1258 3660; x_wconf 86' lang='lat' dir='ltr'><strong>Ri-</strong></span> 
     </span>
    </p>
   </div>
   <div class='ocr_carea' id='block_1_6' title="bbox 191 3794 1259 4149">
    <p class='ocr_par' dir='ltr' id='par_1_14' title="bbox 191 3794 1259 4149">
     <span class='ocr_line' id='line_1_31' title="bbox 226 3794 1258 3882; baseline 0.001 -21"><span class='ocrx_word' id='word_1_205' title='bbox 226 3808 265 3875; x_wconf 84' lang='lat' dir='ltr'><strong>(r)</strong></span> <span class='ocrx_word' id='word_1_206' title='bbox 283 3807 320 3860; x_wconf 89' lang='lat' dir='ltr'><strong>Le</strong></span> <span class='ocrx_word' id='word_1_207' title='bbox 340 3822 373 3859; x_wconf 81' lang='lat' dir='ltr'><strong>aa</strong></span> <span class='ocrx_word' id='word_1_208' title='bbox 393 3805 506 3875; x_wconf 73' lang='lat' dir='ltr'><strong>levrici,</strong></span> <span class='ocrx_word' id='word_1_209' title='bbox 528 3807 594 3880; x_wconf 87' lang='lat' dir='ltr'><strong>jour</strong></span> <span class='ocrx_word' id='word_1_210' title='bbox 616 3807 716 3882; x_wconf 87' lang='lat' dir='ltr'><strong>auquel</strong></span> <span class='ocrx_word' id='word_1_211' title='bbox 735 3794 844 3881; x_wconf 75' lang='lat' dir='ltr'><strong>l&#39;Egliee</strong></span> <span class='ocrx_word' id='word_1_212' title='bbox 865 3806 974 3863; x_wconf 68' lang='lat' dir='ltr'><strong>celebre</strong></span> <span class='ocrx_word' id='word_1_213' title='bbox 996 3806 1200 3863; x_wconf 83' lang='lat' dir='ltr'><strong>l’anuiveraaire</strong></span> <span class='ocrx_word' id='word_1_214' title='bbox 1222 3806 1258 3862; x_wconf 87' lang='lat' dir='ltr'><strong>de</strong></span> 
     </span>
     <span class='ocr_line' id='line_1_32' title="bbox 191 3892 1258 3969; baseline 0.003 -23"><span class='ocrx_word' id='word_1_215' title='bbox 191 3893 380 3950; x_wconf 80' lang='lat' dir='ltr'><strong>l’inatnllation</strong></span> <span class='ocrx_word' id='word_1_216' title='bbox 395 3892 431 3948; x_wconf 89' lang='lat' dir='ltr'><strong>de</strong></span> <span class='ocrx_word' id='word_1_217' title='bbox 450 3894 523 3949; x_wconf 79' lang='lat' dir='ltr'><strong>caint</strong></span> <span class='ocrx_word' id='word_1_218' title='bbox 543 3894 639 3951; x_wconf 82' lang='lat' dir='ltr'><strong>Pierre</strong></span> <span class='ocrx_word' id='word_1_219' title='bbox 661 3914 769 3951; x_wconf 89' lang='lat' dir='ltr'><strong>comme</strong></span> <span class='ocrx_word' id='word_1_220' title='bbox 790 3895 947 3969; x_wconf 85' lang='lat' dir='ltr'><strong>patriarche</strong></span> <span class='ocrx_word' id='word_1_221' title='bbox 966 3894 1150 3964; x_wconf 83' lang='lat' dir='ltr'><strong>d’Antioche,</strong></span> <span class='ocrx_word' id='word_1_222' title='bbox 1172 3895 1258 3969; x_wconf 87' lang='lat' dir='ltr'><strong>qn’on</strong></span> 
     </span>
     <span class='ocr_line' id='line_1_33' title="bbox 191 3984 1259 4062; baseline -0.002 -22"><span class='ocrx_word' id='word_1_223' title='bbox 191 4001 311 4058; x_wconf 77' lang='lat' dir='ltr'><strong>suppose</strong></span> <span class='ocrx_word' id='word_1_224' title='bbox 329 3984 405 4038; x_wconf 82' lang='lat' dir='ltr'><strong>avoir</strong></span> <span class='ocrx_word' id='word_1_225' title='bbox 425 4002 461 4039; x_wconf 89' lang='lat' dir='ltr'><strong>eu</strong></span> <span class='ocrx_word' id='word_1_226' title='bbox 481 3984 537 4040; x_wconf 88' lang='lat' dir='ltr'><strong>lieu</strong></span> <span class='ocrx_word' id='word_1_227' title='bbox 552 3984 577 4040; x_wconf 90' lang='lat' dir='ltr'><strong>le</strong></span> <span class='ocrx_word' id='word_1_228' title='bbox 596 4002 629 4039; x_wconf 81' lang='lat' dir='ltr'><strong>aa</strong></span> <span class='ocrx_word' id='word_1_229' title='bbox 646 3984 802 4062; x_wconf 76' lang='lat' dir='ltr'><strong>ferrier57.</strong></span> <span class='ocrx_word' id='word_1_230' title='bbox 813 3986 859 4043; x_wconf 93' lang='lat' dir='ltr'><strong>On</strong></span> <span class='ocrx_word' id='word_1_231' title='bbox 872 3995 1003 4058; x_wconf 88' lang='lat' dir='ltr'><strong>rapporte</strong></span> <span class='ocrx_word' id='word_1_232' title='bbox 1014 4003 1049 4039; x_wconf 89' lang='lat' dir='ltr'><strong>au</strong></span> <span class='ocrx_word' id='word_1_233' title='bbox 1067 3984 1099 4041; x_wconf 76' lang='lat'><strong>18</strong></span> <span class='ocrx_word' id='word_1_234' title='bbox 1105 3985 1213 4057; x_wconf 79' lang='lat' dir='ltr'><strong>janvier</strong></span> <span class='ocrx_word' id='word_1_235' title='bbox 1224 3987 1259 4051; x_wconf 70' lang='lat' dir='ltr'><strong>ll</strong></span> 
     </span>
     <span class='ocr_line' id='line_1_34' title="bbox 192 4072 1259 4149; baseline 0 -21"><span class='ocrx_word' id='word_1_236' title='bbox 192 4092 242 4128; x_wconf 87' lang='lat' dir='ltr'><strong>eon</strong></span> <span class='ocrx_word' id='word_1_237' title='bbox 252 4072 480 4130; x_wconf 76' lang='lat' dir='ltr'><strong>etablicecmentl</strong></span> <span class='ocrx_word' id='word_1_238' title='bbox 493 4073 592 4130; x_wconf 87' lang='lat' dir='ltr'><strong>Rome.</strong></span> <span class='ocrx_word' id='word_1_239' title='bbox 604 4076 657 4130; x_wconf 83' lang='lat' dir='ltr'><strong>Cea</strong></span> <span class='ocrx_word' id='word_1_240' title='bbox 670 4074 742 4131; x_wconf 78' lang='lat' dir='ltr'><strong>deux</strong></span> <span class='ocrx_word' id='word_1_241' title='bbox 754 4075 835 4144; x_wconf 72' lang='lat' dir='ltr'><strong>letes,</strong></span> <span class='ocrx_word' id='word_1_242' title='bbox 844 4076 892 4149; x_wconf 93' lang='lat' dir='ltr'><strong>qni</strong></span> <span class='ocrx_word' id='word_1_243' title='bbox 907 4085 1065 4130; x_wconf 86' lang='lat' dir='ltr'><strong>remontent</strong></span> <span class='ocrx_word' id='word_1_244' title='bbox 1078 4079 1092 4130; x_wconf 75' lang='lat' dir='ltr'><strong>l</strong></span> <span class='ocrx_word' id='word_1_245' title='bbox 1105 4092 1160 4129; x_wconf 87' lang='lat' dir='ltr'><strong>unc</strong></span> <span class='ocrx_word' id='word_1_246' title='bbox 1173 4074 1259 4129; x_wconf 80' lang='lat' dir='ltr'><strong>hante</strong></span> 
     </span>
    </p>
   </div>
   <div class='ocr_carea' id='block_1_7' title="bbox 191 4164 1022 4238">
    <p class='ocr_par' dir='ltr' id='par_1_15' title="bbox 191 4164 1022 4238">
     <span class='ocr_line' id='line_1_35' title="bbox 191 4164 1022 4238; baseline 0 -20"><span class='ocrx_word' id='word_1_247' title='bbox 191 4164 345 4237; x_wconf 65' lang='lat' dir='ltr'><strong>antiquitt,</strong></span> <span class='ocrx_word' id='word_1_248' title='bbox 358 4176 469 4238; x_wconf 87' lang='lat' dir='ltr'><strong>portent</strong></span> <span class='ocrx_word' id='word_1_249' title='bbox 481 4165 506 4220; x_wconf 92' lang='lat' dir='ltr'><strong>le</strong></span> <span class='ocrx_word' id='word_1_250' title='bbox 519 4184 584 4223; x_wconf 88' lang='lat' dir='ltr'><strong>nom</strong></span> <span class='ocrx_word' id='word_1_251' title='bbox 597 4165 633 4222; x_wconf 85' lang='lat' dir='ltr'><strong>de</strong></span> <span class='ocrx_word' id='word_1_252' title='bbox 644 4167 761 4223; x_wconf 81' lang='lat' dir='ltr'><strong>Chairea</strong></span> <span class='ocrx_word' id='word_1_253' title='bbox 773 4166 809 4221; x_wconf 89' lang='lat' dir='ltr'><strong>de</strong></span> <span class='ocrx_word' id='word_1_254' title='bbox 824 4166 1022 4223; x_wconf 65' lang='lat' dir='ltr'><strong>&amp;int-Pierrc.</strong></span> 
     </span>
    </p>
   </div>
   <div class='ocr_carea' id='block_1_8' title="bbox 0 0 1459 4934">
    <p class='ocr_par' dir='ltr' id='par_1_16' title="bbox 0 0 1459 4934">
     <span class='ocr_line' id='line_1_36' title="bbox 0 0 1459 4934; baseline 0 0"><span class='ocrx_word' id='word_1_255' title='bbox 0 0 1459 4934; x_wconf 95' lang='lat' dir='ltr'><strong> </strong></span> 
     </span>
    </p>
   </div>
  </div>
 </body>
</html>
