2888 4934
201 369 243 431 ot
475 370 657 431 HISTORIA
679 371 980 436 occtltsttsttct.
1090 372 1253 451 [560-596]

203 504 239 573 in
276 500 374 574 bono
403 527 531 600 opere,
557 505 760 602 exemplum
792 503 894 578 fieret
918 506 1056 577 eaeteris
1084 503 1255 604 regularis

200 615 409 715 disciplinae.
428 617 495 711 Qui
512 618 593 691 licet
611 618 840 692 vehementer
862 618 1003 692 arderet
1016 618 1117 691 adire
1139 644 1254 693 remo

202 735 300 808 tioris
322 733 451 807 deserti
472 736 567 822 locu,
592 753 628 809 et
653 737 840 811 bominum
857 736 1035 811 declinare
1053 737 1252 825 consortia,

199 851 423 950 prudentiori
451 868 567 925 tamen
597 855 747 929 consilio
767 853 979 927 deliberavit
996 879 1156 953 praesens
1172 878 1255 952 pro·

196 968 294 1042 desse
323 970 513 1058 exercitui,
544 972 641 1070 cujus
662 970 736 1043 dux
762 989 869 1072 atque
895 973 1063 1072 magister
1086 971 1255 1043 extiterat

198 1087 385 1185 propositi.
407 1086 568 1158 Metuens
589 1086 772 1176 videlicet,
789 1091 817 1161 si
841 1114 877 1160 sc
892 1087 1114 1162 fundamenti
1129 1102 1254 1161 auctor

198 1203 441 1293 subtraheret,
457 1230 545 1303 opus
558 1203 696 1277 aedilicii
713 1208 863 1305 prbpter
872 1207 1069 1279 novitatem
1084 1203 1254 1303 aliquate-

199 1348 264 1392 nus
276 1321 476 1410 vacillaret,
491 1320 714 1418 praeearcbat
727 1349 792 1410 ne,
806 1321 892 1396 dnm
908 1323 975 1394 sibi
992 1323 1113 1395 locum
1123 1320 1253 1421 quietis

195 1436 421 1536 provideret,
448 1438 526 1509 aliis
552 1436 807 1510 detrimentum
832 1441 939 1513 foret.
974 1438 1134 1511 Persistit
1165 1462 1253 1537 ergo

194 1557 361 1652 princeps
377 1556 594 1653 agonizantis
613 1557 669 1652 (r)
687 1558 877 1639 exereitus,
890 1573 926 1629 et
944 1559 980 1628 in
1001 1557 1074 1628 acie
1091 1572 1133 1627 ut
1150 1554 1252 1627 miles

194 1698 372 1770 pugnans,
390 1688 427 1743 et
448 1688 547 1745 extra
572 1673 685 1745 aciem
711 1691 751 1744 ut
768 1675 870 1746 fortis
895 1675 1024 1748 ductor
1050 1700 1117 1772 per
1138 1674 1253 1745 incre·

193 1802 311 1858 menta
327 1788 502 1857 virtutum
522 1812 595 1859 sese
610 1788 827 1885 proferendo
847 1788 1053 1860 sublimans.
1073 1789 1183 1886 Cujus
1198 1810 1252 1859 ce·

194 1900 383 1974 leberrima
400 1904 594 1974 sanctitatis
607 1906 731 2001 opinio
747 1906 919 2002 plurimas
936 1929 1150 2002 percurrens
1170 1928 1252 2001 pro

193 2021 342 2108 vineias,
360 2020 403 2091 ad
420 2020 573 2117 ejusdem
584 2023 811 2119 professionis
828 2023 1052 2118 (luctamen)
1067 2024 1121 2117 (a)
1133 2020 1250 2093 felices

192 2153 228 2208 ct
253 2153 429 2223 strenuas,
454 2136 637 2236 Deumque
661 2153 857 2209 metuentes
880 2162 1046 2234 personas
1071 2136 1247 2210 illexerat.

191 2250 396 2322 Tradebant
413 2268 532 2324 autem
552 2253 657 2325 beato
674 2254 754 2325 riro
770 2251 912 2340 domos,
939 2252 1093 2350 praedia,
1118 2276 1251 2349 posses·

188 2367 304 2437 siones
316 2381 351 2436 ct
362 2366 528 2454 familias,
544 2384 710 2466 rogantes
724 2384 764 2439 ut
783 2369 833 2440 eis
846 2369 1059 2440 monasteria
1079 2363 1248 2439 edificari

188 2484 418 2580 praeciperet,
435 2499 470 2555 et
482 2483 647 2557 ordinem
659 2511 766 2583 quem
783 2485 890 2558 rellet
903 2487 985 2558 ritae
999 2485 1111 2557 solers
1125 2499 1250 2582 pastor

190 2603 404 2698 imponeret.
426 2602 589 2694 Quorum
611 2601 845 2701 petitionibus
866 2606 924 2675 rir
945 2620 1084 2675 sanctus
1105 2599 1250 2700 adquie-

188 2719 258 2805 vit,
273 2734 310 2791 et
324 2744 373 2792 xv
390 2721 603 2791 monasteria
616 2721 777 2792 virorum
792 2745 854 2792 sen
867 2722 1058 2793 mulierum
1076 2718 1249 2817 regulari·

188 2853 242 2907 ter
264 2838 434 2926 instituit,
461 2852 497 2907 et
523 2838 670 2936 siugulis
696 2836 953 2935 probatissimae
974 2840 1057 2908 ritae
1078 2860 1248 2934 personas

186 2955 356 3050 praefecit.
387 2956 463 3051 lpse
486 2972 604 3026 autern
626 2956 776 3052 proprio
799 2953 988 3036 coenobio,
1020 2952 1118 3052 quod
1146 2953 1249 3052 prius

186 3066 422 3140 aetliliearerat
436 3070 616 3165 (praefuit)
634 3071 701 3163 (δῖ,
723 3071 845 3168 inquo
857 3071 992 3169 jugiter
1007 3070 1044 3140 in
1060 3069 1124 3139 Dei
1138 3069 1249 3140 servi·

188 3185 238 3254 tio
251 3185 462 3280 pennansit,
478 3184 669 3258 exhortans
684 3188 809 3259 fratres
827 3219 846 3256 a
856 3187 900 3258 ad
912 3188 1038 3259 altiora
1056 3182 1243 3285 progredi,

185 3318 220 3372 et
238 3302 487 3398 pertimescere
511 3303 746 3376 multiformes
767 3305 908 3377 iusidias
930 3303 1077 3376 diaboli.
1102 3334 1120 3371 a
1138 3303 1247 3375 Fama

182 3419 376 3491 sanctitatis
394 3418 483 3490 tanti
506 3421 616 3517 patris
638 3424 802 3518 persenit
828 3422 872 3493 ad
899 3447 1000 3494 aures
1018 3422 1245 3518 principum,

184 3536 244 3635 qui
261 3535 483 3634 temporibus
500 3536 569 3607 illis
581 3538 677 3609 frena
695 3539 797 3636 regni
813 3553 983 3610 rexerunt
1002 3537 1242 3625 Francorum,

182 3654 242 3751 qui
258 3679 372 3752 nuper
388 3653 549 3727 submissi
562 3656 702 3728 fuerant
719 3656 788 3727 leni
798 3659 886 3755 jugo
897 3655 1200 3727 Christianorum.

190 3801 790 3817 h——m--n-———-
800 3808 893 3816 ...-
1180 3807 1243 3819 -q

215 3881 255 3950 (r)
267 3880 453 3936 Combattaut.
464 3883 614 3938 C'estdans
626 3862 732 3937 cesens
745 3883 829 3956 qu'ou
842 3883 884 3936 dit
898 3870 1008 3953 l’bglise
1023 3881 1172 3936 militante.

215 3968 255 4038 (a)
265 3971 308 4023 Au
322 3968 377 4023 lieu
388 3969 424 4024 dc
436 3990 467 4025 ce
476 3983 548 4033 mot.
563 3991 599 4026 ort
607 3984 703 4027 trouve
711 3972 780 4028 dans
792 3973 816 4026 la
829 3971 945 4045 legende
958 3971 1109 4041 originale:
1122 3973 1237 4039 luem,

180 4058 229 4129 qui
241 4074 256 4111 a
269 4057 294 4110 le
304 4056 394 4111 meme
406 4074 478 4113 aeus.

215 4144 254 4217 (3)
267 4148 389 4201 Proerssr
402 4148 521 4203 decrerat
542 4152 552 4201 l
560 4152 622 4204 liss.
638 4152 705 4205 llere
728 4164 756 4205 rt
769 4152 887 4217 Cuncb.)
