2888 4934
194 429 254 487 cn
441 420 625 483 nrsronn
648 421 954 484 nocensnsrrca,
977 423 1159 503 [mma.
1175 427 1272 505 ross]

193 553 369 630 consiliati
388 568 488 638 suist,
507 569 544 626 et
563 569 691 626 octavo
711 553 770 629 die
789 557 841 653 (1)
863 570 946 654 post
965 570 1104 652 captam
1132 555 1270 629 urbem

192 671 374 747 communi
397 669 547 743 consilio
569 668 809 745 Godelredum
832 671 959 746 ducem
982 671 1018 743 in
1039 696 1169 772 regem
1193 674 1268 747 ele·

192 804 336 890 gerunt.
367 787 457 860 Erat
491 785 584 860 idem
614 787 673 859 vir
699 789 790 888 regii
824 788 1026 888 sanguinis,
1061 815 1081 859 a
1116 792 1269 888 proavis

190 905 401 980 Christianae
414 903 653 1004 professionis.
668 903 878 979 Eustachius
894 906 1011 994 enim,
1032 905 1265 979 Boloniensis

192 1046 323 1109 comes,
334 1021 396 1121 qui
411 1047 494 1092 cum
506 1019 701 1093 Guillelmo
712 1020 918 1096 Scolacium
930 1021 966 1092 in
977 1018 1109 1119 anglia
1120 1020 1261 1095 bellum

190 1138 341 1238 peregit,
357 1138 462 1223 ltam,
478 1160 641 1209 sororem
654 1135 860 1224 Godesredi,
877 1136 1126 1236 Lotharingiae
1141 1138 1258 1226 ducis,

192 1267 342 1328 uxore'm
366 1252 490 1342 duxit,
510 1279 553 1327 ex
582 1280 650 1355 qna
669 1252 910 1328 Godefiednm
933 1270 969 1327 et
985 1253 1201 1329 Balduinnm
1222 1274 1260 1330 et

189 1370 419 1444 Eustachium
440 1371 583 1470 genuit3
604 1397 694 1470 quos
711 1372 825 1470 gratia
841 1371 905 1445 Dei
923 1371 1058 1445 divitiis
1074 1389 1112 1446 et
1140 1375 1261 1447 virtu-

189 1487 285 1560 tibus
302 1489 338 1560 in
354 1487 422 1561 hoc
437 1487 569 1561 saeculo
579 1486 829 1585 multipliciter
838 1486 1047 1576 honoravit,
1062 1491 1261 1589 praecipne-

188 1629 259 1704 qne
273 1605 282 1675 i
287 1632 310 1676 n
324 1602 551 1701 expeditione
566 1603 863 1701 Jerosolymitana
877 1603 1065 1702 probavit,
1086 1604 1260 1680 corrobo-

190 1720 282 1792 ravit
304 1735 410 1819 atque
433 1719 651 1791 sublimavit.
668 1719 888 1794 Godelredns
906 1722 1043 1819 itaque,
1064 1722 1130 1821 qui
1144 1725 1259 1822 maj0r

189 1851 276 1908 natu
296 1849 391 1923 erat,
417 1848 470 1906 est
493 1834 528 1905 in
553 1835 682 1907 solium
707 1837 810 1936 regni
829 1836 944 1909 David
963 1837 1058 1936 regis
1079 1837 1254 1927 elevatus,

188 1953 270 2054 quia
298 1952 453 2052 gloriose
476 1950 637 2050 vigebat,
657 1977 760 2025 more
777 1952 915 2026 Gallico
933 1953 1076 2026 militiae
1102 1956 1258 2053 peritus,

187 2085 333 2168 pectore
356 2083 392 2140 et
418 2065 566 2140 brachio
590 2068 646 2139 vir
673 2068 709 2140 in
738 2095 778 2141 re
803 2069 952 2141 militari
975 2070 1256 2162 efficacissimus,

187 2182 330 2282 dapsilis
344 2199 381 2255 et
396 2207 557 2269 serenus,
578 2182 839 2284 clementiaque
855 2182 1018 2257 floridus.

237 2301 339 2371 Tunc
359 2300 466 2369 etiam
484 2298 657 2371 Amulius
677 2298 721 2373 de
739 2301 862 2374 Zocris
878 2302 954 2400 (α),
977 2301 1036 2375 vir
1052 2302 1261 2378 eruditissi-

222 2569 261 2641 (ι)
276 2569 312 2622 Le
326 2566 446 2621 dixieme
457 2564 523 2636 jour
537 2564 701 2637 (dimanche
718 2569 753 2633 24
767 2567 890 2640 juillet),
910 2571 1019 2626 suivant
1031 2570 1152 2628 d'autres
1164 2572 1259 2629 histo-

187 2678 272 2716 nens.

222 2752 261 2822 (n)
274 2747 351 2804 Nous
364 2749 496 2820 ignorons
509 2749 647 2822 pourquoi
660 2759 741 2803 notre
753 2759 853 2804 auteur
866 2749 910 2804 n’a
924 2751 1005 2822 point
1015 2768 1119 2806 encore
1132 2752 1214 2824 parle
1225 2754 1258 2807 de

187 2860 218 2896 ce
231 2856 416 2914 personnage‚
430 2851 458 2892 et
469 2831 539 2892 n'est
551 2856 598 2911 pas
609 2841 689 2892 entre
699 2837 768 2892 dans
780 2832 889 2911 plns'de
901 2838 1000 2895 details
1011 2857 1060 2894 sur
1073 2859 1122 2895 son
1134 2854 1255 2913 compte.

187 2934 244 2989 Son
256 2944 321 2984 nom
336 2922 431 2982 n’e'nit
444 2929 524 3000 point
533 2928 675 2999 Arnalfus
685 2927 720 2981 de
733 2928 844 2996 locres,
858 2929 927 2983 mais
941 2929 1087 3003 Arnulsus
1099 2926 1136 2985 de
1148 2931 1256 2998 Ilolres,

187 3022 302 3078 castello
315 3016 469 3073 Flanclriw.
484 3017 562 3072 Nous
574 3034 693 3091 pensons
707 3035 762 3090 que
778 3035 809 3071 ce
824 3016 882 3071 lieu
899 3016 959 3072 doit
976 3018 1037 3073 dtre
1054 3018 1178 3087 nomn,
1195 3023 1257 3093 prsis

187 3109 397 3169 Valcnciennes.
412 3106 490 3159 Tous
506 3105 544 3160 les
559 3105 710 3160 historiens
726 3115 789 3161 sont
807 3103 935 3161 d'accord
948 3123 996 3160 sur
1012 3124 1062 3162 son
1076 3110 1168 3162 savoia·
1183 3118 1212 3163 et
1228 3127 1256 3162 sa

185 3201 317 3273 capacite.
332 3197 357 3252 Il
370 3196 441 3250 avait
455 3196 576 3267 professe
588 3199 603 3249 n
616 3196 689 3251 Cacn
705 3213 769 3250 avec
784 3213 839 3250 une
853 3196 958 3269 grande
972 3196 1153 3265 distinction;
1168 3198 1255 3252 Raoul

185 3296 220 3349 de
231 3294 320 3359 Cacn,
334 3288 383 3362 qui
396 3306 413 3359 y
428 3288 499 3341 avait
511 3288 555 3341 cte
567 3285 625 3340 l’un
637 3285 672 3339 de
685 3303 728 3340 ses
739 3284 841 3353 eleves,
856 3287 919 3341 n'en
930 3287 1006 3359 parle
1016 3289 1131 3360 qu'avec
1143 3290 1254 3343 rendra-

185 3385 244 3437 tion
259 3392 289 3436 ct
303 3379 519 3435 enthousiasme.
540 3378 576 3430 La
596 3377 735 3449 princesse
752 3375 857 3442 cente,
874 3376 948 3431 alors
967 3376 1131 3451 religieuse,
1148 3390 1176 3434 et
1189 3379 1252 3451 plus

186 3471 246 3527 tard
265 3470 378 3525 abbessc
400 3465 437 3520 du
458 3467 614 3520 monestere
633 3463 668 3518 de
684 3463 711 3519 la
727 3464 948 3519 &sinte-Trinite
964 3464 1001 3520 de
1020 3477 1095 3522 cette
1110 3465 1186 3532 ville,
1201 3468 1252 3540 qui

181 3564 254 3617 avait
267 3563 325 3634 pris
337 3560 409 3615 aussi
422 3557 457 3612 de
470 3575 511 3611 ses
522 3556 628 3631 lecons,
643 3555 669 3609 le
682 3555 775 3610 donna
787 3572 858 3628 pour
872 3554 1015 3629 chapelain
1030 3559 1045 3609 a
1059 3574 1110 3611 son
1123 3557 1209 3622 ltere,
1226 3555 1250 3610 le

183 3650 238 3703 duc
252 3651 372 3718 Robcrt,
389 3645 513 3720 lorsqu'il
528 3645 614 3718 partit
627 3662 697 3717 pour
710 3643 735 3697 la
751 3641 964 3711 Terre-Sainte;
978 3653 1006 3698 et
1022 3643 1044 3698 il
1058 3645 1149 3717 parait
1162 3645 1251 3698 menie

182 3756 238 3812 que
249 3757 279 3791 cc
292 3740 386 3810 prisce
398 3738 469 3791 avait
481 3736 538 3809 pris
550 3734 753 3807 l'engagement
763 3751 859 3788 envers
872 3733 924 3789 elle
936 3733 972 3789 de
984 3735 1063 3788 saisir
1075 3733 1103 3788 la
1114 3735 1251 3808 premiere

182 3827 307 3884 occasion
321 3827 458 3882 favorable
470 3826 519 3900 qni
533 3843 561 3878 se
576 3823 773 3897 presentemit‚
786 3822 821 3877 dc
834 3822 943 3878 l'elever
954 3827 969 3877 l
981 3824 1155 3897 l'dpiscopat.
1169 3823 1249 3888 odo,

181 3918 284 3991 deeque
302 3915 336 3968 de
356 3917 478 3986 Bayeux‚
501 3914 594 3990 quand
616 3913 636 3967 il
656 3923 771 3967 mourut
791 3914 807 3967 a
826 3911 965 3979 Palerme‚
984 3912 1024 3967 lui
1043 3912 1124 3968 laissa
1144 3914 1169 3968 la
1190 3913 1251 3986 plns

182 4006 285 4082 grande
299 4005 387 4078 partie
399 4004 433 4056 dn
448 4024 496 4059 son
510 4002 654 4079 splendide
667 4002 804 4058 nrobilier.
822 4003 852 4059 si
868 4002 924 4058 l’on
938 4022 973 4058 en
991 4005 1097 4076 croyait
1112 4004 1204 4060 Raonl
1218 4004 1253 4058 de

180 4101 271 4167 Caen,
291 4093 433 4152 adtremat·
449 4091 487 4145 lui
507 4096 596 4149 aurait
612 4091 804 4165 parcillement
822 4092 904 4165 legue
920 4111 961 4148 ses
976 4095 1123 4166 ponticis-s,
1143 4096 1180 4150 de
1195 4113 1250 4149 nn-
