2888 4934
558 431 677 492 LIBER
698 430 885 491 OCTAVUS.
1198 428 1257 488 453

231 564 353 657 Qualis
369 561 563 661 praedictus
577 560 705 647 doctor
719 579 803 635 ante
820 562 1014 635 Dominum
1030 577 1066 632 et
1085 558 1262 647 homines,

181 697 411 783 quantusque
426 680 554 765 luerit,
573 679 665 754 liber
677 681 761 751 vitae
775 681 862 778 ejus,
878 679 988 777 signis
1003 677 1130 776 plenus
1141 692 1178 748 et
1193 678 1265 749 v·ir·.

182 798 338 885 tutibus,
355 798 527 871 ostendit.
545 800 585 871 ln
602 798 707 898 gestis
720 799 827 870 etiarn
842 822 935 897 saepe
947 811 1171 869 memoratur
1186 797 1263 868 Au-

181 917 311 1007 doeui,
343 917 616 1015 Rotomagensis
641 915 919 1014 archiepiscopi,
950 931 986 986 et
1009 913 1265 986 Noviomensis

182 1033 311 1133 Eligit,
332 1033 559 1133 aliorumque
579 1035 742 1106 virorum
761 1035 824 1132 qui
842 1030 889 1104 ab
912 1033 975 1106 illo
991 1031 1137 1103 adunati
1154 1047 1259 1118 sunt,

183 1148 287 1221 acad
307 1175 431 1249 pacem
459 1150 636 1221 virtutum
662 1174 728 1246 per
754 1152 829 1248 ejus
855 1147 1073 1221 documenta
1096 1147 1260 1244 provecti

181 1280 279 1337 sunt.

232 1382 423 1454 Materiam
435 1381 615 1455 scribendi
631 1410 747 1481 nuper
758 1383 804 1455 ab
816 1383 977 1456 Uticensi
989 1381 1134 1454 ecclesia
1148 1380 1259 1477 coepi,

181 1497 242 1574 sed
269 1499 388 1596 ampla
413 1516 593 1571 terrarum
611 1526 743 1600 regua,
763 1502 864 1573 velut
887 1501 925 1571 in
945 1500 1094 1572 extasim
1117 1513 1259 1595 raptus,

182 1619 370 1714 prospexi,
388 1618 495 1718 longe
516 1618 656 1718 lateque
670 1620 836 1691 oratione
853 1618 1018 1705 volitavi,
1039 1632 1075 1690 et
1091 1615 1260 1713 perplura

181 1737 425 1832 perlustrans,
457 1737 702 1836 longissimam
723 1737 966 1835 epanalepsim
991 1737 1045 1834 (r)
1066 1735 1258 1834 protelavi.

182 1854 289 1925 Nunc
306 1868 424 1923 autem
443 1869 595 1924 stratum
610 1878 752 1939 meum,
771 1852 870 1953 quod
884 1868 937 1924 est
953 1852 1069 1938 Utici,
1086 1854 1194 1923 lessus
1211 1875 1261 1922 re·

183 1987 324 2070 petam,
342 1986 377 2042 et
394 1971 592 2070 quidquam
608 1968 653 2043 de
670 1970 777 2048 rebus
791 1969 835 2041 ad
854 1995 920 2044 nos
937 1967 1207 2068 pertinentibus
1226 1968 1261 2050 in

184 2090 280 2161 calce
299 2088 384 2160 libri
400 2087 538 2186 liquido
556 2105 729 2161 retexam.

234 2206 408 2279 XXVlll.
430 2205 540 2279 Anno
565 2204 610 2277 ab
629 2209 882 2280 lncarnatione
902 2225 943 2279 rr>
959 2221 1122 2294 xc⁰v1n⁰,
1145 2206 1262 2278 indic-

185 2326 285 2397 tione
298 2338 339 2414 1³,
356 2327 461 2425 Hugo
473 2326 821 2415 deGrentemaisnil,
838 2328 990 2424 inclytus
1003 2325 1122 2413 heros,
1136 2327 1173 2396 in
1188 2323 1259 2395 An·

185 2443 257 2543 glia
277 2445 313 2514 in
329 2444 462 2516 lectum
475 2444 627 2533 decidit,
643 2448 814 2547 senioque
830 2463 866 2518 et
887 2445 1095 2517 infirmitate
1110 2443 1260 2529 fractus,

185 2560 1262 2663 ultimisappropinquavit.TuncaGoissredoAurelianensi,

187 2677 412 2751 Uticensium
431 2681 573 2776 priore,
600 2706 709 2778 quem
726 2681 903 2779 Rogerius
925 2678 1035 2752 abbas
1061 2704 1128 2777 pro
1152 2677 1261 2750 tutela

184 2795 341 2894 ejusdem
360 2798 397 2868 in
414 2797 543 2896 Anglia
556 2797 772 2897 jampridem
789 2797 992 2884 dimiserat,
1006 2796 1263 2869 monachatum

186 2914 355 3012 suscepit,
368 2932 540 3014 sextoque
552 2916 782 3014 postmodum
797 2915 872 3003 die,
888 2923 970 2990 v111⁰
987 2915 1122 2988 scilicet
1133 2915 1261 2986 kalen-

186 3030 248 3103 das
259 3034 394 3122 martii,
414 3033 506 3106 obiit
521 3037 586 3131 (2).
604 3034 691 3108 lnde
703 3034 908 3109 Bernardus
920 3051 957 3106 et
967 3032 1102 3122 David,
1119 3034 1263 3106 Uticen-

185 3175 239 3221 ses
251 3150 462 3239 coenobitae,
476 3151 626 3225 cadaver
640 3154 733 3225 illius
745 3154 901 3242 salitum,
915 3171 951 3226 et
965 3155 1065 3228 corio
1077 3152 1189 3226 boum
1202 3177 1264 3248 op-

186 3269 274 3340 time
290 3285 479 3343 consutum
472 3326 501 3399 θ
526 3272 563 3343 in
588 3271 851 3345 Normanniam
875 3270 1146 3361 conduxerunt3
1167 3268 1264 3369 quod

184 3411 279 3484 saepe
296 3389 504 3461 nominatus
526 3388 635 3460 abbas
659 3405 695 3463 et
720 3407 918 3470 conventus
937 3388 1201 3463 monachorum
1227 3389 1263 3459 in

220 3689 261 3758 (r)
277 3689 369 3760 Voyez
383 3690 533 3757 ci-dessus,
550 3711 579 3764 p.
594 3690 654 3758 405.

221 3777 261 3846 (a)
276 3777 518 3833 Probablementd
531 3782 676 3836 Leicester.
692 3781 716 3835 Il
728 3792 770 3836 est
782 3785 797 3836 l
812 3801 974 3858 remarquer
986 3802 1040 3857 que
1052 3782 1090 3835 les
1103 3781 1175 3835 deux
1186 3781 1263 3836 dates

185 3863 311 3919 fournies
333 3885 384 3938 par
406 3878 487 3940 notre
510 3878 609 3922 auteur
634 3887 661 3923 se
686 3870 886 3925 contredisent.
910 3873 945 3925 La
966 3872 1103 3943 premiere
1122 3872 1210 3924 anne'e
1227 3868 1263 3923 de

185 3951 344 4009 l’indiction
362 3974 397 4009 ne
416 3958 588 4029 correspond
608 3962 684 4030 'vasa
704 3958 783 4032 1098,
801 3961 870 4014 mais
885 3963 899 4013 t
915 3961 996 4033 1⁰95;
1014 3973 1042 4014 et
1057 3959 1077 4014 il
1092 3960 1180 4032 parait
1195 3978 1262 4014 con-

185 4052 331 4117 stantque
346 4044 413 4098 c’est
424 4046 637 4102 veritablernent
652 4052 666 4102 a
682 4068 713 4101 ce
728 4048 840 4105 dernier
855 4049 953 4105 chiffre
968 4049 1034 4124 qu'il
1049 4051 1108 4105 saut
1123 4049 1259 4103 r’arrdter.

186 4132 266 4188 Ainsi
282 4134 387 4208 Hugue
401 4134 436 4189 de
449 4136 659 4192 Grentemesnil
674 4159 741 4194 aura
756 4141 815 4212 pris
830 4140 928 4196 l’lrabit
943 4142 1117 4214 monastique
1133 4139 1158 4193 le
1178 4138 1209 4194 16
1222 4139 1260 4192 le·

186 4224 260 4279 vrier
277 4223 357 4300 1093,
371 4237 398 4282 et
411 4246 471 4283 sera
484 4241 557 4284 mort
571 4229 597 4283 le
612 4247 645 4284 aa
660 4231 699 4286 du
716 4232 804 4287 meme
821 4235 900 4287 ntois.
