2888 4934
187 455 248 517 422
467 453 650 514 HlSTORlA
672 451 981 517 Ecctustasrlca
1152 463 1259 542 [1095]

186 585 294 660 nibus
316 612 357 657 ac
380 584 605 658 detrimentis
625 585 875 660 ecclesiasticas
895 590 1134 686 possessiones
1153 574 1258 667 'valde

185 703 414 806 aggravabat.
448 701 550 777 Unde
580 703 802 778 venerandus
830 707 933 780 Serlo
960 708 1152 807 episcopus
1178 735 1257 785 enm

184 822 526 911 excommunicavit,
555 838 592 894 et
616 821 813 921 pontificali
838 825 960 924 rigore
981 840 1099 899 totam
1123 841 1257 901 terram

184 942 258 1040 ejus
283 939 489 1031 interdixit;
515 964 560 1012 ue
582 938 747 1012 divinum
765 939 899 1015 ibidem
916 942 1075 1015 officium
1096 943 1257 1019 celebra-

184 1072 300 1146 retur,
309 1083 376 1130 nec
384 1072 616 1135 mortuorum
622 1081 776 1157 corpora
791 1057 1042 1132 humarentur.
1053 1059 1257 1137 Radbertus

184 1191 323 1266 autem,
340 1152 405 1276 ¹qni
422 1201 491 1275 pro
506 1173 638 1248 duritia
651 1177 733 1276 jure
749 1177 955 1251 Talavacius
973 1179 1028 1277 (ι)
1046 1178 1253 1273 vocabatur,

184 1291 370 1365 induratus
382 1309 423 1365 ut
435 1292 591 1383 Pharao,
607 1291 874 1392 pontificalibus
885 1294 999 1394 plagis
1010 1297 1087 1369 sive
1098 1322 1256 1398 unguen

184 1413 230 1485 tis
249 1439 325 1488 non
343 1413 595 1487 emolliebatur
601 1443 613 1503 3
634 1411 694 1486 sed
711 1411 756 1486 ad
772 1439 882 1487 omne
901 1416 998 1488 nelas
1014 1415 1181 1516 quotidie
1194 1412 1256 1490 de-

184 1529 396 1604 testabiliter
411 1529 722 1631 augmentabatur.
739 1531 836 1630 lpse,
858 1532 950 1605 sicut
962 1532 1112 1622 lsmael,
1132 1548 1255 1607 contra

183 1673 310 1722 omues
324 1649 464 1722 vicinos
478 1674 605 1720 manus
621 1663 774 1720 armatas
790 1649 962 1722 atrociter
974 1648 1158 1748 erigebat,
1175 1675 1253 1724 mo-

183 1760 317 1837 nachos
340 1780 377 1836 et
398 1764 549 1837 clericos
576 1779 613 1837 et
636 1764 776 1837 inerme
796 1763 925 1864 vulgus
944 1791 1037 1837 soera
1066 1762 1254 1863 tyrannide

184 1878 362 1969 terrebat,
386 1896 424 1953 et
438 1878 579 1953 damnis
599 1880 898 1981 contumeliisque
919 1882 1132 1982 smquenter
1153 1881 1254 1955 illatis

136 2060 138 2065 ,
184 1996 437 2071 miserabiliter
461 1996 652 2098 affligebat.
682 1997 923 2097 Temporibus
950 1998 1021 2071 illis
1048 1997 1253 2098 principalis

184 2141 334 2191 censura
351 2140 460 2215 super
476 2116 579 2189 illum
594 2116 794 2215 praevalere
811 2115 1003 2217 nequibat,
1019 2140 1131 2216 quem
1143 2140 1252 2189 mou·

185 2233 270 2306 laris
286 2234 448 2332 potentia
467 2234 620 2306 nimium
639 2232 852 2323 extollebat,
873 2233 1111 2308 etmalorum
1127 2234 1253 2307 imma·

184 2352 279 2425 nitas
309 2377 456 2426 morum
481 2351 748 2426 intolerabilem
775 2350 1032 2441 familiaribus,
1063 2351 1253 2426 amicis-et

185 2469 376 2543 clientibus
400 2469 563 2544 iaciebat.
587 2471 759 2545 Homines
777 2473 983 2570 privatione
1000 2471 1198 2545 oculorum
1220 2484 1251 2542 et

183 2588 429 2687 amputatione
450 2585 583 2687 pedum
599 2614 818 2661 manuumve
835 2587 1037 2662 deformare
1058 2589 1250 2688 parvipen-

116 2764 119 2769 <
183 2702 311 2796 debat,
330 2704 390 2778 sed
412 2704 657 2779 inauditorum
676 2706 980 2779 commentatione
995 2706 1250 2804 suppliciorum

183 2824 221 2897 in
231 2821 601 2924 torquendismiseris,
611 2823 831 2896 moreSiculi
839 2822 1010 2908 Phalaris,
1020 2821 1246 2922 tripudiabat

182 2935 280 3031 Quos
294 2939 331 3010 in
349 2963 492 3010 carcere
508 2964 577 3036 pro
595 2954 696 3011 reatu
712 2938 835 3038 aliquo
853 2938 1074 3038 stringebat,
1095 2938 1247 3022 Nerone,

183 3078 244 3126 seu
258 3055 386 3143 Decio,
404 3056 461 3128 vel
473 3056 699 3129 Diocletiano
715 3057 858 3144 saevior,
873 3055 1112 3130 indicibiliter
1128 3054 1248 3129 crucia·

183 3168 268 3260 bat,
294 3187 330 3244 et
359 3169 441 3245 inde
461 3175 562 3271 jocos
587 3200 670 3245 eum
695 3174 858 3271 parasitis
884 3173 974 3263 suis,
1001 3190 1038 3246 et
1066 3172 1247 3247 cachinnos

177 3287 414 3389 jactabundus
443 3288 646 3362 exercebat.
679 3292 982 3379 Tormentorum,
1014 3315 1100 3390 quae
1131 3286 1247 3362 vinctis

182 3408 375 3498 inserebat,
398 3408 635 3482 delectatione
657 3409 896 3508 gloriabatur,
915 3408 1183 3508 hominumque
1197 3405 1246 3478 dc·

182 3527 359 3599 tractione
376 3552 445 3624 pro
463 3551 658 3624 poenarum
675 3527 860 3598 nimietate
877 3525 1033 3599 crudelis
1050 3525 1243 3605 laetabatur,

181 3645 365 3743 magisque
389 3642 578 3716 affectabat
602 3643 776 3742 supplicia
802 3644 941 3715 miseris
968 3643 1126 3744 inlerre,
1153 3662 1243 3742 quun

180 3763 247 3857 pe'r
267 3760 556 3860 redemptionem
577 3761 804 3858 captivorum
825 3759 993 3858 pecunias
1009 3784 1159 3858 augere.
1177 3756 1243 3828 Ple-

182 3904 336 3978 rumque
351 3878 395 3952 de
413 3881 566 3952 vinculis
583 3882 670 3979 ejus,
688 3878 884 3951 auxiliante
896 3879 987 3968 Deo,
1007 3877 1116 3949 multi
1138 3895 1243 3950 evase-

216 4164 255 4237 (1)
270 4167 309 4221 Ce
325 4165 469 4240 sobriquet
482 4167 554 4222 avait
566 4170 611 4223 ete
625 4167 745 4222 donnes
762 4184 812 4222 son
825 4166 911 4236 a'ieul,
930 4171 946 4222 a
961 4185 1043 4223 cause
1057 4166 1093 4223 de
1104 4157 1240 4222 l'habinte

179 4255 248 4330 qu’il
261 4256 333 4313 avait
346 4255 381 4312 dc
394 4266 491 4331 porter
503 4276 543 4312 un
556 4254 683 4314 bouclier
696 4256 767 4313 ainsi
781 4260 903 4312 nomme.
