2888 4934
181 387 242 451 254
458 386 644 448 HISTORIA
666 387 972 452 ucctsssllsulcs.
1149 396 1252 475 [10871

183 524 218 595 in
238 521 461 618 sarcofagum
481 519 703 611 mitteretur,
730 538 767 595 et
782 521 978 614 violenter,
1002 523 1088 623 quia
1106 550 1172 598 vas
1192 551 1253 626 per

181 635 462 735 imprudentiam
485 637 801 710 caementariorum
820 637 931 711 breve
952 654 1135 713 structum
1158 657 1251 729 erat,

181 753 474 852 complicaretur,
492 754 747 854 pinguissimus
766 773 896 830 venter
920 758 1077 857 crepuit,
1095 775 1135 832 ct
1157 760 1254 836 into·

181 870 340 947 lerabilis
360 873 471 944 loetor
495 872 634 945 circum
652 889 806 946 astantes
825 900 993 973 personas
1015 891 1053 947 et
1073 875 1254 978 reliquum

179 989 309 1088 vulgus
321 987 494 1086 implevit.
505 989 639 1062 Fumus
650 987 780 1080 thuris,
794 989 1023 1091 aliorumque
1035 1009 1252 1083 aromatum,

180 1106 226 1180 de
243 1104 438 1179 thuribulis
456 1106 600 1205 copiose
613 1105 845 1196 ascendebat,
863 1107 924 1182 sed
936 1109 1172 1184 teterrimum
1188 1137 1253 1210 pn-

181 1241 299 1299 torcm
323 1223 513 1299 excludere
539 1251 615 1299 non
641 1226 871 1324 praevalebat.
898 1225 1109 1299 Sacerdotes
1140 1227 1256 1329 itaque

180 1341 397 1417 festinabant
423 1344 589 1444 exequias
617 1343 808 1443 perficere,
837 1361 874 1420 et
900 1359 1063 1417 actutum
1087 1369 1153 1417 sua
1177 1371 1257 1419 cum

180 1485 314 1561 pavore
330 1461 509 1560 mappalia
527 1476 705 1561 repetere.

230 1580 324 1652 Ecce
353 1577 536 1651 subtiliter
561 1579 772 1679 investigari
798 1594 835 1651 et
861 1581 1040 1653 veraciter
1073 1577 1256 1653 enucleari

181 1722 263 1796 quae
290 1697 324 1767 in
352 1694 454 1794 lapsu
476 1694 577 1769 ducis
600 1695 837 1796 praeostcudit
857 1695 1046 1799 dispositio
1069 1696 1152 1771 Dei.
1176 1696 1256 1771 Non

181 1813 330 1887 fictilem
347 1812 564 1914 tragoediam
586 1813 775 1904 venundo,
805 1841 881 1888 non
909 1816 1051 1916 loquaci
1078 1812 1255 1890 comoedia

182 1929 477 2003 cachinnantibus
492 1931 656 2029 parasitis
671 1932 791 2023 lave03
806 1930 867 2003 sed
879 1931 1047 2007 studiosis
1063 1931 1256 2007 lectoribus

181 2049 300 2122 varios
317 2064 465 2121 eventus
477 2049 656 2123 veraciter
673 2050 817 2122 intimo.
834 2052 935 2123 lnter
950 2075 1127 2151 prospera
1140 2065 1257 2152 patue-

182 2178 271 2241 runt
285 2165 431 2240 adversa
439 2220 450 2255 ,
466 2182 508 2239 ut
522 2182 749 2241 terrerentur
761 2168 1027 2268 terrigenarum
1041 2165 1168 2242 corda.
1185 2165 1256 2241 Rex

183 2283 368 2387 quondam
392 2300 521 2384 potens
540 2299 577 2357 et
596 2283 805 2372 bellicosus,
825 2283 1021 2385 multisque
1036 2284 1184 2384 populis
1197 2308 1256 2384 por

183 2401 306 2499 plures
321 2400 529 2499 provincias
544 2401 778 2490 metuendus,
798 2409 835 2473 in
850 2427 932 2474 area
946 2403 1058 2505 jacuit
1073 2400 1212 2492 nudus,
1225 2416 1256 2475 et

185 2545 204 2591 a
232 2519 320 2607 suis,
349 2543 439 2618 quos
464 2535 639 2619 genuerat
664 2519 723 2595 vel
751 2520 909 2612 aluerat,
936 2519 1144 2596 destitutus.
1176 2520 1255 2596 AEut

183 2636 304 2709 alieno
323 2637 359 2708 in
372 2634 517 2709 sunebri
532 2637 633 2711 cultu
650 2636 823 2737 indiguit,
842 2662 913 2736 ope
926 2639 1083 2737 gregarii
1097 2663 1169 2736 pro
1185 2664 1256 2712 san

182 2752 301 2853 dapila
316 2770 354 2827 et
368 2754 627 2852 vespilionibus
646 2753 888 2828 conducendis
902 2755 1019 2855 eguit,
1033 2755 1097 2855 qui
1113 2771 1170 2829 tot
1186 2754 1257 2829 bae

184 3014 294 3069 colebat
309 3017 423 3086 inopias,
437 3019 514 3071 eirca
527 3016 583 3070 sibi
584 3016 768 3089 famulantes
780 3016 876 3071 ludaris
885 3026 912 3071 et
926 3015 1066 3083 modesta,
1079 3034 1152 3090 erga
1168 3026 1257 3072 extm-

185 3121 253 3158 neos
276 3104 405 3159 benivola
431 3116 459 3159 et
476 3106 569 3178 justa,
597 3105 770 3179 pauperibus
787 3105 886 3178 larga,
905 3125 956 3162 suo
980 3109 1093 3178 corpori
1113 3105 1259 3162 admodn

183 3213 288 3265 parem
301 3193 371 3266 quid
377 3193 489 3249 dicam?
500 3194 582 3251 Adeo
592 3205 623 3249 ut
631 3196 760 3250 omnibus
771 3195 911 3250 illecebris
919 3216 949 3251 se
959 3195 1132 3252 obstruendo
1139 3195 1260 3268 μυκαὶ

185 3292 229 3339 tos
237 3303 329 3340 annos
342 3293 409 3339 onte
420 3289 467 3339 sui
483 3284 557 3340 diem
569 3284 662 3341 obitus
678 3305 735 3342 non
746 3296 907 3342 vesceretur
914 3286 1063 3352 comibus,
1079 3304 1174 3359 neque
1184 3282 1259 3360 quil·

184 3374 256 3450 quid
274 3374 352 3449 quod
367 3376 425 3430 sibi
442 3374 524 3431 dulce
540 3379 634 3430 vuum
654 3386 696 3431 est
708 3375 865 3449 gustando,
881 3376 934 3432 sed
951 3379 1005 3432 vrb:
1021 3379 1186 3431 necessan'oe
1201 3379 1260 3431 vua

183 3465 321 3539 capiendo
328 3508 336 3535 ,
346 3466 435 3522 cilicio
446 3466 548 3523 indutu
560 3475 591 3522 ut
601 3486 653 3522 nec
662 3470 746 3522 etrum
759 3465 929 3541 quibusdum
935 3465 1260 3538 pateretsomilioribus,

184 3555 373 3628 conflictando
384 3577 448 3612 cum
463 3560 542 3612 vitiis
549 3560 619 3612 vicit
631 3561 660 3613 in
674 3557 839 3613 uirtutibus.
853 3557 960 3612 Deluirc
974 3560 1120 3612 transiens
1132 3557 1261 3632 Bmgpot

186 3646 267 3700 etthi
281 3648 464 3702 transvolutis
481 3645 652 3721 quibusdam
669 3649 769 3714 αιυιίε,
791 3656 819 3701 et
831 3646 897 3701 inde
915 3650 1107 3718 pertransiens
1121 3650 1152 3701 in
1164 3648 1261 3712 Danu,

186 3736 241 3791 bue
257 3757 381 3806 reversa,
406 3743 488 3811 virgo
508 3741 725 3811 transrnigravit
749 3741 779 3792 in
804 3737 939 3804 Domitio,
960 3757 1037 3793 anno
1065 3738 1262 3794 irremotis

185 3828 303 3882 Domiti
310 3839 344 3882 κο
353 3841 494 3884 ιιιι’νιι“
503 3850 577 3885 nono
591 3828 730 3886 kalendas
740 3828 921 3902 septembris,
936 3829 1005 3883 Iuno
1013 3841 1056 3883 n·
1063 3841 1105 3882 ιν.

221 3916 258 3969 La
271 3916 366 3972 charte
382 3929 412 3973 et
427 3920 524 3992 pieuse
543 3921 683 3993 princesse
701 3936 780 3992 passa
800 3937 828 3973 sa
846 3919 889 3972 vie
908 3918 978 3973 dans
997 3919 1037 3973 les
1057 3919 1162 3974 tarmes
1182 3929 1213 3973 et
1231 3916 1263 3971 let

186 4007 386 4074 maceratioos3
403 4010 521 4064 maisses
537 4009 664 4065 dernicrs
676 4020 815 4064 moments
829 4009 924 4064 iurent
936 4010 1078 4082 paisibles‚
1099 4021 1131 4065 et
1146 4017 1263 4082 exempts

187 4092 223 4146 do
235 4103 299 4146 tous
314 4092 354 4149 les
368 4096 495 4151 remords
509 4108 538 4152 et
557 4098 593 4152 de
604 4110 668 4153 tous
684 4098 723 4152 les
738 4097 878 4154 scandales
890 4099 939 4172 qui
952 4098 1179 4155 deshonoremnt
1195 4097 1220 4152 la
1233 4094 1263 4149 fin

186 4180 224 4237 de
235 4180 365 4239 l’ennemi
380 4183 416 4240 de
427 4203 456 4239 ss
467 4185 582 4241 tamilla.
