2888 4934
172 128 421 205 [rosi-mss]
573 120 691 183 maen
711 120 914 185 seratuus.
1223 120 1278 179 isa

165 258 282 333 suis
307 253 513 330 discedente
534 252 733 333 Jerusalem
755 252 952 336 invaserat,
973 278 1014 323 ac
1036 249 1081 321 ad
1110 249 1276 321 ultimum

165 374 326 448 multa
343 370 563 445 bellatorum
578 368 690 453 millia
708 363 849 467 pessum
872 364 1038 454 dederat;
1059 364 1120 438 sed
1145 366 1278 463 raesaria

165 492 399 565 voluntate
422 489 458 561 in
475 486 599 559 multis
623 487 820 583 completa,
838 483 1093 558 miserabiliter
1109 482 1277 581 perierat.

165 606 266 679 Sic
287 607 353 679 iste
370 619 495 677 contra
509 618 649 700 patrem
666 629 770 674 suum
786 628 884 672 arma
902 599 1061 687 sustulit,
1081 599 1282 699 meritoque

167 738 333 823 pastea
357 720 473 795 diram
495 747 513 792 a
534 720 635 818 prole
651 746 710 791 sua
730 719 1014 817 persecutionem
1032 718 1193 816 pertulit.
1217 718 1282 788 ln-

165 837 441 941 quirentibus
458 862 563 925 vero,
582 853 733 910 curtam
749 835 928 910 horrenda
945 851 1069 908 contra
1086 851 1194 934 caput
1208 835 1282 907 Ec-

173 958 331 1033 clesiae
353 972 648 1055 praesumpserat,
678 954 770 1027 banc
798 970 906 1026 tantae
934 951 1121 1026 discordiae
1144 979 1283 1025 causam

184 1075 311 1149 iuter
326 1098 363 1145 sc
377 1089 413 1146 et
426 1073 558 1172 Papam
571 1096 663 1157 esse,
683 1097 764 1143 cum
783 1069 958 1145 cachinno
971 1068 1166 1156 asserebat,
1187 1068 1283 1169 (prod

185 1191 372 1265 medicus
395 1206 574 1291 aegrotum
602 1190 709 1261 nimis
733 1188 863 1262 acriter
887 1214 1013 1261 curare
1038 1189 1282 1286 impatientem

195 1308 472 1405 miausluerat(
494 1309 521 1405 ).

260 1425 496 1501 Obsidionem
519 1451 608 1526 ergo
620 1425 776 1498 validam
790 1451 854 1498 rex
870 1424 1014 1499 ellienis
1027 1425 1152 1498 Romae
1169 1424 1284 1523 appli-

198 1546 308 1634 cuit,
327 1544 509 1617 Romanos
522 1542 630 1614 minis
646 1558 682 1614 et
697 1539 836 1613 viribus
851 1541 1000 1628 terruit,
1020 1539 1232 1614 muneribus
1250 1558 1280 1611 ct

202 1660 398 1761 ‘promissis
413 1659 560 1748 lenivit,
582 1675 618 1731 et
636 1656 689 1730 bis
706 1655 822 1730 modis
847 1658 940 1730 circs
956 1658 1136 1746 alliciens,
1154 1656 1282 1728 urbem

201 1776 387 1852 obtinuit.
425 1773 679 1849 Deficientibus
710 1775 830 1874 itaque
863 1776 1055 1865 Romanis,
1088 1774 1284 1874 Gregorius

213 1894 308 1992 Papa
321 1892 491 1992 Apuliam
499 1891 661 1990 expetiit,
674 1890 809 1993 ibique,
824 1918 843 1962 a
858 1890 1079 1965 Normannis
1089 1889 1285 1964 honorilice

213 2026 414 2108 susceptus,
433 2023 590 2108 quatuor
606 2007 710 2081 annis
733 2006 928 2097 habitavit,
949 2023 985 2079 et
1009 2006 1175 2080 mandata
1201 2008 1284 2080 vitae

213 2124 296 2199 liliis
306 2125 476 2199 Ecclesiae
490 2125 702 2224 propinans,
717 2124 826 2198 finem
840 2124 1006 2198 laborum
1016 2127 1169 2225 peregit.
1184 2126 1286 2197 Tunc

215 2244 391 2349 llenricus
407 2242 588 2343 Augustus
614 2241 843 2315 Witbertum
859 2243 1122 2316 Rauennatium
1144 2259 1285 2315 metro-

214 2359 435 2459 politanum,
448 2383 557 2459 quem
568 2358 789 2432 Clementem
805 2375 1125 2457 nuncupaverunt,
1144 2358 1180 2429 in
1191 2358 1285 2430 ovile

217 2474 362 2549 Domini
385 2490 510 2548 contra
533 2477 584 2547 sas
611 2474 829 2561 intromisit,
848 2490 885 2546 et
900 2472 965 2546 bac
988 2473 1032 2546 de
1049 2499 1150 2546 causa
1170 2474 1287 2574 gravis

215 2592 252 2665 in
278 2592 418 2665 mundo
441 2606 478 2665 et
498 2592 637 2665 diutina
664 2590 841 2664 dissentio·
859 2592 992 2665 multos
1014 2589 1149 2690 duplici
1168 2607 1287 2664 morte

212 2711 415 2783 mulctavit.
437 2708 722 2783 Mediolanenses
743 2725 780 2781 et
792 2709 995 2809 Maguntini
1019 2710 1178 2783 etmulti
1204 2709 1284 2797 alii,

214 2827 277 2927 qni
305 2826 493 2900 Witberto
508 2824 696 2913 favebant,
723 2824 966 2927 Gregorianos
992 2852 1118 2902 omnes
1134 2827 1287 2900 nnatbe-

212 2943 451 3030 mutuabant,
484 2943 593 3015 armis
621 2969 764 3044 quoque
788 2942 982 3017 crudeliter
1011 2942 1283 3044 impugnabant.

213 3058 248 3135 Ε
262 3078 390 3137 eonem
411 3060 608 3161 Gregorius
622 3086 705 3133 cum
724 3062 795 3132 suis
808 3078 969 3133 errantes
983 3060 1228 3134 Witbertinos
1243 3060 1287 3132 ad

214 3177 392 3250 unitatem
407 3176 577 3250 Ecclesiae
595 3174 806 3261 revocabat,
826 3193 863 3248 et
883 3174 1002 3248 redire
1017 3193 1288 3251 contemnentes

213 3293 410 3365 secundum
425 3295 482 3392 jus
494 3278 771 3365 ecclesiasticuin
789 3291 1156 3391 excommunicabat(
1181 3295 1210 3392 )

228 3476 402 3485 ,nu-..n-——-
414 3477 470 3484 ——n
485 3479 515 3483 .—
521 3478 627 3485 ——m-0
638 3479 659 3484 -
665 3478 718 3484 ...-
725 3478 733 3484 -
741 3479 760 3485 --
770 3478 776 3484 -
793 3478 848 3485 ...-
856 3478 1007 3486 ..---—-—-

252 3562 291 3632 (a)
310 3561 487 3634 L’empercur
504 3565 593 3617 arrira
606 3581 669 3617 sous
684 3563 721 3616 les
735 3582 812 3617 mnas
825 3563 859 3618 de
874 3563 963 3618 llonle
976 3582 1040 3619 arec
1053 3565 1200 3639 l'autipape
1219 3568 1289 3621 (iui-

212 3650 279 3706 lsert
298 3651 433 3726 quelques
447 3652 526 3723 jours
548 3665 628 3708 avant
648 3652 672 3706 la
695 3653 845 3708 l'cntecbte
871 3653 947 3710 1081.
969 3655 1074 3728 Depuis
1090 3666 1163 3710 cette
1183 3659 1290 3729 dpoan

212 3740 325 3815 jusqu’a
336 3761 363 3795 sa
377 3743 463 3815 prise,
479 3762 514 3796 en
532 3744 613 3809 1084,
628 3743 868 3799 l'iurestissement
882 3762 916 3798 ne
929 3744 972 3798 lut
985 3764 1031 3818 pas
1045 3745 1229 3817 interrompn.

253 3832 293 3904 (a)
314 3832 350 3887 Le
374 3853 443 3907 pape
462 3834 533 3888 avait
553 3834 644 3908 quitte
667 3834 756 3889 Ronae
777 3855 812 3889 en
835 3837 915 3901 tells„
937 3835 957 3890 il
976 3848 1091 3891 mourut
1109 3840 1124 3889 n
1139 3837 1251 3890 Salernc
1267 3835 1291 3888 l(-

218 3914 254 3973 25
263 3921 317 3974 mai
331 3919 410 3989 1085;
421 3922 464 3993 ily
476 3921 554 3976 aloin
566 3921 600 3976 de
612 3922 636 3975 lia
650 3942 702 3976 atta
712 3934 810 3995 quatre
819 3926 919 3977 anneus
930 3923 999 3977 dont
1010 3923 1084 3995 paulo
1094 3935 1174 3978 notre
1183 3935 1292 3977 antrnr.

219 4010 382 4085 la'antipapr
399 4013 517 4068 ttttiben
535 4014 664 4068 continua
681 4013 714 4067 de
733 4015 857 4068 soutenir
875 4012 897 4064 la
922 4013 991 4066 lnttr
1011 4012 1078 4066 dam
1102 4013 1189 4066 lionae
1205 4014 1293 4069 nninn·
