2888 4934
198 422 257 485 tos
474 418 658 481 ursroau
681 418 988 479 accessiones.
1160 420 1266 499 [roos]

198 553 358 655 ignovit,
379 567 416 626 et
432 551 649 650 promissum
668 548 790 624 avidus
810 549 1023 648 expectavit.
1043 548 1265 623 Gislebertus

192 673 244 746 ait
260 701 270 745 z
286 671 381 745 Siste
387 669 538 773 pedem,
554 695 690 770 quoeso,
713 696 782 742 mx
797 668 944 758 nobilis,
960 684 995 742 et
1006 667 1106 742 banc
1117 669 1261 757 siloam,

193 815 278 890 quoe
295 802 382 861 ante
397 812 462 860 nos
481 802 551 876 est,
571 811 617 858 ne
629 785 859 883 ingrediaris.
878 786 1009 859 Hostes
1021 790 1119 859 enim
1135 787 1215 860 illic
1227 789 1264 900 in

194 908 307 979 mmis
325 907 454 1007 parati
467 904 738 1005 praestolantur,
757 909 871 1003 quite
890 929 990 978 nunc
1000 905 1183 1005 jugulare
1201 930 1264 978 co-

192 1038 340 1096 nantur.
361 1022 497 1093 Contra
510 1037 544 1092 te
556 1022 861 1120 conspirationem
864 1020 1033 1120 fecimus
1038 1075 1052 1109 ,
1067 1038 1103 1093 et
1116 1037 1262 1094 mortem

193 1157 294 1213 tuam
304 1136 554 1239 jurejurando
572 1137 774 1210 machinati
789 1165 929 1211 sumus.
958 1136 1021 1209 His
1038 1136 1184 1228 auditis,
1202 1163 1262 1211 rex

190 1255 368 1347 substitit,
396 1271 433 1329 et
455 1256 606 1356 praelato
631 1253 770 1328 barone
793 1255 992 1345 indicante,
1019 1271 1113 1356 quot
1140 1257 1261 1358 etqui

189 1373 334 1448 lucrant
350 1371 577 1472 proditores,
598 1374 760 1472 agnovit.

239 1492 378 1566 Delusis
401 1493 522 1593 itaque
544 1492 702 1583 sicariis,
725 1492 788 1592 qui
813 1516 936 1592 regem
960 1489 1126 1566 occidere
1147 1491 1260 1566 moliti

190 1625 298 1701 sunt,
332 1626 480 1683 armatae
511 1607 705 1708 phalanges
738 1633 912 1708 prospere
944 1608 1021 1683 loca
1051 1607 1262 1682 insidiarum

189 1726 498 1826 pertransierunt,
515 1742 551 1800 et
566 1725 848 1799 munitissimum
864 1741 1041 1813 castrum,
1059 1725 1163 1825 quod
1178 1724 1263 1798 Bab·

189 1838 358 1942 benburg
386 1839 520 1915 dicitur
550 1843 624 1940 (1),
656 1839 890 1916 obsederunt.
922 1841 972 1913 Et
999 1842 1176 1941 moniam
1205 1841 1260 1913 illa

189 1960 347 2035 munitio
365 1959 656 2062 inexpugnabilis
673 1976 771 2049 erat,
790 1960 874 2061 quia
894 1960 1148 2034 inaccessibilis
1163 1958 1261 2033 vide-

188 2077 298 2154 batur
311 2095 464 2179 propter
471 2077 627 2179 paludes
641 2095 677 2151 et
692 2105 820 2180 aquas,
839 2094 876 2151 et
891 2079 958 2152 alia
972 2078 1140 2179 quaedam
1158 2079 1261 2151 itine-

97 2203 102 2211 ’
188 2196 355 2271 rantibus
382 2198 587 2287 contraria,
613 2196 743 2298 quibus
768 2196 1015 2287 ambiebatur,
1041 2224 1108 2271 rex
1132 2223 1261 2271 novam

188 2313 431 2391 munitionem
444 2314 488 2388 ad
502 2313 745 2389 defensionem
758 2316 977 2413 provinciae,
996 2331 1033 2388 et
1049 2316 1260 2389 coarctatio·

187 2456 275 2506 nem
291 2429 450 2505 bostium
467 2433 690 2518 construxit,
716 2447 752 2505 et
775 2429 970 2518 militibus,
996 2432 1108 2503 armis
1127 2459 1169 2505 ac
1186 2429 1260 2503 vic-

187 2546 343 2621 tualibus
364 2546 539 2646 implevit.
559 2546 700 2621 Conscii
718 2563 840 2621 autem
860 2545 1021 2647 perlidiae
1046 2563 1083 2621 et
1105 2546 1258 2620 lautores

186 2689 336 2755 corum,
355 2664 473 2765 detegi
490 2682 668 2754 verentes,
689 2667 964 2754 conticuerunt,
980 2681 1017 2737 et
1033 2680 1135 2737 metu
1152 2690 1259 2738 exan-

185 2808 291 2883 gues,
317 2784 401 2883 quia
426 2797 574 2856 conatus
598 2808 679 2855 suos
705 2781 795 2855 nibil
822 2783 944 2856 valere
966 2783 1256 2882 perpenderunt,

185 2899 293 2998 regiis
310 2897 522 2973 cohortibus
544 2900 718 2989 immixti,
738 2902 813 2999 ejus
830 2901 1038 2989 servitium,
1063 2903 1165 3001 cujus
1183 2901 1258 2973 exi-

185 3017 278 3090 tium
290 3032 519 3116 optauerant,
535 3034 705 3116 prompte
721 3019 875 3119 aggressi
890 3035 987 3092 sunt.
1002 3019 1161 3110 Interea,
1176 3019 1257 3093 dum

184 3160 250 3208 rex
266 3131 304 3207 in
320 3136 430 3207 armis
448 3161 531 3208 cum
547 3135 751 3236 agminibus
768 3137 838 3210 suis
854 3135 897 3209 ad
914 3135 1052 3209 bellum
1070 3153 1259 3235 promptus

135 3284 138 3289 ⁴
183 3267 383 3344 constaret,
400 3268 438 3325 et
452 3251 667 3361 chiliarcbos
684 3281 724 3326 ac
738 3255 987 3342 centuriones,
1003 3254 1165 3354 aliosque
1180 3279 1258 3353 pro

182 3396 281 3446 ceros
297 3369 480 3460 Albionis,
496 3397 578 3444 cum
590 3370 742 3444 subditis
758 3371 824 3443 sibi
840 3370 1019 3471 plebibus,
1037 3372 1141 3468 operi
1156 3394 1257 3444 novae

181 3490 395 3564 munitionis
407 3488 651 3563 indesinenter
662 3491 824 3564 insistere
837 3489 1085 3588 compelleret,
1099 3488 1258 3564 Radber-

183 3623 240 3682 tus
251 3607 296 3682 de
309 3610 592 3710 propugnaculis
604 3609 675 3683 suis
688 3610 914 3684 contrarium
927 3608 994 3682 sibi
1007 3634 1099 3710 opus
1110 3625 1257 3683 moestos

181 3727 442 3827 conspiciebat,
468 3745 505 3802 et
526 3730 719 3829 complices
739 3755 820 3803 suos
842 3729 912 3801 alta
934 3753 1023 3802 voce
1044 3728 1257 3802 nominatim

181 3844 439 3943 oompellebat,
461 3874 501 3919 ac
518 3863 559 3919 nt
576 3845 828 3947 jusjurandum
844 3844 888 3918 de
911 3845 1129 3944 proditionis
1145 3845 1256 3920 socie·

184 3977 254 4034 tate
274 3982 553 4056 conservarent,
582 3969 700 4067 palam
728 3965 997 4046 commonebat.
1019 3966 1096 4038 Rex
1120 3981 1252 4047 autem,

188 4129 1251 4150 ”m—wae—q-m—-d

217 4221 255 4290 (r)
270 4219 474 4294 llamborough.
