2888 4934
485 437 603 502 nram
621 439 779 500 ssxrus.
865 454 891 501 ·,
1018 392 1020 397 ’
1126 440 1161 501 ιι
1263 460 1265 464 -

104 589 138 646 et
148 592 216 672 per
224 572 405 644 seniorem
417 571 642 653 Gualterium
657 586 903 673 cognomento
912 569 1097 646 Gihrdum
1111 573 1166 670 (ι’)

104 690 254 765 omniuo
279 688 465 763 interdixit
499 715 546 764 ne
567 691 662 764 ullus
691 692 849 791 aliquam
872 686 1166 763 ooniuetudiirem

103 811 161 882 seu
175 806 406 907 privilegium
419 807 552 910 absque
559 807 824 883 monachorum
833 806 1017 881 voluntate
1029 808 1068 880 iii
1078 806 1167 905 ipsis

104 925 266 1000 haberet.
290 926 433 1000 Fratres
465 951 609 1028 quoque
632 928 706 1029 ojus
726 957 737 999 :
754 925 969 1002 Guillelmus
991 925 1104 998 Rufus
1130 941 1167 996 et

102 1045 278 1119 lienrious
291 1069 393 1146 reges
410 1044 632 1146 duplorum,
649 1046 756 1146 atque
768 1042 976 1119 Goislmdus
986 1042 1165 1142 archiepi-

102 1187 249 1260 scopus,
264 1162 386 1236 omnia
399 1187 481 1263 quoe
496 1164 705 1264 praescripta
721 1180 818 1252 sunt,
838 1159 1066 1236 Uticensibus
1081 1174 1174 1234 m'oa

101 1277 223 1353 mobis
239 1297 510 1370 mactatarum,
522 1282 584 1381 qui
596 1282 670 1382 jam
686 1305 752 1381 per
768 1281 902 1357 multos
915 1303 1029 1354 annos
1044 1277 1167 1353 eadem

102 1397 135 1470 in
151 1422 242 1496 paee
256 1396 504 1497 possederunt.
523 1397 695 1474 Ganoniei
713 1395 847 1500 quippe
860 1396 1047 1475 monacbis
1061 1421 1168 1471 cesse·

100 1530 206 1603 runt,
221 1515 305 1617 qaia
319 1516 470 1590 virtutes
481 1541 629 1605 eorum,
646 1543 736 1618 quos
746 1513 881 1618 assequi
895 1514 1114 1617 nequibunt,
1127 1513 1166 1587 in

99 1630 269 1706 omnibus
284 1633 458 1708 excellere
477 1634 671 1711 viderunt.
684 1635 917 1711 Guinimarus
933 1636 1030 1708 enim
1047 1650 1085 1708 et
1103 1633 1183 1707 Ba·

100 1749 279 1836 nedietne,
293 1767 399 1852 atque
416 1750 600 1826 lohannes
613 1750 708 1825 lilius
721 1753 827 1852 ipsius
845 1750 1031 1827 monacbis
1049 1750 1168 1850 pluri-

100 1865 282 1941 bnsannis
299 1870 575 1960 comitantum,
595 1869 804 1971 morbisque
817 1867 962 1944 tandem
990 1870 1167 1970 ingraves·

101 1986 264 2060 uentibus
294 1985 534 2061 deoesserunt.
564 1986 787 2063 Gislebertns
811 2002 949 2075 antem,
974 1986 1036 2084 qui
1063 1983 1168 2059 sociis

100 2099 270 2174 omnibus
293 2103 489 2214 sapientior
519 2102 721 2195 eminebat,
745 2118 782 2177 et
806 2101 1012 2175 Gualterius
1036 2126 1170 2175 mona-

100 2215 244 2290 chatum
251 2234 381 2317 sponte
391 2217 928 2305 subieruntetemendatiorein
938 2219 1051 2291 vitam
1060 2217 1166 2317 polli

99 2348 239 2422 nentes,
250 2335 325 2435 jam
337 2338 438 2410 senio
450 2336 554 2410 iracti
566 2339 829 2439 migraverunt.

145 2444 243 2526 Vlll
257 2452 365 2528 Nune
378 2453 424 2527 de
437 2458 677 2555 generositate
691 2456 936 2556 Allagenaium
948 2453 1113 2541 heroum,
1130 2470 1167 2527 et

97 2567 262 2645 moribus
275 2595 403 2645 eorum
421 2572 509 2647 libet
526 2599 723 2675 parumper
739 2590 928 2648 annotare.
949 2573 1164 2660 Gulbertns‚

96 2700 339 2788 eognomento
354 2686 556 2765 'Advocatus
567 2689 612 2766 de
624 2694 756 2767 Sancto
768 2691 961 2765 Gualerico
971 2692 1041 2790 (2),
1054 2688 1164 2763 filiam

122 2955 140 3046 1(
145 2980 170 3044 ι)
182 2975 303 3032 Guntier
320 2977 445 3047 Giffard,
461 2979 607 3035 deuridme
621 2979 659 3035 du
673 3000 753 3046 nont,
768 2991 860 3036 comte
872 2979 907 3035 de
925 2979 1118 3052 buchingham
1138 2973 1166 3034 it

96 3065 227 3139 seigneur
239 3066 274 3122 de
284 3067 472 3142 bongneville.

130 3155 173 3229 (a)
192 3155 216 3213 ll
230 3156 316 3231 's’aqit
335 3158 370 3214 ici
391 3158 427 3214 de
452 3158 852 3229 Saint·Valeri·snr·Somme‚
872 3159 943 3217 dont
958 3160 998 3217 les
1024 3161 1167 3235 seigneutu

98 3244 232 3305 n’e'taient
248 3265 304 3321 que
324 3246 363 3303 les
381 3250 480 3311 aiones
498 3249 533 3304 de
548 3249 672 3325 l’tbbaye
688 3249 789 3306 londes
808 3269 859 3324 par
871 3250 993 3307 Clotaire
1006 3242 1042 3305 eh
1053 3246 1121 3314 613,
1138 3261 1167 3303 et

97 3333 112 3385 'a
127 3330 248 3406 laquelle
261 3333 286 3389 la
299 3335 468 3390 suzerainete
481 3336 522 3391 du
534 3336 591 3393 lieu
601 3339 784 3412 appartenait.
797 3339 914 3395 Comme
927 3338 993 3393 c'est
1005 3337 1040 3392 de
1053 3356 1084 3392 ce
1103 3346 1167 3409 port

98 3441 152 3496 qne
173 3421 294 3480 lailotte
313 3425 475 3482 Normande
496 3429 584 3500 partit
607 3447 679 3502 pour
704 3429 771 3485 aller
792 3448 916 3504 conquat
918 3448 942 3484 ιι
959 3426 1165 3500 l'Angleterre

98 3600 177 3672 doce,
186 3603 294 3659 fustem
301 3606 409 3662 oubhes
417 3609 486 3665 dans
494 3608 521 3665 le
528 3621 643 3684 partage
652 3609 701 3665 des
712 3609 795 3665 fruita
805 3609 841 3664 de
850 3609 876 3664 la
887 3609 1012 3676 victoira,
1025 3608 1074 3664 des
1084 3626 1123 3682 qn
1124 3607 1166 3662 'ils

98 3692 247 3749 soulnrent
258 3693 355 3769 bieny
376 3697 435 3753 ene
449 3700 579 3774 compulo.
598 3700 679 3755 Anasi
696 3700 816 3757 Vantier
833 3716 870 3754 on
883 3699 1004 3755 Guntier
1022 3698 1058 3754 de
1072 3698 1165 3754 Saint-

99 3782 194 3839 Valeri
202 3784 354 3857 possedant
354 3787 383 3857 il,
393 3801 472 3846 entre
481 3801 573 3846 antres
582 3789 734 3860 domarnes
746 3789 1082 3858 lemanoird'‚laleworth
1092 3789 1167 3845 ches-

99 3872 154 3928 lieu
170 3873 197 3928 d
199 3893 237 3929 un
252 3875 383 3932 hundred
397 3879 465 3934 dans
474 3880 500 3936 le
514 3879 651 3935 comtdde
664 3879 833 3948 hliddlesex,
846 3881 935 3955 etqui
951 3880 1105 3952 atonjonrs
1115 3878 1167 3933 fait

98 3952 191 4033 partie
207 3962 243 4018 de
268 3963 292 4019 la
319 3967 453 4023 baronnie
473 3969 509 4025 de
524 3970 618 4026 Saint—
620 3969 714 4024 Valeri
736 3989 771 4026 en
794 3968 973 4045 Angleterre‚
995 3980 1024 4026 et
1042 3968 1164 4031 Robert,

99 4064 189 4109 comte
197 4055 233 4110 de
246 4056 354 4124 Dmnx,
368 4077 403 4114 en
413 4060 556 4132 jouisaait
546 4054 579 4115 ll
591 4076 691 4115 encore
700 4071 735 4116 en
750 4078 818 4118 raao
830 4078 865 4116 an
879 4061 955 4117 droit
964 4061 1036 4116 deta
1049 4061 1163 4123 lemme

98 4142 227 4287 gaqum
244 4143 299 4198 fille
313 4155 342 4199 et
359 4140 492 4206 he'ritiere
507 4148 542 4204 de
555 4150 698 4204 Thomas
685 4151 838 4223 ‚seigneur
848 4150 884 4206 de
896 4149 987 4206 Saint·
990 4144 1100 4208 Valeri·
1103 4165 1165 4241 tor·

164 4251 210 4287 me
557 4252 559 4260 ⁴
