2888 4934
66 427 160 501 [turio
178 424 270 500 1098]
457 417 575 479 trena
596 418 734 509 nonus.
881 399 884 405 ’
1074 422 1132 479 571

64 580 203 643 comes,
218 554 254 626 in
271 551 469 625 Jerusalem
481 577 633 651 peregre
643 552 822 650 perrexit,
835 566 871 623 et
884 550 1132 640 Milesendam,

63 670 209 745 secundi
226 669 394 743 Balduini
419 668 551 758 filiam,
572 670 607 742 in
633 670 822 769 conjugem
846 693 928 740 cum
946 692 1060 767 regno
1083 693 1140 740 ao«

63 788 193 886 cepit(
217 789 247 885 ).

112 906 196 977 ΧΠ.
217 906 366 1004 [¹098·]
386 905 509 977 Mense
519 905 633 1003 julio,
651 920 733 1002 post
750 919 910 1002 optatam
928 902 1136 989 victoriam,

63 1041 100 1097 et
116 1024 250 1124 virtute
265 1039 405 1095 nactam
422 1023 459 1094 in
477 1023 590 1121 gratia
602 1021 667 1093 Dei
684 1018 936 1110 Antiochiam,
952 1018 1137 1092 christiani

63 1141 170 1213 duces
185 1141 222 1212 in
237 1166 351 1212 unum
366 1154 635 1227 convenerunt,
651 1154 687 1211 et
700 1139 885 1212 communi
899 1136 1049 1212 consilio
1065 1135 1139 1206 Hu-

64 1282 198 1358 gonem
215 1258 388 1356 Magnum
406 1255 451 1328 ad
473 1255 641 1328 Alexium
661 1256 914 1354 imperatorem
932 1251 1140 1328 Constanti*

65 1374 230 1472 nopolim
244 1373 473 1460 direxerunt,
489 1389 530 1446 ut
543 1371 586 1445 ad
601 1372 730 1445 urbem
747 1371 1008 1470 recipiendam,
1029 1395 1139 1470 quam

65 1491 282 1567 calamitosis
296 1489 520 1588 passionibus
536 1491 568 1562 ei
582 1489 841 1590 adquisierant,
858 1489 1061 1576 festinaret,
1077 1487 1142 1559 eis·

65 1634 136 1709 que
160 1610 330 1682 similiter
344 1610 481 1708 juratas
498 1609 679 1706 pactiones
701 1607 853 1681 illibatas
880 1621 1137 1681 conservaret:

66 1727 219 1816 scilicet,
235 1743 277 1798 ut
291 1728 365 1825 ipse
375 1752 495 1801 eomes
508 1728 701 1801 irremotus
712 1728 748 1798 in
760 1726 960 1799 Jerusalem
972 1751 1055 1797 eum
1069 1724 1140 1795 illis

65 1844 217 1914 reniret.
232 1844 338 1942 Hugo
351 1844 504 1943 Magnus
516 1843 659 1944 hujusce
670 1843 859 1943 legationis
872 1842 989 1914 officio
998 1841 1141 1912 functus

69 1961 147 2032 ivit.
166 1958 235 2032 Sed
252 1962 336 2032 licet
353 1962 389 2033 in
415 1962 488 2059 ipsa
511 1960 740 2058 expeditione
758 1961 872 2032 multa
896 1985 1007 2031 manu
1023 1957 1142 2031 consi·

68 2076 189 2176 lioque
203 2079 581 2178 gnaviterperegerit,
598 2076 648 2148 ibi
666 2093 785 2150 tamen
801 2076 959 2148 multum
973 2075 1139 2173 deliquit,

67 2192 130 2265 ubi
155 2192 199 2264 ad
221 2197 367 2283 tratres,
394 2194 486 2266 sieut
502 2194 718 2293 promiserat
737 2211 773 2267 et
785 2192 979 2282 debuerat,
999 2189 1140 2265 corvini

68 2312 208 2409 generis
227 2312 361 2410 legatus
380 2313 452 2409 (2),
475 2329 597 2411 postea
614 2339 689 2386 non
704 2310 849 2385 redirit.

116 2428 327 2502 Discedente
341 2432 510 2530 Hugone,
531 2429 638 2504 duces
652 2430 848 2504 concilium
864 2428 1139 2517 ordinaverunt,

68 2560 104 2616 et
128 2543 173 2616 de
195 2545 430 2620 conducendo
456 2549 491 2619 in
512 2548 711 2620 Jerusalem
726 2545 863 2645 populo
880 2547 945 2618 Dei
965 2544 1141 2618 consiliati

68 2678 162 2734 sunt.
175 2663 357 2739 Dixerunt
372 2666 484 2761 igitur
495 2693 504 2735 ε
514 2664 678 2764 Populus
691 2666 770 2753 iste,
785 2666 851 2761 qai
862 2663 1144 2761 multaspassus

69 2797 121 2852 est
139 2780 389 2870 calamitates,
409 2797 448 2852 ut
464 2782 669 2880 sepulcrum
684 2782 839 2852 Domini
854 2781 928 2852 Dei
943 2785 1003 2850 sui
1020 2778 1144 2850 videre

65 2914 329 2997 pronzereatur,
354 2899 440 2998 jam
470 2897 594 2970 multis
613 2895 803 2997 fatigatus
839 2894 1066 2994 z'rffortuniis,
1095 2894 1143 2966 de

71 3014 315 3088 accelerando
328 3018 454 3088 itinere
465 3017 596 3115 palam
607 3019 853 3116 conqueritur,
871 3031 906 3086 et
916 3041 984 3088 nos
999 3013 1142 3102 itidem,

70 3132 183 3204 multo
201 3134 326 3230 affecti
344 3132 468 3223 taedio,
486 3136 751 3233 conquerimur.
771 3134 1039 3207 Providcamus
1057 3155 1146 3226 ergo

72 3251 162 3349 ipsis
176 3250 279 3348 qnod
297 3253 420 3350 magis
439 3251 525 3322 utile
536 3254 596 3324 sit.
617 3251 753 3325 Nullas
771 3251 918 3326 ulterius
930 3275 1051 3322 moras
1064 3273 1144 3320 een-

70 3393 193 3439 semus
209 3369 462 3458 innectendas,
470 3385 608 3470 praeter
618 3396 709 3470 quas
726 3367 943 3442 inevitabilis
960 3390 1143 3468 opposue-

72 3486 118 3553 rit
133 3487 342 3558 necessitas.
362 3485 438 3558 Sed
455 3503 575 3559 tamen
591 3486 741 3584 singula
757 3512 831 3558 non
848 3487 1059 3584 impetuose,
1078 3482 1146 3554 sed

108 3751 286 3825 (1)Foulque
304 3752 442 3824 dalaiau,
462 3753 620 3827 cinquierne
637 3752 677 3807 du
694 3771 779 3820 nom,
798 3751 841 3806 dit
859 3750 885 3805 le
900 3753 1003 3812 Jeune,
1021 3748 1144 3804 maride

72 3841 241 3907 milisende,
259 3842 314 3896 fille
327 3841 361 3896 de
376 3842 521 3897 Bandouin
535 3842 574 3895 du
586 3843 693 3915 Bourg,
707 3842 751 3896 fut
764 3844 906 3897 couronne'
920 3841 962 3894 roi
983 3839 1018 3895 de
1031 3841 1144 3895 Jerusa-

73 3932 128 3987 lem
144 3932 169 3986 le
186 3936 218 3998 ¹4
232 3933 389 4005 septembre
405 3931 481 3988 1131.
496 3931 520 3985 ll
534 3933 606 3987 avait
615 3934 722 4005 ‘eponae
736 3951 771 3987 en
785 3931 935 4005 premieres
949 3947 1032 3985 noces
1045 3917 1144 3986 litem·-

73 4021 179 4095 burge,
192 4034 327 4078 comtesse
340 4022 378 4077 du
393 4023 473 4077 Mans
487 4021 679 4093 (raro-nali).

109 4114 149 4184 (a)
160 4113 287 4168 Allusion
298 4133 334 4169 au
345 4114 466 4169 corbeau
476 4113 511 4168 de
521 4111 632 4167 l’arche.
647 4113 762 4168 Suivant
776 4112 864 4169 Raoul
875 4114 911 4169 de
922 4115 1012 4182 Casa,
1028 4114 1128 4186 Hugue
1134 4155 1147 4185 ,1

75 4204 163 4272 lalesse
175 4208 190 4259 a
204 4205 229 4260 la
243 4206 348 4273 coisse,
363 4204 446 4260 serait
459 4202 538 4257 allel
553 4203 639 4258 Tarae
652 4222 722 4276 pour
737 4204 775 4276 s’y
788 4205 912 4263 re'tablir.
