2888 4934
185 438 225 494 ss
457 432 640 492 ntsrotm
662 431 964 491 necemusrics.
1058 437 1155 510 [am
1170 434 1242 513 uo]

186 581 256 647 ter,
284 590 358 635 non
388 562 600 636 turbationis
630 562 840 650 insolentia,
869 563 939 634 sed
968 564 1242 660 cunctipotmtis

184 678 257 750 Dei
267 678 339 750 tue
350 705 417 750 uos
430 680 574 779 appulit
587 678 833 778 proeseieutiu.
848 677 979 774 Neque
990 703 1039 747 ee
1051 676 1129 748 ulla
1141 703 1242 750 usur

177 801 327 896 patione
342 797 398 868 ad
412 795 490 868 luec
511 796 718 868 devenimus
735 794 837 883 loca,
860 795 928 866 sed
945 799 1069 895 potius
1090 810 1131 865 ut
1151 794 1242 867 tite-

183 919 257 986 n'us
272 912 472 1006 defleamm
491 929 643 1013 peecata
658 929 793 983 nostra.
810 912 864 982 Et
878 912 969 1010 quia
984 910 1173 984 nobiseum
1193 928 1243 984 est

182 1031 383 1119 Dominus,
409 1032 448 1101 in
473 1031 553 1129 ejus
579 1029 691 1102 tutela
706 1032 817 1130 positi
837 1055 912 1101 nou
936 1032 1100 1101 timemus
1122 1030 1242 1101 mutas

182 1148 387 1234 hominum,
414 1175 495 1220 cum
520 1150 599 1248 ipse
618 1147 778 1218 dixerit:
799 1146 921 1218 Nolite
944 1147 1071 1219 timere
1095 1171 1157 1219 eos
1179 1144 1241 1246 qui

181 1263 350 1337 occidunt
365 1290 512 1362 eorpus3
536 1265 664 1337 animae
682 1290 756 1337 non
774 1263 907 1337 habent
922 1263 1010 1365 quid
1024 1265 1189 1361 saciant(
1212 1264 1240 1357 ).

183 1381 284 1452 Illud
296 1399 418 1454 autem
433 1382 531 1482 quod
540 1385 768 1483 proposuisti
780 1383 941 1453 ultimum
954 1382 1003 1454 de
1017 1382 1161 1469 labore,
1179 1407 1241 1453 no·

184 1503 272 1570 veris
299 1502 389 1597 quia
406 1518 536 1601 potens
558 1518 610 1571 est
631 1502 809 1571 Dominus
832 1506 940 1573 seruis
957 1505 1034 1572 suis
1045 1526 1188 1601 parare
1204 1505 1241 1572 iu

182 1616 323 1688 deserto
343 1643 501 1699 mensam
524 1614 739 1714 refectionis.
769 1619 887 1717 Cujus
909 1618 1105 1718 opulentia·
1121 1622 1242 1716 parti-

183 1760 266 1833 ceps
282 1751 317 1805 et
338 1736 415 1833 ipse
424 1735 516 1834 fieri
533 1753 656 1834 potes,
679 1739 714 1808 si
731 1740 945 1835 pravitatem
967 1760 1079 1834 quam
1097 1758 1242 1807 exereres

183 1851 336 1940 deseris,
357 1870 391 1923 et
410 1854 489 1925 Deo
505 1856 572 1952 qui
586 1860 688 1926 vivus
709 1871 743 1924 et
767 1880 870 1925 uerus
891 1870 962 1943 est,
983 1849 1243 1950 tesamulatu·

182 1994 263 2038 rum
290 1969 515 2042 devotissime
546 1970 801 2070 spoponderis,
819 1970 897 2061 fili.
928 1967 1060 2042 Noster
1087 1990 1243 2067 namque

181 2083 296 2174 Deus,
324 2100 363 2155 ut
385 2087 440 2156 ait
461 2084 654 2184 propheta,
683 2084 719 2156 in
743 2109 966 2183 quecumque
990 2080 1049 2154 die
1075 2098 1243 2180 pecator

181 2225 373 2272 conversus
388 2202 514 2287 tuerit,
534 2227 769 2301 quaecumque
784 2216 949 2299 operatus
964 2216 1016 2272 est
1031 2199 1125 2271 mala
1141 2196 1243 2271 obti-

183 2317 280 2388 vioni
305 2317 415 2389 tradit
437 2320 507 2416 (2).
533 2320 591 2390 Ne
612 2346 698 2418 ergo
719 2320 903 2419 desperes,
913 2315 1052 2416 frater,
1070 2316 1119 2388 de
1134 2315 1242 2386 boni·

183 2444 257 2499 tate
279 2430 353 2500 Dei
367 2449 520 2532 propter
534 2435 795 2503 immanitatem
811 2431 985 2503 scelerum
992 2464 1008 2515 ;
1026 2430 1094 2501 sed
1108 2429 1242 2501 admo·

182 2550 351 2618 uitionem
371 2548 652 2648 psalmographi
671 2576 841 2648 sequens,
864 2548 1003 2620 diverte
1021 2573 1042 2618 a
1065 2545 1184 2632 malo,
1206 2560 1241 2617 et

182 2664 236 2736 tac
255 2661 393 2737 honum
410 2668 485 2764 (3),
499 2693 570 2767 pro
586 2685 682 2740 certo
698 2667 902 2765 intelligens
926 2669 1016 2764 quia
1037 2663 1137 2735 oculi
1156 2662 1242 2735 Do-

182 2784 276 2853 mini
298 2812 408 2885 super
422 2786 563 2884 justos,
588 2803 622 2857 et
647 2812 753 2857 aures
776 2787 856 2884 ejus
881 2784 935 2855 ad
954 2807 1078 2881 preces
1103 2806 1240 2851 eorum.

183 2899 259 2969 Sed
280 2919 313 2972 et
338 2901 434 2972 illud
452 2905 620 2976 uolumus
646 2921 679 2974 te
702 2907 885 2998 ignorare,
910 2898 1012 2998 qaod
1034 2897 1133 2968 idem
1149 2923 1243 2996 pm-

177 3013 291 3111 plum
317 3034 485 3112 personat
513 3024 679 3089 continuo
708 3017 861 3090 terribili
885 3015 1057 3086 relatione
1081 3041 1091 3082 .·
1112 3009 1243 3085 Vultus

183 3143 301 3199 autem
331 3130 475 3201 Domini
504 3158 609 3230 super
636 3133 801 3203 facientes
831 3132 943 3217 mala,
976 3146 1017 3200 ut
1044 3126 1172 3226 perdiu
1198 3124 1243 3198 de

183 3260 279 3315 terra
297 3249 508 3319 memoriam
524 3275 649 3321 eorum
669 3252 738 3347 (4).
767 3248 877 3347 Quod
893 3251 927 3320 si
942 3248 1075 3318 divine
1091 3246 1244 3345 pietatis

183 3365 333 3436 intuitus
344 3393 509 3465 prcesens
531 3367 635 3439 adest
645 3370 778 3467 justis,
799 3385 973 3439 uteorum
988 3389 1113 3462 preces
1128 3386 1245 3434 exau·

182 3479 279 3570 diat,
303 3499 405 3580 patet
422 3484 556 3582 procul
573 3484 682 3554 (labio
700 3490 787 3581 quia
803 3484 990 3554 divertitur
1006 3480 1054 3551 ab
1073 3479 1240 3578 injustis,

219 3821 259 3889 (ι)
272 3822 370 3874 ttatth.
382 3843 412 3889 x,
429 3826 468 3879 18.

219 3913 259 3975 (a)
274 3909 372 3963 bech.
383 3930 459 3979 mu,
471 3932 513 3967 21.

220 3996 366 4067 (5)Pmlm.
381 4019 476 4067 mut,
494 4005 533 4056 15.
602 3982 611 4009 ’

218 4088 257 4156 (⁴¹)
268 4088 340 4142 lbid.
359 4109 400 4164 ¹7·
