2888 4934
173 389 259 470 [sss]
557 388 672 452 sinna
692 376 850 454 sexsus.
1198 397 1238 455 ss

169 522 374 624 peculium,
399 538 433 593 et
452 520 659 618 diligentem
680 539 713 594 te
733 523 887 595 trucides
898 496 1103 622 populum?
1121 525 1241 596 Mali·-

172 639 276 714 uolus
300 655 335 710 et
359 637 493 739 infidus
515 640 625 737 regite
646 641 833 741 majestati
854 638 1083 741 comprobari
1098 658 1238 738 potest,

172 761 236 857 qui
263 759 538 858 persuasionem
576 773 614 826 ut
642 761 816 859 proprius
849 760 1014 855 regiones
1034 754 1142 855 jerro
1176 784 1239 831 seu

165 870 328 970 flamma
341 871 558 960 devastares,
576 871 642 943 tibi
655 872 808 968 largitus
823 889 887 943 est.
906 872 969 943 His
985 873 1133 972 aliisque
1150 872 1243 945 leni-

172 985 241 1060 bus
255 985 375 1059 verbis
389 1012 453 1059 cor
465 987 558 1086 regis
573 986 776 1059 emollitum
789 1003 859 1074 est,
875 1002 911 1060 et
925 985 1070 1060 dimisso
1083 989 1242 1061 exercitu

174 1105 250 1203 ipse
265 1128 331 1176 rex
348 1129 431 1176 cum
447 1102 633 1176 Bernardo
649 1103 891 1203 Rotomagum
910 1104 1087 1203 ingressus
1102 1119 1168 1177 est.
1187 1102 1241 1175 lbi

173 1243 299 1320 regem
315 1217 518 1292 Bernardus
535 1246 616 1293 cum
639 1219 777 1318 ingenti
794 1221 926 1292 civium
944 1218 1104 1319 tripudio
1122 1245 1244 1292 susce-

172 1337 245 1435 pit,
262 1334 398 1435 dapsile
414 1337 619 1410 convivium
635 1337 869 1435 praeparavit,
889 1337 1076 1436 ipsumque
1088 1360 1154 1435 per
1165 1336 1244 1434 plu·

172 1455 286 1530 riusos
300 1452 377 1527 dies
396 1481 478 1528 cum
496 1479 637 1529 summo
658 1456 779 1529 lavore
800 1452 969 1528 detinuit.
992 1454 1155 1554 Cumque
1177 1478 1241 1525 rex

173 1571 328 1675 padam
343 1570 402 1645 die
418 1589 500 1672 post
515 1573 707 1671 prandium
726 1574 761 1645 in
781 1573 861 1645 aula
879 1572 1069 1672 principali
1089 1570 1242 1646 resedis-

173 1696 241 1781 set,
261 1705 300 1763 et
317 1715 399 1762 cum
411 1687 478 1761 sibi
496 1687 731 1762 assidentibus
747 1690 850 1762 laetus
865 1690 1008 1788 negotia
1025 1689 1128 1788 regni
1143 1705 1243 1762 trae-

176 1822 298 1893 tanet,
318 1805 429 1878 solers
450 1805 653 1879 Bernasdus
669 1804 875 1906 ambiguam
898 1806 1064 1906 plurimis
1088 1805 1244 1879 locutio-

177 1948 259 1997 nem
274 1919 403 1994 oellide
426 1909 629 2021 promovet.
655 1931 808 2023 Ingens,
835 1923 971 2022 inquit,
995 1923 1199 2022 gaudium,
1221 1951 1244 1994 o

177 2041 420 2130 llormannici
436 2068 619 2141 proceres,
644 2042 749 2115 nobis
773 2059 937 2115 exortum
960 2058 1029 2130 est,
1050 2041 1147 2113 unde
1164 2042 1245 2113 Deo

176 2163 319 2258 gnatius
333 2187 504 2259 agamus,
525 2176 564 2231 ut
579 2160 735 2260 dt'gnum
747 2176 812 2232 est.
834 2158 1022 2231 Hactenus
1039 2160 1245 2231 servivimus

179 2275 268 2351 duci
277 2274 329 2347 de
335 2279 512 2376 progenie
524 2276 708 2362 Rollouis3
722 2303 821 2349 nunc
834 2277 976 2350 volente
987 2276 1065 2348 Deo
1074 2300 1245 2376 paremus

180 2397 256 2493 regi
274 2420 411 2493 magno
433 2394 479 2467 de
495 2399 676 2497 prosapia
702 2395 830 2468 Caroli
848 2395 983 2494 Magni
1001 2394 1242 2496 imperatoris.

180 2511 264 2585 Huc
276 2507 543 2610 usquefuimas
558 2512 723 2604 ducales,
739 2540 839 2586 stunc
851 2538 937 2585 uero
950 2538 1073 2584 sumus
1087 2510 1244 2610 regales,

181 2627 237 2701 sel
253 2629 360 2729 quod
381 2633 501 2730 majus
519 2647 590 2721 est,
612 2610 831 2732 imperiales.
852 2630 1015 2731 Cumque
1032 2652 1157 2702 omnes
1175 2626 1247 2698 bu-

181 2742 372 2841 jusoemodi
390 2747 615 2821 sermonibus
634 2747 917 2847 applaudissent,
943 2764 980 2820 et
997 2746 1118 2820 Gallos
1138 2744 1247 2817 blan-

185 2860 232 2936 dis
247 2861 524 2963 sophismatibus
543 2865 752 2955 illusissent,
772 2867 902 2939 iterum
919 2864 1121 2940 Bernasdus
1138 2863 1249 2936 silen-

187 2980 270 3055 tium
286 2981 412 3080 petiit,
431 2985 639 3084 cunctisque
657 2982 857 3058 tacentibus
876 2984 921 3055 ita
938 2983 1054 3056 dixit:
1070 2990 1115 3054 In
1128 2981 1249 3054 multis

188 3100 421 3196 sagacitatem
439 3102 669 3173 Francorum
684 3099 851 3202 approbo
859 3133 875 3186 ,·
897 3115 1145 3172 verumtamen
1165 3098 1247 3170 Do-

189 3215 300 3288 minus
316 3241 417 3287 meus
434 3242 500 3289 rex
517 3216 733 3317 unamsecit
748 3244 822 3290 rem
840 3245 951 3317 quam
966 3245 1042 3290 non
1058 3216 1172 3289 laudo
1179 3273 1193 3305 ,
1213 3218 1251 3286 in

190 3355 259 3428 qua
268 3331 446 3404 damnum
460 3336 540 3434 ejus
553 3352 587 3408 et
598 3338 800 3410 monimum
812 3335 970 3408 dedecus
980 3334 1100 3406 uideo.
1110 3333 1252 3407 Notum

189 3464 234 3520 est
247 3449 416 3522 omnibus
433 3453 535 3551 quod
550 3455 661 3554 Hugo
680 3456 842 3551 Magnus
854 3452 1015 3555 perfidus
1033 3468 1102 3538 est,
1121 3466 1154 3521 et
1168 3475 1253 3549 pro·

189 3561 309 3637 ditoris
322 3565 455 3666 filius,·
478 3571 540 3641 cui
565 3597 631 3642 rex
648 3588 767 3643 noster
786 3573 918 3642 nimias
943 3571 1040 3641 uires
1063 3567 1176 3638 auxit
1201 3564 1254 3637 acl

188 3707 288 3755 suum
293 3740 307 3773 ,
326 3686 370 3755 ni
375 3682 512 3784 fallor,
532 3687 692 3762 dedecus
699 3747 710 3780 ,
731 3689 826 3763 dans
844 3688 903 3760 illi
927 3684 1158 3759 Oaimensem
1174 3710 1252 3785 pa-

185 3822 271 3893 gum
291 3816 327 3870 et
346 3801 626 3876 Constantinum
646 3833 729 3877 cum
749 3804 872 3876 multis
895 3818 1121 3875 armatorum
1138 3799 1254 3872 milli-

188 3909 264 3985 bus.
296 3916 468 3989 Pestilens
494 3919 725 3993 consiliarius
751 3919 954 4021 simplicem
981 3917 1104 3990 lterum
1132 3915 1254 3987 dolose

188 4027 329 4132 decepit
333 4090 346 4124 ,
375 4049 410 4105 et
428 4035 583 4109 cultrum
602 4041 640 4111 in
659 4041 821 4112 oninium
838 4064 962 4127 suom,
978 4037 1130 4136 justitia
1148 4035 1255 4106 truti-

188 4167 316 4240 nante,
338 4151 489 4250 defiuit,
511 4158 575 4253 qui
598 4157 741 4230 domino
758 4185 824 4232 suo
848 4153 1051 4254 cordos-tare
1071 4155 1253 4226 inimicum
