2888 4934
195 429 255 488 120
467 426 977 489 a1sr0nnaccnnsusr1ct.
1053 431 1149 509 [am
1165 429 1253 509 nso]

196 558 396 644 consecuti,
426 558 502 632 Ileo
526 559 657 659 gratias
681 574 718 630 et
745 557 864 632 laudes
887 557 1015 633 devote
1042 559 1252 633 concinunt.

193 669 305 744 Multa
324 671 398 746 illic
417 669 617 747 habitantes
632 671 805 746 beneficia
819 674 883 746 Ilei
901 675 1079 753 sentiunt
1099 674 1255 748 merito-

189 810 260 886 que
277 786 545 885 gratulantes,
536 814 573 860 tn
591 785 685 860 beati
702 788 814 887 patris
827 786 970 862 Ebrulfi
982 787 1123 863 meritis
1136 787 1253 957 tripu·

188 899 290 976 diant
305 918 342 976 et
360 901 559 978 confidunt.

238 1019 441 1114 Quidam
406 1047 478 1110 vn,
500 1046 632 1122 genere
648 1022 772 1110 Brito,
792 1022 942 1098 nomine
962 1020 1227 1113 Goislredns,
1216 1049 1253 1096 m

188 1162 282 1236 pago
294 1136 530 1212 Corboniensi
544 1138 599 1236 (ι)
612 1136 786 1210 habitavit
791 1165 803 1229 3
818 1138 881 1238 qui
892 1138 1017 1212 multis
1029 1139 1087 1237 (ut
1098 1138 1177 1238 ipse
1190 1160 1253 1213 re·

186 1251 346 1353 terebat)
360 1252 398 1326 in
412 1255 600 1354 juventute
612 1254 747 1352 rapinis
759 1269 795 1327 et
808 1253 1005 1329 latrociniis
1020 1253 1158 1328 studuit
1163 1282 1178 1343 3
1194 1251 1255 1328 sed

187 1383 270 1465 post
280 1366 428 1467 aliquod
442 1384 600 1467 tempus,
617 1369 813 1466 inspirante
824 1369 920 1456 Deo,
935 1371 1046 1442 vitam
1060 1367 1256 1445 salubriter

186 1484 352 1557 mutavit.
370 1485 585 1584 Legitimam
600 1485 699 1558 enim
724 1486 933 1585 conjugem,
956 1484 1105 1559 nomine
1119 1483 1253 1563 *Hildev

187 1603 359 1701 burgem,
374 1602 495 1691 duxit,
514 1604 659 1702 ejusque
676 1600 825 1676 utilibus
838 1604 985 1677 monitis
998 1601 1204 1702 adquievit,
1220 1616 1257 1676 et

185 1717 388 1793 crudelibus
398 1719 641 1820 lethiferisque
653 1720 826 1793 satellitiis
838 1720 1074 1807 renuntiavit,
1084 1735 1124 1794 et
1131 1719 1257 1794 labore

186 1861 360 1908 manuum
379 1861 461 1937 quoe
479 1836 546 1908 sibi
567 1837 759 1910 necessaria
777 1852 881 1910 erant
898 1837 1120 1935 procuravit.
1138 1837 1256 1911 Porro

186 1950 231 2025 de
252 1950 359 2026 rebus
379 1980 462 2027 cum
483 1952 613 2027 sudore
631 1952 815 2053 adquisitis
830 1954 1070 2051 eleemosynas
1084 1951 1257 2043 faciebat,

186 2069 308 2170 egenis
328 2086 365 2144 et
388 2071 529 2145 clericis
548 2097 589 2145 ac
607 2071 766 2144 eremitis
784 2071 1039 2171 monachisque
1060 2068 1257 2144 distribue-

187 2187 268 2274 bat,
290 2205 327 2260 et
349 2186 549 2288 hujusmodi
573 2189 661 2260 viris
683 2189 792 2261 totius
811 2189 863 2261 sui
883 2188 1261 2288 porismatis'qutestm

187 2301 366 2400 superflua
396 2300 600 2391 tribuebat,
633 2327 770 2403 suoque
798 2327 1016 2403 suorumque
1042 2302 1154 2376 victui
1182 2301 1259 2379 sola

188 2417 382 2489 necessaria
402 2415 619 2489 reservabat.
642 2418 709 2490 Hic
728 2417 934 2492 societatem
950 2417 1176 2491 Uticensium
1190 2441 1259 2491 ex·

187 2531 308 2630 petiit,
326 2547 362 2605 et
372 2533 485 2605 frater
499 2533 536 2605 in
550 2531 696 2606 Christo
707 2533 832 2620 lactus,
847 2533 1108 2607 fraternitatem
1118 2532 1260 2632 optime

186 2651 354 2724 servarit.
381 2653 423 2725 ln
447 2652 640 2751 praecipuis
664 2651 877 2725 Sanctorum
903 2651 999 2724 lestis
1019 2648 1065 2724 ad
1090 2651 1260 2726 Uticense

187 2766 399 2842 coenobium
418 2769 604 2856 veniebat3
628 2767 690 2842 sed
710 2769 882 2867 praecepti
903 2768 992 2867 legis
1012 2791 1168 2856 memor,
1192 2792 1260 2842 ra-

186 2909 272 2956 cuus
287 2884 415 2959 fratres
431 2885 575 2958 visitare
592 2883 752 2959 nolebat.

238 3002 270 3096 [ι
284 3003 383 3100 rte]
396 3001 599 3095 Quondam,
614 3001 764 3077 biennio
778 3018 862 3076 ante
872 3018 1030 3076 mortem
1041 3001 1191 3075 Henrici
1201 3024 1259 3075 re·

186 3116 261 3215 gis,
283 3116 504 3203 admirabilis
520 3145 577 3191 res
595 3120 770 3219 contigit:
783 3136 889 3194 nocte
908 3120 963 3217 (2)
974 3119 1110 3192 scilicet
1118 3117 1259 3192 Natalis

185 3231 437 3315 Innocentium
447 3232 630 3307 subitanea
646 3234 709 3307 nix
722 3260 766 3308 ex
780 3236 977 3334 improviso
993 3249 1090 3307 tanta
1105 3231 1254 3324 cecidit,

183 3349 489 3449 quantammrllus
501 3351 713 3424 mortalium
727 3352 822 3425 illius
833 3353 900 3425 aevi
913 3350 1064 3442 viderat,
1079 3351 1137 3424 vel
1149 3376 1171 3423 a
1184 3374 1257 3451 ρω-

183 3461 411 3565 dagogissuis
423 3466 535 3540 visam
546 3466 741 3567 aliquando
752 3466 925 3540 audierat.
945 3466 1039 3539 Nam
1054 3465 1170 3538 aditus
1183 3463 1256 3542 do-

182 3608 329 3656 morum
342 3583 541 3675 obstruxit,
561 3585 702 3657 viarum
716 3583 920 3683 superficies
935 3583 1093 3676 obtexit,
1110 3598 1255 3657 montes

182 3714 219 3769 et
241 3700 348 3772 valles
369 3702 586 3799 coaequavit,
613 3726 693 3775 aves
714 3717 750 3775 et
769 3699 937 3773 animalia
955 3698 1158 3788 suffocarit,
1181 3699 1253 3774 ho-

216 3910 256 3979 (1)
271 3910 307 3963 Le
320 3908 501 3966 Corbonnais.
518 3911 625 3984 Voyez,
640 3919 810 3966 concernant
820 3907 846 3961 la
856 3908 1087 3982 circonscription
1099 3907 1136 3963 de
1147 3907 1249 3963 cePa-

182 4015 248 4068 gns,
264 3998 313 4070 qui
327 3999 456 4070 occupait
472 3997 692 4073 l'emplacoment
706 3999 746 4054 du
762 3999 884 4066 Perche,
899 4007 980 4052 notre
994 3997 1129 4053 Memoire
1146 3995 1253 4052 surlet

181 4088 328 4143 anciennes
340 4086 472 4142 divisione
484 4089 666 4145 territoriales
677 4089 713 4144 de
725 4088 751 4144 la
764 4086 944 4144 Normandie.

216 4178 255 4245 a)
274 4177 310 4232 ta
328 4176 391 4231 nun
408 4176 446 4231 ou
463 4176 543 4247 jesar
562 4179 597 4235 ιι
613 4178 760 4234 decembre
780 4175 856 4233 uss.
878 4179 914 4233 n
927 4176 981 4234 rste
993 4175 1028 4231 ne
1040 4162 1250 4233 satur-amus

182 4265 248 4319 r'tait
258 4264 284 4320 le
294 4263 452 4322 lendemain
465 4281 500 4340 ²9
514 4290 519 4319 ι
535 4274 577 4320 1v⁶
590 4266 647 4323 kal.
660 4267 798 4336 januarii.
