2888 4934
192 415 344 487 [tantumno
359 413 449 488 1099]
577 410 694 469 LlBEll
716 409 853 470 NONUS.
1196 413 1255 470 585

192 558 352 630 rexerat,
374 540 528 614 firmiter
551 540 729 638 spondens
749 539 848 642 quod
866 539 1075 612 Christianis
1094 539 1258 637 pacificus

192 675 299 747 esset,
321 675 356 731 et
372 659 484 731 multa
502 657 546 731 de
563 660 633 730 suis
651 658 807 732 libenter
822 659 1042 756 impartiret,
1064 672 1099 729 et
1114 682 1179 755 per
1197 673 1256 729 to-

193 793 269 848 tum
286 802 441 876 regnum
455 803 557 848 suum
576 778 764 874 copiosum
779 792 978 848 mercatum
995 771 1255 872 suppeditaret,

135 909 140 920 '
192 894 260 965 nisi
279 892 321 965 ad
338 919 418 966 eum
433 891 770 980 exhereditandum,
790 893 846 965 vel
864 918 1018 991 regnum
1031 916 1135 962 suum
1147 889 1258 989 depo-

191 1010 390 1108 pulandum
419 1010 642 1083 Francorum
668 1036 778 1110 genus
814 1009 1032 1084 indomitum
1058 1007 1255 1081 anhelaret.

192 1128 278 1200 lnde
295 1127 445 1200 fidelitas
461 1155 479 1200 a
497 1154 582 1228 rege
596 1128 807 1201 Christianis
823 1131 912 1201 facta
927 1145 992 1201 est.
1008 1125 1144 1200 Deinde
1160 1153 1178 1197 a
1196 1125 1259 1198 Ca·

87 1247 97 1255 ”
190 1243 326 1343 pharda
347 1271 472 1318 omnes
497 1248 625 1345 egressi
652 1263 755 1336 sunt,
780 1264 816 1319 et
838 1271 935 1318 secus
961 1244 1111 1317 lluvium
1136 1245 1258 1315 Farl'ar

189 1387 303 1460 prope
320 1361 514 1434 Caesaream
530 1364 778 1435 castrametati
796 1379 893 1435 sunt.
912 1360 1046 1436 Videns
1063 1378 1179 1433 autem
1195 1386 1257 1433 rex
1292 1385 1299 1394 ‘

189 1478 346 1552 Francos
369 1504 484 1577 prope
507 1479 635 1552 urbem
662 1507 761 1551 suam
786 1478 998 1578 hospitatos,
1026 1476 1258 1551 vehementer

190 1595 364 1685 indoluit,
384 1612 421 1669 et
435 1596 600 1669 celeriter
618 1597 688 1668 illis
707 1596 784 1669 haec
796 1595 982 1669 mandavit
998 1625 1006 1665 :
1023 1596 1109 1668 Nisi
1118 1621 1257 1667 summo

188 1713 353 1786 diluculo
367 1742 391 1786 a
409 1717 569 1787 civitatis
586 1732 718 1788 nostrae
736 1715 905 1788 suburbio
919 1731 1043 1786 eastra
1059 1728 1183 1785 uestra
1200 1738 1258 1783 rc-

189 1832 392 1921 moveritis,
410 1828 612 1928 vorfoedus
624 1834 755 1905 v'nitum
771 1831 980 1919 violabitis,
998 1857 1136 1929 nosque
1154 1829 1258 1902 cobis

189 1967 387 2021 mercatum
398 1955 625 2050 promissum
644 1950 867 2040 vetabimus,
892 1975 1031 2047 nosque
1048 1945 1152 2020 nobis
1166 1972 1259 2046 pro-

189 2064 403 2137 videbimus,
422 2067 527 2137 Mane
543 2067 654 2165 igitur
669 2065 783 2156 sacto,
800 2066 889 2139 duos
906 2064 950 2137 de
971 2064 1041 2135 suis
1060 2063 1103 2134 ad
1124 2088 1183 2134 eos
1197 2060 1257 2133 di-

189 2182 302 2269 rexit,
322 2183 384 2282 qui
401 2182 480 2255 illos
496 2182 647 2257 evadare
672 2183 823 2258 lluvium
840 2182 1050 2271 edocerent,
1066 2199 1102 2254 et
1118 2181 1257 2254 exerci-

190 2314 265 2370 tum
283 2298 320 2370 in
333 2315 465 2371 terram
474 2301 630 2374 fertilem
643 2301 874 2375 deducerent.
893 2302 1128 2374 Intraverunt
1140 2315 1256 2371 autem

187 2416 379 2517 quamdam
392 2418 522 2492 vallem
531 2421 689 2518 opimam
706 2435 743 2492 et
756 2420 987 2518 locupletem,
1004 2419 1060 2491 cui
1075 2434 1261 2514 supererat·

142 2636 144 2639 .
189 2534 497 2634 castellum,quod
509 2538 692 2635 extemplo
703 2537 1001 2610 consulibusfecit
1014 2535 1254 2607 securitatem.

188 2639 390 2747 Depraedati
408 2667 588 2751 suntergo
600 2652 810 2723 animalium
825 2651 868 2722 ad
884 2652 1044 2751 quinque
1060 2649 1188 2721 millia.
1203 2646 1256 2719 lbi

187 2766 295 2838 etiam
330 2767 485 2839 multum
519 2766 744 2840 diversorum
777 2768 1036 2838 alimentorum
1064 2778 1257 2860 ,repertum

188 2899 257 2971 est,
273 2899 310 2954 et
328 2909 405 2980 prae
422 2883 585 2956 ubertate
604 2886 760 2985 gratuita
788 2899 862 2956 tota
881 2883 1016 2955 Christi
1044 2880 1172 2953 militia
1199 2904 1258 2950 rc·
1295 2966 1296 2969 Ἴ

186 2999 276 3073 secta
293 3017 357 3073 est.
382 3001 583 3075 Castrenses
602 3004 710 3076 etiam
734 3002 906 3075 exercitui
932 2999 1109 3073 dederunt
1126 3023 1255 3098 equos,

188 3142 386 3216 aurumque
407 3118 656 3216 purissimum,
673 3120 898 3218 multamque
915 3117 1126 3217 pecuniam,
1146 3130 1182 3185 et
1194 3116 1256 3213 ju-

185 3249 358 3304 raverunt
373 3258 409 3306 se
434 3235 633 3333 peregrinis
651 3235 855 3308 nullatenus
870 3233 1037 3332 deinceps
1050 3232 1255 3319 nocituros,

182 3374 299 3449 neque
315 3350 466 3423 subinde
481 3370 681 3426 mercatum
694 3354 743 3426 eis
756 3352 1022 3452 prohibituros.
1043 3352 1256 3421 Manserunt

182 3481 302 3538 antem
318 3465 381 3539 ibi
406 3465 531 3539 diebus
552 3469 726 3568 quinque.
755 3469 893 3555 Porro,
918 3466 1000 3539 inde
1024 3464 1192 3564 digressi,
1211 3461 1255 3533 ad

182 3580 361 3679 quoddam
385 3584 546 3657 Arabum
561 3586 816 3685 applicuerunt
838 3601 1009 3658 castrum.
1034 3582 1121 3654 Mox
1144 3581 1255 3679 igitur

182 3700 316 3772 castelli
334 3700 500 3775 dominus
528 3730 611 3775 cum
638 3704 688 3776 eis
716 3704 901 3776 locuturus
917 3700 1047 3787 exivit,
1067 3714 1103 3771 et
1129 3721 1253 3796 pacem

180 3817 283 3905 secit,
306 3845 387 3917 quae
406 3821 551 3920 utrique
569 3822 662 3920 parti
682 3822 829 3920 placuit.
847 3821 1150 3919 Demigraverunt
1171 3814 1254 3888 inde

182 3932 225 4004 ad
243 3936 424 4008 civitatem
451 3937 750 4039 Cephaliam(1),
770 3939 884 4010 muris
906 3935 1189 4037 pulcherrimam
1217 3949 1253 4004 et

192 4115 289 4123 w...
310 4118 327 4124 v·
336 4119 416 4126 ---·<-
422 4120 978 4130 —-..‹--.-.--.—·-1--0---—.—..---.--.
986 4121 1021 4131 0-
1029 4111 1250 4128 ...η-Μ’·

216 4211 225 4277 s
234 4210 257 4280 v)
275 4210 297 4264 ll
312 4212 424 4267 n’existe
440 4214 500 4287 plus
513 4214 547 4268 dc
562 4226 649 4271 traces
663 4217 698 4271 de
710 4227 782 4273 cette
797 4216 869 4272 ville.
