2888 4934
302 357 362 419 tet
579 354 763 415 elsroeu
786 353 1094 415 ecciesusrrcs.
1266 360 1370 436 [ross]

345 491 494 562 Decreta
510 514 597 562 vero
613 487 775 575 concilii,
794 486 890 586 apud
906 487 1221 561 Clarummontem
1237 487 1368 578 habiti,

295 624 378 680 sunt
407 605 679 706 hujuscemodi:
707 606 873 678 Ecclesia
900 608 949 678 sit
971 606 1178 694 catholiea,
1212 623 1320 681 casta
1340 627 1371 679 et

295 725 437 798 libera:
458 726 640 796 catholica
660 729 697 793 in
705 723 783 822 fide
800 742 834 794 et
851 728 1103 797 communione
1126 726 1367 816 Sanctorum,

295 859 401 916 casta
415 842 463 913 ab
476 844 579 939 omni
591 842 810 938 contagione
829 840 1001 926 malitiae,
1022 859 1057 912 et
1074 841 1190 914 libera
1211 841 1259 914 ab
1276 851 1372 915 omni

294 958 471 1030 saeculuri
477 959 670 1056 potestate!
683 957 882 1055 Episcopi,
899 956 961 1026 vel
976 956 1142 1044 abbates,
1157 974 1227 1029 aut
1240 958 1369 1057 aliquis

294 1074 341 1146 de
355 1074 469 1161 clere,
483 1073 650 1170 aliquam
664 1071 953 1144 ecclesiasticam
969 1073 1186 1173 dignitatem
1201 1074 1248 1145 de
1260 1102 1367 1146 manu

289 1195 517 1294 principum,
534 1192 595 1263 vel
604 1191 845 1288 quorumlibet
856 1191 1052 1277 laicorum,
1071 1220 1145 1264 non
1159 1195 1368 1294 accipiant!

298 1309 432 1383 Clerici
450 1312 486 1377 in
505 1307 650 1378 duabus
669 1306 874 1378 civitatibus
889 1308 949 1378 vel
959 1308 1122 1380 ecclesiis
1130 1308 1368 1409 predationes

292 1425 587 1526 seuprcebendas
598 1423 858 1496 nonbabeantl
869 1426 991 1497 Nemo
1002 1429 1200 1527 episeopus
1212 1444 1247 1497 et
1257 1426 1367 1499 abbas

293 1543 405 1615 simul
416 1546 482 1614 sit!
499 1542 702 1638 Presbyter,
723 1542 906 1614 diaconus
914 1601 925 1633 ,
943 1544 1215 1633 subdiaconus,
1233 1543 1296 1616 vel
1310 1572 1367 1617 ca·

293 1663 448 1733 nonicus
479 1661 668 1760 cujuslibet
694 1661 854 1750 ordinis,
882 1663 1029 1733 carnali
1055 1664 1274 1734 commercio
1303 1689 1367 1733 non

295 1784 439 1850 utatur!
456 1779 661 1872 Presbyter,
683 1779 881 1868 diaconus,
900 1779 1167 1869 subdiaconus,
1184 1799 1273 1881 post
1290 1781 1367 1877 lap-

293 1925 373 1969 sum
393 1924 466 1969 non
483 1901 680 1969 ministret!
699 1898 976 1970 Ecclesiastico
993 1897 1210 1997 dignitates,
1228 1900 1293 1971 vel
1304 1926 1366 1970 ca-

292 2019 450 2104 nonicoe,
465 2044 488 2086 a
501 2016 603 2086 nullo
615 1997 835 2104 vendantur,
848 2015 908 2086 vel
918 2021 1106 2087 emantur!
1118 2016 1202 2088 Illis
1215 2034 1364 2103 tantum,

293 2135 379 2232 qui,
408 2135 616 2232 ignorantes
655 2158 838 2205 canonum
867 2136 1145 2223 auctoritatem,
1176 2132 1368 2231 oelfuisse

286 2249 531 2352 prohibitum,
554 2256 754 2322 corzonicas
779 2268 961 2339 emerunt,
983 2251 1166 2322 indultum
1192 2253 1266 2323 sit!
1293 2251 1367 2324 Illis

259 2368 262 2372 '
292 2395 395 2457 vero,
415 2370 480 2467 qui
496 2370 651 2439 scienter
666 2396 690 2438 a
704 2395 760 2456 se,
780 2368 837 2439 uel
850 2395 873 2439 a
889 2368 1103 2467 parentibus
1121 2385 1268 2468 emptas
1283 2395 1367 2468 pos·

292 2486 424 2575 rident,
445 2485 677 2583 uiderentur!
695 2487 814 2558 Nemo
832 2486 1008 2558 laicorum
1023 2503 1110 2585 post
1125 2503 1301 2584 acceptos
1318 2489 1368 2558 ci·

293 2629 395 2674 neres
413 2604 588 2701 incapite
600 2604 739 2702 jejunii
758 2630 871 2701 usque
894 2603 948 2675 nd
968 2603 1115 2674 Pasclza
1135 2629 1289 2675 carnem
1305 2630 1366 2676 co-

292 2719 431 2791 medat!
446 2719 556 2790 Omni
565 2737 723 2821 tempore
729 2722 1077 2820 primassuefecimus
1089 2721 1264 2819 Quatuor
1273 2724 1310 2793 T
1305 2748 1367 2793 em-

288 2840 553 2939 porumprima
570 2837 802 2908 bebdomada
819 2837 1128 2936 Qiiadragesimre
1146 2838 1364 2911 celebretur!

297 2955 453 3026 Ordines
478 2957 750 3054 omnitempore
777 2972 843 3027 aut
865 2957 903 3026 in
928 2983 1084 3057 vespera
1106 2956 1274 3047 sabbati,
1304 2973 1363 3030 aut

288 3089 538 3173 perseverante
550 3074 701 3172 jejunio
724 3073 924 3145 Dominica
944 3073 1185 3144 celebrentur!
1206 3082 1253 3147 In
1276 3072 1362 3146 sab-

292 3189 376 3261 bato
387 3189 548 3261 Pasclue
558 3190 715 3286 officium
728 3194 879 3264 nonnisi
887 3209 973 3291 post
981 3192 1066 3263 solis
1078 3193 1363 3286 occasumjiuia-

291 3310 369 3377 tur!
386 3306 417 3378 J
416 3306 579 3406 ejum'um
597 3306 796 3378 secundum
812 3335 955 3408 semper
968 3310 1007 3379 in
1026 3308 1253 3381 ltebdomade
1270 3310 1364 3380 Pen·
1403 3322 1405 3324 ’

291 3608 502 3682 ῐυνεηῑζάοηῃὸε
512 3609 595 3664 d'une
609 3612 729 3664 manibre
742 3608 867 3664 officielie
880 3630 930 3682 par
941 3609 967 3664 le
979 3629 1048 3683 pape
1061 3609 1222 3677 lui-mimo,
1236 3610 1305 3665 dans
1318 3629 1362 3666 sou

290 3699 424 3772 privilege
440 3718 475 3754 en
493 3701 586 3754 favour
599 3701 633 3754 de
652 3701 771 3755 l'evechc
787 3700 908 3754 d’Arras.
928 3702 1021 3755 Psrmi
1038 3720 1082 3755 ces
1098 3702 1217 3773 prelats,
1235 3718 1307 3757 nous
1321 3721 1362 3756 re·

293 3806 473 3861 marquerons
483 3790 571 3856 Helie,
583 3792 753 3865 archeveque
761 3790 795 3844 de
807 3791 882 3848 Bari,
893 3790 962 3844 dont
973 3809 1044 3845 nous
1053 3808 1138 3845 avons
1146 3811 1181 3846 eu
1192 3794 1320 3848 occasion
1331 3791 1362 3845 de

110 3874 113 3881 '
217 3927 221 3937 ,
291 3874 383 3946 parler
397 3875 547 3943 ci-dessus,
564 3898 590 3949 p.
604 3881 655 3931 215
671 3891 699 3933 ct
712 3877 773 3944 216,
788 3890 815 3932 et
830 3881 894 3952 qui,
908 3889 990 3951 ayant
1003 3898 1068 3952 recu
1084 3880 1108 3933 la
1123 3881 1204 3935 visite
1220 3881 1256 3935 de
1271 3881 1362 3936 Pierre

290 3959 425 4029 l’Ermite‚
442 3977 572 4018 recenant
585 3965 619 4018 de
630 3966 653 4019 la
668 3967 880 4034 Terre-sainte,
892 3967 1096 4040 l’accompagna
1112 3968 1147 4021 de
1161 3969 1223 4023 Bari
1233 3970 1360 4043 jusqn'au

291 4051 397 4108 concile
410 4054 445 4109 de
457 4054 609 4109 Clermont.
629 4059 663 4111 Le
678 4058 794 4112 nombre
808 4058 856 4112 des
870 4058 966 4124 abbis,
980 4059 1030 4131 qui
1044 4069 1085 4112 est
1099 4060 1136 4112 ici
1153 4060 1353 4127 indeterminb,

287 4153 318 4192 te
331 4150 427 4197 trouve
439 4144 519 4217 porte
532 4142 600 4196 dans
613 4155 657 4198 cet
670 4157 730 4200 acte
744 4149 759 4199 'a
771 4147 832 4220 plus
846 4144 880 4199 de
892 4146 1161 4220 quatre-vingt-dix.
