2888 4934
182 406 263 480 [uim
281 402 373 476 roso]
576 393 694 456 99999
715 393 854 453 nortus.
1020 400 1036 431 ·
1189 396 1249 454 999

129 568 132 575 ·
185 530 307 629 aprilis
321 530 502 602 frumenta
524 524 748 615 secabantur,
771 540 808 595 et
833 519 1095 597 vindemiarum
1112 524 1252 598 redibat

186 657 389 719 autumnus.
418 647 498 718 Dux
517 646 628 744 igitur
644 640 858 716 Godesridus
876 656 912 712 et
930 665 1048 713 comes
1066 641 1253 715 Norman-

186 748 272 850 nus,
293 761 520 836 Flaudrensis
543 778 579 834 et
595 761 793 834 Tolosanus
813 775 850 832 et
872 758 1098 847 Tancredus‚
1129 758 1174 831 de
1196 762 1252 832 ria

186 878 385 981 peragenda
404 879 513 953 locuti
537 894 634 965 suut,
654 877 824 977 quiajam
841 875 1014 964 instabat,
1034 876 1145 949 immo
1162 901 1255 975 pene

185 995 360 1069 transibat
377 996 551 1094 temporis
563 993 830 1093 opportunitas.
844 993 999 1066 Dimisso
1015 995 1140 1093 igitur,
1157 994 1256 1093 quod

185 1113 248 1186 diu
266 1112 498 1201 obsederant,
515 1112 681 1200 castello,
700 1110 881 1208 Tripolim
894 1127 1043 1183 ventum
1061 1128 1114 1183 est
1129 1114 1183 1210 (1)
1193 1165 1204 1201 ‚
1219 1130 1257 1186 et

185 1230 303 1303 loedus
331 1257 414 1303 cum
431 1228 666 1327 Tripolitanis
688 1228 871 1299 firmatum
888 1243 953 1300 est.
981 1228 1057 1299 Rex
1081 1229 1256 1330 siquidem

186 1347 345 1445 Tripolis
370 1372 418 1419 xv
445 1346 557 1417 millia
583 1344 839 1442 byzanteorum
864 1362 901 1417 et
927 1370 975 1417 xv
999 1347 1121 1445 magni
1149 1349 1256 1445 pretii

187 1488 297 1562 equos
315 1463 386 1535 illis
401 1460 519 1551 dedit,
535 1479 572 1534 et
587 1487 645 1533 999
661 1464 891 1561 peregrinos,
911 1489 1001 1562 quos
1014 1462 1077 1535 diu
1095 1481 1259 1538 tenuerat

185 1579 365 1676 captivos,
380 1576 549 1650 reddidit.
569 1578 733 1676 Denique
750 1576 817 1649 sub
837 1577 991 1650 obtentu
1008 1581 1104 1677 pacis
1116 1607 1258 1654 merca-

188 1714 266 1768 tum
286 1697 337 1769 eis
363 1696 532 1794 praestitit
554 1697 620 1792 (9).
647 1695 752 1768 Unde
776 1696 935 1768 universi
959 1698 1082 1770 resecti
1101 1714 1203 1786 sunt,
1222 1712 1260 1770 et

188 1814 342 1886 firmiter
369 1816 418 1887 eis
443 1813 581 1911 pepigit
607 1810 722 1912 quod,
752 1813 779 1883 si
806 1812 962 1902 bellum,
985 1812 1081 1913 quod
1100 1831 1187 1888 tune
1209 1817 1258 1888 eis

187 1930 425 2026 Babylonicus
433 1929 651 2001 Admiralius
661 1928 1103 2031 praeparabnt‚aliquundo
1113 1933 1258 2005 vincere

188 2062 333 2144 possent
342 2098 352 2131 ,
377 2047 448 2143 ipse
464 2044 686 2145 Christianus
704 2045 915 2133 efficeretur,
935 2063 971 2117 et
987 2045 1031 2118 de
1044 2063 1176 2121 coetero
1190 2065 1260 2121 terd

188 2189 267 2234 ram
291 2188 391 2234 suam
409 2161 446 2233 in
467 2186 595 2233 eorum
612 2159 783 2233 fidelitate
802 2163 988 2235 retineret.
1014 2166 1139 2265 ltaque
1163 2165 1258 2240 maio
1379 2235 1386 2242 .

188 2277 368 2352 mediante
399 2281 450 2376 (5)
476 2279 523 2349 ab
549 2277 640 2350 urbe
668 2275 923 2369 discesserunt,
947 2297 984 2353 et
1009 2296 1083 2354 tota
1111 2280 1169 2354 die
1194 2307 1261 2380 per

189 2413 329 2468 arctum
349 2411 385 2469 et
411 2393 582 2483 arduum,
603 2395 813 2495 inviumque
837 2396 907 2467 iter
924 2395 1089 2488 iverunt,
1109 2422 1261 2500 seroque

189 2510 233 2584 ad
248 2527 405 2584 castrum
420 2509 597 2583 Betheren
616 2510 671 2607 (Δ)
688 2527 947 2608 pervenerunt.
963 2511 1101 2585 Deinde
1112 2514 1263 2607 Ζ91)991,·

190 2629 326 2701 civitati
345 2629 401 2724 (t)
418 2626 495 2698 sitae
513 2627 551 2696 iu
566 2625 751 2703 littoribus
765 2627 972 2717 maritimis,
990 2632 1262 2730 appropinqua·-

191 2760 333 2819 verunt.
350 2743 404 2815 lbi
424 2757 577 2841 propter
602 2756 778 2841 uquarum
797 2743 987 2840 penuriam
1004 2747 1160 2843 perpessi
1177 2763 1261 2820 sunt

190 2859 466 2934 immoderatam
490 2858 565 2931 sitis
592 2859 813 2958 angustiam,
831 2884 900 2958 qua
928 2860 1036 2934 nimis
1052 2860 1198 2952 delecti,
1216 2863 1262 2938 ad

190 2978 314 3050 Braim
329 2976 481 3048 llu'vium
496 2975 551 3074 (6)
568 2975 1036 3075 eursimproperaverunt,
1057 2978 1119 3052 ubi
1137 2980 1261 3056 homi-

191 3119 255 3167 nes
265 3112 303 3167 et
313 3095 475 3194 jumenta
491 3108 580 3191 potu
596 3093 746 3166 recreati
763 3109 860 3166 suut.
879 3093 946 3167 Die
961 3118 1049 3169 vero
1060 3097 1261 3173 Dominicae

228 3363 269 3429 (t)
281 3360 320 3415 Ils
331 3378 351 3432 y
364 3360 517 3414 amitterent
529 3357 556 3413 le
567 3357 701 3414 vendredi
718 3356 751 3414 13
763 3359 828 3414 mai.

228 3450 266 3523 (9)
280 3452 320 3508 Ce
329 3449 420 3506 uelut
432 3450 560 3524 qu’apres
573 3450 649 3504 avoir·
661 3452 706 3505 ete'
717 3451 816 3504 vaincu
831 3449 899 3504 daus
911 3469 966 3505 une
981 3451 1124 3524 sanglante
1134 3453 1259 3521 bataille‚

192 3557 248 3612 que
260 3539 352 3594 l’e'mir
366 3538 400 3593 de
414 3537 524 3612 Tripoli
536 3539 681 3594 souecrivit
692 3542 708 3593 a
720 3557 766 3594 ees
779 3538 946 3594 conditione.

228 3623 267 3696 (3)
280 3626 375 3679 Pierre
388 3624 544 3681 Tudebode
560 3636 589 3680 et
602 3625 724 3681 Guibert
741 3625 776 3680 de
790 3627 903 3698 Nogeut
919 3626 1068 3700 indiqueut
1084 3627 1110 3682 le
1128 3628 1261 3686 vendredi

197 3712 229 3769 13
243 3714 296 3767 mai
309 3729 417 3768 comme
429 3713 455 3768 le
469 3715 535 3785 jour
549 3713 584 3768 de
596 3714 658 3769 leur
671 3715 790 3783 anisse,
805 3726 834 3770 et
844 3716 871 3768 le
881 3713 960 3769 lundi
977 3714 1009 3769 16
1021 3735 1129 3772 comme
1142 3716 1213 3774 oelui
1226 3719 1263 3775 de

194 3804 256 3858 leur
272 3803 380 3875 depart.
401 3803 478 3858 Nous
495 3804 638 3875 preferens
654 3823 700 3860 ees
718 3804 793 3861 dates
809 3809 824 3861 9
841 3804 922 3860 celles
933 3807 982 3880 qui
1000 3817 1063 3860 sont
1076 3807 1200 3887 souruies
1211 3829 1262 3883 par

195 3893 303 3948 Robert
314 3892 349 3947 de
361 3892 538 3948 sunt-Remi
551 3904 580 3946 et
592 3905 694 3949 autres.
1200 3901 1203 3907 “

230 3986 268 4054 (4)
281 3983 394 4056 botrys,
409 3981 588 4053 aujourd‘hui
602 3982 734 4038 Batroun.
1185 3978 1210 4029 0

230 4072 269 4143 (5)
282 4071 394 4146 Byblos,
411 4071 589 4144 aujourd'hui
602 4071 712 4127 Geba'il.

231 4161 271 4233 (6)
285 4162 322 4216 Le
334 4162 437 4234 Lycus,
451 4159 629 4231 aujourd’hui
642 4159 855 4217 Nabal-kere

271 4277 326 4324 111.
1071 4250 1117 4326 38
