2888 4934
487 383 603 443 LIBER
626 381 784 442 SEXTUS.
938 427 940 431 .
1135 384 1167 436 ll

104 516 200 588 olera
213 513 366 613 colligit,
379 512 563 611 pulmenta
572 512 710 600 condit,
723 512 901 609 legumina
917 506 1084 581 infundit.
1096 509 1173 606 lpsa

104 657 191 706 vero
202 631 405 705 resectionis
418 629 520 717 hors,
531 631 628 706 nulla
642 628 903 702 interveniente
916 650 1032 712 mora,
1044 640 1170 697 cuncta

104 747 199 819 laute
231 759 430 844 praeparata
461 743 631 818 iratribus
660 743 872 842 anteponit;
896 740 1029 842 jejunia
1052 740 1172 812 conti-

104 891 238 952 nuans,
268 863 359 937 lares
384 863 481 936 louet
504 880 540 937 et
562 862 730 937 custodit.
756 865 834 962 lpse
851 862 966 959 pistor
989 857 1170 931 clibanum

105 980 282 1069 calefacit,
306 1005 414 1079 patres
432 982 587 1079 imponit
603 999 639 1055 et
656 995 776 1055 coctos
789 977 958 1053 extrahit.

151 1096 342 1190 Quondam
356 1123 424 1195 pro
437 1100 586 1195 penuria
601 1098 804 1198 lignorum,
820 1095 864 1170 ad
875 1093 1103 1197 coquendum
1116 1122 1174 1194 pa·

104 1239 178 1300 nes,
197 1230 376 1289 sarmenta
390 1217 573 1314 congerit,
591 1214 757 1313 stipulam
776 1215 932 1314 colligit,
948 1231 984 1285 et
997 1210 1171 1313 quidquid

103 1358 230 1407 manus
255 1331 414 1420 invenit,
433 1332 470 1406 in
489 1335 671 1406 caminum
695 1333 768 1406 cito
787 1331 950 1431 projicit,
969 1357 1010 1402 se
1029 1330 1173 1402 sortiter

104 1450 282 1538 calefacit3
303 1475 456 1550 cumque
471 1476 615 1524 servum
627 1449 693 1522 Dei
707 1464 848 1548 tempus
864 1446 1096 1521 vehementer
1106 1471 1173 1517 ur-

105 1582 223 1664 geret,
242 1590 397 1667 eumque
413 1567 521 1639 nimis
537 1567 713 1639 introrsus
726 1564 957 1664 redargueret
972 1560 1069 1663 quod
1084 1561 1171 1636 bora

105 1681 285 1757 reficiendi
300 1684 426 1758 iratres
440 1683 702 1784 aliquantulum
718 1682 942 1782 praeteriret,
959 1706 1024 1754 nec
1034 1680 1097 1752 ille
1109 1677 1172 1751 ba·

103 1797 205 1872 beret
217 1797 311 1871 unde
318 1800 502 1875 fornacem
513 1797 694 1873 cineribus
705 1797 945 1873 evacuandam
954 1810 1169 1905 estergeret,

104 1914 286 1989 Christum
299 1917 455 2005 invocat,
474 1919 579 2016 signo
593 1917 717 1991 Crucis
728 1917 907 2003 munitur,
920 1911 1079 1986 medium
1091 1913 1170 1984 lor-

104 2034 200 2107 uacis
213 2034 338 2122 intrat,
354 2050 391 2108 et
403 2037 523 2107 omnia
536 2061 618 2134 quse
633 2032 682 2106 ibi
699 2031 834 2134 agenda
847 2048 964 2120 erant,
979 2029 1172 2128 diligenter

105 2151 234 2225 illaesus
254 2169 448 2251 praeparat.
478 2150 660 2226 Carbones
688 2149 790 2224 nudis
815 2149 981 2223 manibus
1004 2145 1169 2246 projicit,

105 2268 217 2340 illaeso
231 2268 405 2367 scapulari
424 2271 562 2343 cineres
579 2270 746 2368 exponit,
763 2268 854 2340 lares
865 2282 982 2366 aptat,
1002 2281 1038 2336 et
1051 2265 1173 2336 intro-

102 2383 286 2463 mittendis
297 2385 449 2484 panibus
464 2401 651 2485 temperat.
666 2387 724 2463 Sic
736 2386 950 2460 Guillelmus
962 2385 1000 2456 in
1015 2383 1096 2482 igne
1110 2379 1172 2454 diu

103 2504 219 2592 stetit,
239 2527 307 2581 neo
323 2505 435 2580 ullam
451 2503 674 2584 adustionem
693 2504 730 2576 in
750 2528 904 2602 corpore
917 2527 980 2575 seu
996 2516 1092 2573 veste
1110 2526 1170 2571 sua

103 2618 263 2716 pertulit.
277 2620 402 2697 Postea
415 2621 565 2696 consilio
577 2623 730 2697 fratrum
744 2619 853 2696 abbas
864 2619 1007 2694 servilia
1018 2619 1049 2693 ei
1062 2642 1170 2715 opera

103 2737 254 2811 omuino
270 2736 477 2836 probibuit3
498 2738 560 2813 sed
574 2740 731 2815 orationi
749 2754 785 2813 et
797 2754 928 2813 sanctae
946 2734 1171 2811 meditationi

102 2876 227 2925 sumre
245 2855 436 2952 praecepit,
454 2854 691 2955 idoneamque
704 2854 832 2929 cellam
846 2855 878 2926 ei
898 2851 1095 2951 deputavit.
1113 2850 1172 2922 Sic

102 2966 164 3040 diu
190 2971 405 3044 exercitatus
432 2974 469 3045 in
500 2973 635 3060 activa,
654 2973 789 3070 incepit
805 2972 1027 3072 requiescere
1045 2970 1082 3047 in
1098 2968 1171 3040 rita

104 3086 336 3184 speculativa,
348 3103 384 3163 et
396 3105 478 3187 post
489 3088 643 3163 Marthae
654 3091 841 3165 servitium
854 3091 1093 3189 frequensque
1105 3085 1172 3158 mi·

104 3202 308 3291 nisterium,
327 3200 526 3279 delectatur
535 3231 619 3281 cum
632 3206 745 3281 Maria
765 3205 803 3279 in
815 3204 966 3303 pereuni
981 3201 1133 3283 theoria.

148 3319 311 3392 Tandem
321 3320 546 3410 Guillelmus,
557 3324 733 3420 perlectus
740 3321 945 3409 virtutibus,
952 3322 1081 3419 spiritu
1090 3345 1171 3417 pro·

102 3432 233 3530 phetioe
244 3434 416 3527 donatur,
431 3454 468 3510 et
480 3437 609 3512 divinis
622 3441 775 3512 oraculis
784 3441 856 3512 rita
867 3442 941 3539 ejus
952 3436 1167 3509 declaratur.

103 3547 228 3623 Obitus
238 3552 292 3623 sui
303 3550 399 3626 diem
411 3552 532 3626 abbati
549 3571 585 3628 et
596 3555 766 3628 fratribus
777 3555 961 3654 proedixit,
976 3553 1170 3652 multisque

102 3667 229 3776 ¹vicinis
242 3670 378 3767 scripto
392 3673 499 3745 etiam
515 3671 748 3772 significavit,
769 3689 806 3745 et
826 3672 958 3746 Carolo
977 3670 1052 3769 regi
1070 3668 1170 3742 dele-

103 3785 200 3881 gavit
209 3789 392 3876 nuntium,
405 3803 442 3861 et
451 3790 608 3888 signum,
624 3791 722 3892 quod
736 3790 838 3864 fieret
847 3788 936 3863 dum
949 3802 1167 3874 moreretur,

102 3900 383 3976 manifestissime
399 3903 581 3980 indicavit.
602 3907 784 3996 Tandem,
810 3905 979 3981 omnibus
995 3904 1065 3976 rite
1083 3928 1168 3975 con·

102 4018 300 4105 summatis,
316 4019 485 4119 migravit
498 4021 541 4093 B.
558 4021 772 4096 Guillelmus
784 4037 821 4094 v⁰
836 4021 907 4093 lral.
919 4019 1011 4119 junii
1026 4019 1096 4118 (t),
1110 4045 1170 4090 an·

139 4258 415 4328 mhffimffla
