2888 4934
185 380 249 440 370
461 374 644 438 fltsrottta
665 375 971 466 Eccttsttstlct.
1139 380 1251 460 [1091]

184 509 303 585 minus
329 508 476 583 cucullis
505 510 626 583 amicti
657 527 775 584 erant.
806 509 1008 587 Gemebant
1032 525 1070 584 et
1095 509 1250 611 plange-

185 629 294 717 bant,
323 643 360 701 et
385 627 553 701 nonnulli
583 626 832 702 Galchelmum
858 626 1085 717 vocitabant,
1112 653 1158 701 ac
1181 652 1251 726 pto

184 745 334 845 pristina
360 743 600 818 familiaritate
622 761 664 818 ut
684 769 753 843 pro
777 769 815 818 se
839 761 981 832 oraret,
1003 741 1246 844 postulabant.

184 861 318 934 Multos
335 861 508 934 nimirum
524 884 664 959 magnae
679 861 926 934 aestimationis
942 858 993 933 ibi
1010 858 1199 959 presbyter
1212 885 1249 934 se

184 976 310 1049 vidisse
336 976 477 1064 retulit,
553 1002 593 1050 oa
619 975 773 1050 humana
788 975 915 1075 opinio
935 975 1075 1049 Sanctis
1091 975 1131 1049 in
1154 975 1249 1050 coelo

178 1095 254 1194 jam
270 1093 479 1193 conjunctos
490 1092 630 1167 astruit.
650 1093 841 1193 Hugonem
854 1119 984 1192 nempe
998 1092 1111 1185 vidit,
1126 1093 1248 1167 buxo-

181 1212 341 1283 viensem
361 1210 553 1309 praesulem
573 1210 589 1307 (
594 1210 647 1308 1),
677 1209 880 1284 et‘abbates
898 1211 1101 1310 praecipuos
1122 1239 1132 1282 a
1152 1210 1247 1283 Mai-

182 1351 312 1400 nerum
323 1326 528 1400 Uticensem
542 1326 599 1425 (a)
607 1378 619 1415 ,
638 1341 745 1425 atque
763 1324 983 1400 Gerbertum
998 1324 1247 1398 Fontinellen·

181 1470 255 1518 sem
275 1445 351 1543 (t),
385 1443 543 1544 aliosque
568 1443 719 1534 multos,
750 1470 841 1544 quos
868 1443 1082 1518 nominatim
1109 1466 1246 1544 nequeo

182 1561 359 1648 recolere,
378 1585 494 1662 neque
518 1561 653 1660 scripto
674 1561 774 1635 nitor
802 1560 938 1635 indere.
964 1562 1152 1634 Humanas
1168 1561 1246 1661 ple-

181 1701 334 1777 rumque
349 1674 486 1748 lallitur
503 1676 670 1765 intuitus,
693 1674 754 1750 sed
768 1677 833 1750 Dei
853 1676 1062 1751 medullitus
1075 1676 1247 1777 prospicit

180 1793 317 1865 oculus.
332 1794 450 1868 Homo
459 1793 558 1866 enim
568 1790 666 1866 videt
677 1793 714 1866 in
725 1792 828 1883 lacie,
842 1793 1065 1867 Deusaut'em
1076 1793 1116 1868 in
1126 1790 1243 1870 corde.

181 1899 222 1982 ln
236 1934 350 2011 regno
365 1925 512 1982 aeternae
529 1907 760 1983 beatitudinis
776 1927 949 2010 perpetua
966 1910 1109 1983 claritas
1129 1910 1245 1985 omnia

181 2025 347 2116 irradiat,
367 2024 488 2127 ibique
505 2027 659 2124 perlecta
677 2015 869 2115 sanctitas,
884 2052 993 2101 omne
1007 2026 1245 2102 delectamen-

181 2158 257 2216 tum
270 2141 409 2243 adepta,
428 2144 465 2215 in
482 2141 563 2215 filiis
575 2144 677 2242 regni
689 2143 854 2217 exsultat.
871 2143 925 2217 lbi
938 2143 1027 2217 nihil
1043 2144 1245 2220 inordinate

181 2261 312 2359 agitur,
333 2259 424 2334 nibil
439 2260 666 2360 inquinatum
682 2259 768 2334 illuc
781 2261 1050 2335 intromittitur.
1063 2260 1247 2337 Nihilaor·

181 2375 317 2460 didum‚
332 2376 577 2476 honestatique
590 2377 828 2467 contrarium,
846 2377 920 2450 illio
934 2379 1130 2476 reperitur.
1143 2374 1245 2452 Unde

182 2491 357 2594 quidquid
370 2493 625 2568 inconveniens
640 2496 709 2568 soex
725 2494 878 2568 carnalis
894 2496 1072 2569 commisit
1082 2548 1099 2585 ,.
1111 2521 1244 2596 purga·

138 2616 141 2621 ’
184 2613 279 2685 torio
296 2612 378 2710 igne
391 2610 616 2711 decoquitur,
635 2612 812 2711 variisque
827 2611 1120 2711 purgationibus,
1138 2629 1244 2712 prout

182 2745 338 2803 aeternus
354 2753 481 2803 censor
492 2728 669 2827 disponit,
683 2728 912 2801 emundatur.
928 2730 977 2801 Et
993 2730 1087 2802 sicut
1105 2754 1168 2803 vas
1182 2753 1243 2803 ex·

183 2862 281 2921 cocta
305 2845 472 2945 rubigine
494 2844 687 2933 mundum,
707 2862 744 2919 et
758 2845 952 2945 diligenter
967 2845 1127 2947 undique
1150 2846 1242 2946 poli-

183 2979 282 3054 tum,
306 2964 343 3035 in
364 2961 568 3035 thesaurum
584 2960 810 3050 reconditur,
839 2963 889 3036 sic
917 2964 1054 3045 anima,
1082 2964 1241 3062 omnium

183 3079 356 3150 vitiorum
371 3105 390 3150 a
407 3080 620 3178 contagione
632 3077 820 3170 mundata,
834 3079 1037 3178 paradisum
1051 3079 1242 3154 introduci·

183 3211 257 3284 tur,
279 3193 397 3295 ibique
417 3197 516 3268 omni
533 3196 699 3269 lelicitate
718 3196 874 3295 pollens,
896 3199 973 3270 sinc
987 3213 1087 3271 metu
1106 3214 1143 3271 et
1162 3222 1239 3272 cura

184 3313 337 3385 laetatur.

224 3425 1239 3528 Terribilibusvisispresbyteradmodumtrepidabat,ba

182 3545 334 3645 culoque
349 3545 505 3636 innixus,
520 3543 738 3618 terribiliora
754 3545 991 3645 exspectabat.
1007 3547 1104 3620 Ecce
1122 3549 1239 3647 ingens

182 3661 356 3734 exercitus
371 3662 527 3734 militum
541 3659 767 3761 sequebatur,
782 3679 818 3735 et
836 3662 958 3734 nullus
974 3662 1089 3751 color,
1110 3687 1178 3735 arec
1190 3661 1236 3758 (4)

1088 3816 1229 3829 ..ο-...ωψσε

214 3885 252 3955 (ι)
265 3884 367 3954 Hugue
379 3882 463 3951 d'Eu,
481 3883 584 3957 eaeque
598 3881 633 3938 de
648 3884 755 3939 Lisieux
769 3885 902 3962 (1050-17
911 3884 1004 3957 juillet
1020 3888 1108 3961 1077).

214 3973 253 4044 (α)
267 3973 392 4041 Mainier,
409 3973 478 4028 abbe
490 3972 526 4028 de
540 3961 758 4029 Salat-dvroult.

214 4058 252 4129 (3)
264 4060 400 4129 Gerbert,
416 4061 485 4115 abbd
499 4061 534 4117 de
547 4062 809 4118 Salat-Wandrillc.

212 4152 250 4218 (l)
263 4149 339 4204 Nous
351 4167 469 4222 pensons
480 4152 548 4224 qu'il
562 4152 621 4207 saut
635 4152 687 4207 lire
698 4157 714 4208 t
726 4153 750 4208 la
763 4154 839 4226 place
852 4155 887 4209 de
900 4174 931 4209 ce
946 4164 1004 4209 mot
1018 4178 1024 4207 t
1040 4155 1102 4210 sed.
