2888 4934
192 371 356 450 [mosao
567 372 683 434 erran
704 372 860 436 saxros.
1206 374 1246 437 oa

190 500 343 577 exeundi
359 515 586 598 potestatem,
602 503 833 603 obstupefacti
845 529 909 576 cur
920 500 988 576 hoe
1002 502 1246 602 contingeret,

185 637 224 695 et
237 623 315 720 jam
325 617 479 692 errando
490 619 644 718 fatigati,
659 621 848 695 audierunt
860 620 1022 718 signnm,
1042 645 1114 718 quo
1125 620 1250 692 fratres

186 737 296 810 acciti
309 736 544 809 convenirent
560 735 605 809 ad
620 754 798 810 consuetae
815 736 985 809 orationis
1004 735 1160 807 studium
1180 741 1193 833 (
1218 737 1247 833 ).

184 853 249 927 Ad
263 857 365 949 cujus
380 855 538 927 sonitum
556 853 669 928 nimio
686 872 826 928 terrore
848 852 998 952 perculsi
1013 868 1094 925 sunt
1104 907 1115 940 ,
1135 868 1171 926 et
1188 878 1250 925 re-

182 968 286 1045 lictis
298 969 416 1067 porcis
429 967 471 1040 ad
489 968 672 1042 hominem
683 951 747 1043 Dei
765 969 935 1043 velociter
950 982 1183 1041 accesserunt.
1202 968 1252 1039 Et

181 1088 341 1162 confessi
357 1085 494 1161 crimen
507 1086 603 1187 quod
622 1105 788 1188 egerant,
800 1088 881 1160 sacti
893 1103 975 1159 sunt
992 1086 1023 1157 ei
1037 1084 1216 1160 monachi.
1233 1119 1250 1154 »

244 1233 265 1271 o
279 1203 417 1276 Verum
430 1201 474 1274 ad
489 1202 808 1277 commendandam
822 1203 996 1275 illustrem
1011 1200 1162 1300 gloriam
1176 1227 1253 1272 ma-

184 1320 317 1420 gistri,
344 1345 417 1393 non
444 1319 533 1392 illud
555 1319 742 1394 tacendum
768 1346 841 1393 esse
864 1318 1045 1408 duximus,
1072 1317 1168 1417 quod
1188 1343 1253 1416 per

187 1435 651 1539 quemdamdiscipulorum
665 1434 820 1536 ejusdem
826 1434 1170 1508 honorificentissimi
1184 1434 1251 1506 viri

190 1551 360 1628 exhibuit
371 1553 579 1655 precellens
592 1555 703 1652 gratia
714 1552 927 1652 septiformis
939 1552 1105 1649 Spiritus.
1121 1550 1256 1624 Corvus

193 1654 370 1769 namque,
393 1669 453 1768 qui
479 1694 593 1767 prope
627 1670 882 1743 monasterium
907 1666 1164 1754 nidificaverat,
1189 1692 1254 1739 ova

193 1788 328 1859 furtive
353 1784 535 1884 rapiebat,
561 1802 597 1858 et
620 1811 685 1883 per
709 1786 878 1858 insertam
900 1785 1090 1856 fenestram
1112 1782 1256 1856 reiecto

196 1904 296 1976 rium
311 1904 463 1992 intrans,
482 1903 603 1976 omnia
622 1902 809 1989 turbabat,
826 1901 982 2000 nidoque
995 1926 1059 1974 suo
1072 1899 1169 2001 quod
1182 1901 1255 1973 tol-

198 2019 273 2092 lere
285 2035 404 2117 posset
419 2018 636 2118 asportabat.
656 2022 758 2093 Tunc
775 2045 867 2092 unus
887 2044 930 2090 ex
952 2017 1140 2107 fratribus,
1161 2021 1258 2118 eujus

199 2136 363 2211 hocerat
379 2139 552 2225 officium,
573 2138 781 2236 simpliciter
795 2163 901 2210 orans
919 2136 1036 2236 inquit
1054 2165 1063 2206 :
1083 2137 1256 2224 Domine,

199 2255 353 2329 vindica
378 2281 445 2328 nos
470 2255 516 2328 de
545 2256 771 2345 adversario,
799 2258 864 2354 qui
889 2252 1007 2353 auser!
1032 2253 1134 2352 qnod
1159 2252 1260 2325 nobis

201 2371 317 2445 donat
346 2387 411 2445 tua
438 2377 631 2446 miseratio.
664 2372 738 2445 Nec
768 2398 867 2444 mora
899 2371 1124 2468 reperierunt
1154 2370 1261 2443 volu-

203 2512 301 2561 crem
319 2487 387 2560 sub
404 2488 534 2564 arbore
551 2507 753 2580 mortuam,
769 2515 838 2589 qua
854 2486 921 2560 sibi
946 2488 1183 2561 collocaverat
1200 2489 1262 2559 ni-

203 2603 289 2678 dum
310 2606 379 2704 (2).
398 2607 457 2679 Sic
469 2606 642 2708 quidquid
660 2608 710 2680 eis
727 2632 857 2679 nocere
868 2606 1002 2692 voluit,
1023 2620 1084 2677 aut
1108 2607 1179 2677 cito
1203 2631 1261 2704 pe-

205 2723 285 2813 riit,
320 2739 382 2796 aut
409 2726 591 2822 poenitens
620 2725 780 2798 melioris
807 2722 983 2821 propositi
1016 2721 1178 2794 habitum
1209 2747 1263 2794 re-

206 2838 311 2937 oepil.
330 2869 350 2907 n

250 2952 369 3054 lgitur
383 2981 466 3028 curn
483 2958 645 3030 omnium
668 2957 849 3054 inspector
866 2955 959 3027 Deus
973 2955 1169 3054 gloriosum
1191 2982 1265 3032 cer·

209 3085 325 3145 tamen
353 3071 496 3146 Ebrulfi
520 3073 640 3148 dilecti
666 3074 719 3145 sui
757 3072 951 3145 clementer
979 3073 1167 3172 aspiceret,
1200 3100 1266 3149 cor

211 3185 302 3262 illius
321 3187 403 3264 fidei
425 3189 601 3264 soliditate
626 3190 831 3276 roboravit,
853 3191 1018 3291 quatinus
1040 3217 1267 3291 perseverans

239 3431 281 3501 (ι)
297 3429 339 3486 Ge
355 3429 406 3484 tait
419 3439 567 3496 rencourt,
585 3448 648 3484 arec
665 3427 798 3503 quelques
810 3439 903 3485 autres
920 3429 960 3485 du
974 3430 1063 3486 meme
1079 3448 1163 3503 genre
1175 3432 1268 3503 puisds

214 3517 275 3575 dms
289 3519 429 3592 Gregoire
450 3518 485 3572 de
502 3521 610 3586 Toum,
631 3524 646 3573 ἐι
669 3537 787 3592 pronver
809 3538 864 3593 que
883 3519 985 3591 l’usage
1003 3519 1051 3573 des
1067 3517 1177 3573 cioches
1199 3519 1268 3573 dans

214 3597 318 3684 l'dglise
330 3608 496 3664 d'Occident
508 3619 550 3663 est
562 3609 619 3663 sort
629 3610 770 3664 anterieur
778 3629 814 3664 au
826 3628 896 3682 pape
911 3609 1056 3676 sabinien,
1072 3609 1171 3683 auquel
1186 3629 1222 3665 on
1233 3629 1269 3665 en

215 3709 352 3755 arcerent
360 3697 481 3753 attribue
491 3697 710 3753 l’introduction.

240 3791 281 3864 (α)
294 3789 319 3844 ΙΙ
331 3789 429 3862 parcit,
444 3789 551 3862 d’apres
564 3808 595 3843 ce
607 3791 789 3862 paragraphe‚
799 3807 853 3863 que
865 3788 891 3841 la
903 3789 1060 3861 reputation
1073 3788 1120 3843 drs
1133 3786 1269 3844 corbeanx

216 3897 270 3935 tons
281 3881 309 3936 le
321 3890 437 3953 rapport
447 3879 483 3934 de
500 3879 683 3935 l’inclination
702 3899 737 3935 au
755 3880 812 3946 rol,
826 3879 890 3935 date
901 3879 936 3934 de
948 3879 1015 3934 loin.
1025 3880 1102 3935 Nous
1115 3899 1196 3936 avons
1208 3880 1270 3953 dejt

216 3986 245 4025 m
254 3970 393 4027 ct-deaus
403 3971 413 4038 l
420 3979 440 4024 t.
452 3970 497 4037 11,
508 3989 536 4042 p.
552 3972 620 4045 272)
631 3970 679 4025 des
691 3972 800 4026 oiaeanx
813 3970 848 4025 de
860 3980 931 4026 cette
943 3972 1039 4044 espece
1052 3971 1155 4044 figuret
1166 3971 1234 4025 dans
1246 3971 1272 4024 la

216 4056 326 4133 legende
335 4059 371 4115 de
381 4059 453 4113 saint
464 4059 603 4127 Guthlac;
616 4061 685 4116 mais
694 4061 768 4117 leurs
781 4061 888 4116 dolante
901 4081 918 4132 y
931 4072 993 4116 sont
1006 4062 1106 4117 toleres
1117 4081 1180 4116 avec
1192 4062 1274 4117 beau·

218 4168 283 4222 coup
296 4149 359 4223 plns
371 4148 405 4203 de
417 4148 550 4203 douceur,
