2872 4920
184 399 244 462 416
459 398 643 457 HISTORIA
665 394 971 459 lacctestasrtct.
1147 402 1248 480 [1094]

181 532 359 606 adversari
378 532 581 629 prospexit,
605 555 765 629 pacema
788 528 938 604 domino
961 555 1088 605 socero
1108 558 1175 606 suo
1191 558 1249 633 pe-

184 653 258 738 tiit,
290 666 326 722 et
348 649 524 750 gaudente
548 649 743 722 Guillelmo
767 651 995 748 impetravit,
1016 652 1123 752 eique
1148 669 1246 741 tuuc,

181 768 327 868 regibus
343 785 379 840 et
394 767 545 841 ducibus
560 767 623 841 diu
640 769 792 859 vexatis,
813 794 934 843 arcem
946 769 991 843 de
1005 769 1129 845 lbreio
1145 768 1249 845 hono·

184 885 282 958 rilice
299 883 467 957 reddidit.

231 1005 317 1078 Haec
341 1003 516 1074 nimirum
535 1019 587 1075 est
607 1004 719 1076 turris
737 1004 891 1095 famosa,
919 1006 1045 1105 ingens
1069 1020 1108 1078 et
1133 1005 1246 1079 muni·

181 1123 330 1208 tissima,
347 1148 456 1221 quam
472 1119 671 1209 Albereda,
689 1149 782 1195 uxor
801 1121 956 1208 Radulfi,
977 1123 1246 1223 Bajocensisoo·

181 1241 349 1337 mitisfr),
361 1240 576 1328 construxit,
591 1256 627 1312 et
640 1241 761 1339 llngo,
779 1241 978 1341 Bajocensis
990 1240 1243 1340 episcopm(2)‚

181 1362 291 1432 frater
309 1355 504 1442 Jolrannis,
526 1358 800 1457 Rotomagensis
823 1358 1106 1458 archiepiscopi,
1132 1374 1244 1432 corito

181 1477 287 1551 duces
311 1476 610 1548 Normannornm
633 1477 749 1549 multo
775 1493 938 1575 tempore
963 1477 1096 1549 tenuit.
1124 1477 1245 1551 Ferunt

181 1597 278 1697 quod
310 1596 455 1694 praefata
485 1611 674 1681 matrona,
706 1612 900 1695 postquam
928 1597 1045 1667 multo
1076 1594 1200 1669 labore
1218 1607 1244 1666 et

182 1727 328 1809 sumptu
351 1710 552 1807 saepefatam
574 1735 692 1785 arcem
717 1713 931 1808 perfecerat,
954 1711 1178 1784 henfredum
1195 1736 1243 1783 ar-

181 1827 397 1917 chitectum,
425 1829 522 1926 cnjus
548 1828 682 1926 ingenii
709 1828 783 1901 laus
805 1857 913 1928 super
933 1856 1062 1902 omnes
1084 1829 1240 1912 artifice,

181 1947 242 2046 qui
260 1962 345 2016 tuuc
360 1946 396 2015 in
412 1944 529 2016 Gallia
545 1961 663 2031 erant,
680 1948 963 2039 transcenderat,
977 1950 1056 2047 qui,
1076 1964 1158 2047 post
1172 1972 1240 2020 con·

181 2065 417 2136 structionem
447 2064 557 2134 turris
583 2061 628 2134 de
654 2063 833 2138 Pedveriis
856 2067 931 2164 (3),
957 2068 1133 2165 magister
1156 2065 1239 2161 hujus

181 2183 300 2278 operis
316 2183 502 2266 extiterat,
520 2208 565 2252 ne
578 2181 695 2253 simile
709 2206 799 2279 opus
813 2182 944 2257 alicubi
958 2182 1173 2270 fabricaret,
1189 2180 1238 2254 de·

181 2299 305 2372 collari
320 2299 464 2369 fecerat.
483 2299 646 2398 Denique
663 2299 737 2397 ipsa
755 2327 823 2397 pro
837 2300 959 2373 eadem
973 2327 1088 2374 arcea
1104 2302 1238 2374 virosae

181 2431 367 2513 perempta
381 2432 451 2503 est,
472 2416 556 2515 quia
572 2417 687 2514 ipsum
701 2443 845 2518 quoque
858 2418 904 2490 ab
917 2418 1043 2492 eadem
1057 2418 1238 2492 munitione

181 2557 303 2604 arcere
321 2548 446 2603 conata
465 2549 529 2603 est.

229 2650 287 2721 En
304 2647 473 2723 volubilis
487 2650 632 2722 fortuna
648 2652 809 2751 qnotidie
828 2669 981 2739 rotatur,
998 2670 1033 2726 et
1050 2651 1173 2726 mundi
1185 2666 1235 2724 su·

183 2785 237 2839 tus
260 2766 484 2839 variabiliter
512 2770 682 2866 agitatur.
709 2773 883 2870 lnsipiens
906 2773 1014 2845 nimis
1037 2786 1234 2852 excaecatur,

180 2886 241 2984 qui
263 2885 344 2956 talia
365 2883 462 2955 videt
479 2886 634 2975 assidue,
655 2912 721 2958 nec
738 2890 949 2987 castigatum
971 2887 1033 2960 sed
1052 2884 1235 2961 conliditur

181 3027 242 3090 eo,
262 3004 322 3101 qui
343 3004 416 3073 cito
434 3004 695 3100 praecipitatur.
717 3004 881 3077 Mortalis
898 3005 1093 3077 mortalem
1109 3007 1146 3078 in
1163 3026 1237 3075 mor

181 3139 254 3193 tem
274 3121 447 3218 impellit,
471 3124 622 3221 parique
644 3149 751 3195 cursu
769 3123 931 3222 sequitur
949 3123 1073 3213 illum,
1094 3149 1197 3225 quem
1211 3117 1236 3188 iu

180 3241 330 3315 exitium
349 3240 544 3337 praemisit,
562 3242 766 3340 meritoque
781 3241 866 3327 sibi,
887 3242 944 3312 vel
963 3242 1056 3332 aliis,
1072 3232 1236 3339 suffragari

180 3384 299 3458 posse,
320 3355 556 3455 prohdolor!
578 3359 726 3430 amittit.

186 3512 259 3520 --ι
264 3510 417 3518 ...ῳ-ω.-
426 3509 529 3515 ————-
534 3509 684 3518 ——0—

215 3581 254 3650 (r)
276 3578 402 3642 Auferte,
426 3576 527 3629 femme
548 3575 583 3628 de
601 3575 705 3644 Raoul,
727 3587 819 3631 comte
839 3577 874 3630 de
895 3577 1005 3649 Bayeux
1022 3589 1052 3631 et
1070 3578 1166 3642 d'lvri‚
1184 3572 1236 3627 nto

181 3672 274 3723 uteriu
289 3668 324 3722 de
339 3667 523 3734 Iliclrard1‘¹,
541 3666 612 3720 dont
626 3686 662 3721 on
677 3688 691 3721 a
705 3686 759 3721 une
774 3669 870 3723 charte
885 3686 948 3722 sous
963 3668 988 3722 la
1004 3668 1070 3724 date
1082 3669 1117 3724 de
1135 3685 1201 3731 rori,
1212 3676 1235 3713 ω

180 3760 275 3814 fareur
290 3759 325 3811 de
339 3758 518 3813 Saint-Ouen
534 3757 570 3811 de
586 3757 696 3812 Rouen.

215 3851 253 3919 (a)
270 3851 384 3920 lingue,
401 3849 505 3921 eatque
520 3847 556 3902 de
571 3848 693 3920 Bayeux,
713 3850 772 3902 lcur
787 3849 827 3902 fils
842 3849 913 3903 aine

214 3936 254 4008 (3)
278 3938 312 3990 tt.
333 3937 474 4009 stapleton
493 3955 577 4009 pense
601 3938 669 4010 qu'il
688 3939 768 4010 s'agit
788 3940 823 3992 ici
846 3940 883 3994 du
903 3939 1019 3994 clidteau
1039 3939 1076 3992 de
1095 3935 1232 3992 Pitlriviern

179 4030 235 4084 haiti
252 4046 312 4081 vers
329 4045 397 4100 990,
418 4047 467 4098 par
486 4028 578 4081 Alrisc
597 4046 634 4081 ou
653 4029 764 4082 lle'lo'ise
783 4029 818 4084 de
835 4031 1032 4102 Champagne,
1054 4032 1128 4084 incre
1141 4026 1232 4080 d‘tseu·

179 4119 257 4185 hard,
272 4119 402 4190 seigneur
411 4117 445 4171 de
456 4118 617 4185 Pitlairiers,
630 4118 786 4188 d'Odolric,
799 4122 905 4194 aveque
916 4121 1076 4190 d'Orle'ans,
1088 4130 1116 4175 et
1125 4110 1228 4188 d'agata

180 4210 357 4264 urentionne'e
372 4207 440 4261 dans
457 4208 593 4280 plusieurs
608 4208 730 4262 charles.
