2888 4934
567 382 683 454 ttutttt
703 393 860 457 SEXTUS.
1205 400 1243 460 83

235 550 252 588 a
271 522 393 621 ltaque
405 519 618 593 venerabilis
632 536 732 618 pater
742 517 912 591 Ebrullus
928 520 964 590 in
979 518 1119 591 basilica
1133 523 1243 594 sancti

181 631 279 710 Petri
302 638 545 736 apostolorum
569 638 757 737 principis,
782 663 887 736 quam
915 640 1049 734 ipsoex
1072 637 1247 737 lapidibus

183 755 439 847 aedificaverat,
463 758 499 829 in
519 783 603 830 saxo
618 781 822 828 marmoreo
838 756 989 828 mirifice
1007 757 1164 853 sepultus
1181 775 1245 829 est.

183 875 256 948 Ubi
282 899 393 975 usque
418 877 454 946 in
482 873 694 949 hodiernum
717 873 811 946 diem
830 873 958 946 diversi
978 891 1149 948 curantur
1170 876 1249 948 lan-

186 1015 334 1090 guores,
349 1006 385 1061 et
399 1006 592 1088 proestante
606 994 667 1087 pio
679 990 862 1062 salvatore
874 1006 998 1062 nostro
1012 989 1251 1063 moerentibus

185 1106 408 1202 proveniunt
428 1105 688 1178 consolationes
696 1133 706 1191 ;
733 1105 789 1176 cui
811 1121 863 1177 est
880 1103 999 1178 honor
1021 1121 1056 1178 et
1077 1121 1249 1204 potestas,

187 1250 258 1295 una
282 1250 364 1295 oum
384 1224 490 1295 Patre
509 1239 545 1295 et
565 1223 701 1321 Spiritu
724 1223 873 1309 Sancto,
899 1247 964 1320 per
985 1225 1104 1295 omnia
1126 1224 1252 1296 saecula

189 1341 416 1414 saeoulorum.
438 1340 567 1412 Amen.
587 1372 603 1408 a

239 1457 289 1528 X.
313 1459 405 1531 Ecce
429 1460 540 1531 vitam
563 1460 674 1531 sancti
700 1459 811 1556 patris
830 1456 973 1530 Ebrulli
993 1460 1167 1531 veraciter
1188 1458 1254 1532 de-

175 1568 329 1675 scripsi,
342 1599 504 1676 eamque,
516 1577 634 1648 sicnta
652 1573 835 1675 prioribus
847 1573 939 1647 edita
950 1591 1015 1665 est,
1029 1574 1163 1648 idcirco
1174 1575 1258 1649 huic

192 1693 364 1792 opusculo
380 1692 573 1791 diligenter
591 1692 741 1779 inserui,
760 1708 801 1763 ut
817 1689 1018 1791 legentibus
1037 1695 1150 1790 prosit
1168 1691 1256 1764 tanti

193 1810 318 1882 notitia
335 1810 496 1907 petroni,
513 1808 741 1908 Dominoque
753 1807 830 1880 Deo
841 1808 979 1907 placeat
990 1833 1089 1880 meus
1108 1807 1211 1881 labor
1224 1825 1260 1881 et

192 1925 358 2013 affectus,
380 1927 442 2025 qui
459 1941 579 2024 satago
596 1925 784 2023 propalare
799 1926 988 1997 nutritoris
1000 1925 1071 1997 mei
1087 1926 1261 2026 gloriosos

193 2059 311 2130 actus,
331 2043 374 2116 ad
398 2042 537 2115 laudem
557 2043 651 2114 illius
674 2042 709 2113 in
732 2066 805 2141 quo
827 2042 999 2130 vivimus,
1020 2067 1210 2115 moremur
1226 2059 1262 2114 et

194 2186 326 2233 sumus.
341 2160 477 2233 Verum
488 2183 532 2230 ex
543 2184 616 2258 quo
627 2160 795 2258 praelatus
807 2158 911 2231 heros
922 2159 1063 2231 transiit
1074 2183 1093 2230 e
1104 2159 1259 2245 mundo,

195 2278 256 2378 qui
273 2278 333 2350 vel
349 2294 440 2378 quot
458 2301 673 2350 successores
690 2276 742 2348 illi
763 2277 898 2349 luerint
915 2303 980 2375 per
997 2301 1076 2349 cccc
1094 2303 1206 2350 annos
1225 2278 1260 2350 in

195 2395 353 2468 Uticensi
371 2392 561 2481 coenobio,
578 2416 637 2465 seu
654 2395 776 2494 quales
789 2410 938 2466 eventus
951 2394 1168 2495 pertulerint
1181 2410 1266 2494 pro·

196 2513 364 2586 vinciales
385 2511 442 2585 vel
465 2510 678 2599 coenobitae,
705 2511 846 2610 penitus
864 2511 1006 2611 ignoro.
1027 2511 1119 2584 Nam
1137 2511 1265 2585 subse-

196 2632 320 2730 quenti
338 2645 519 2727 tempore,
539 2628 629 2703 sicut
641 2631 715 2728 jam
741 2631 777 2701 in
799 2629 978 2729 plerisque
1001 2630 1088 2703 locis
1109 2630 1265 2729 pleniter

196 2748 360 2836 enodavi,
376 2749 502 2847 piratae
516 2747 560 2820 de
570 2748 675 2820 Dacia
686 2748 816 2847 egressi
826 2765 923 2837 sunt,
938 2764 974 2819 et
983 2749 1083 2846 prius
1092 2749 1265 2848 Hastingo

196 2863 364 2954 ductore,
384 2892 425 2937 ao
440 2862 669 2963 postmodum
685 2863 861 2955 llollone,
879 2865 916 2937 in
935 2863 1137 2937 Neustriam
1154 2889 1266 2937 rene-

199 2998 302 3068 runt,
319 2997 356 3054 et
369 2979 570 3052 christianae
584 2977 663 3050 fidei
679 2978 862 3079 divinique
877 2980 992 3051 cultus
1006 2981 1140 3079 ignari,
1160 3007 1266 3082 super
1385 3038 1388 3044 .

199 3097 338 3172 fidelem
355 3098 530 3197 populum
552 3096 757 3169 immaniter
779 3095 985 3170 debacchati
1009 3113 1106 3170 sunt.
1128 3098 1266 3173 Novio·

199 3241 298 3288 mum
307 3231 414 3314 atque
422 3213 973 3314 Rotomagurn‚aliasquemultas
981 3213 1265 3315 urbesetoppida

200 3335 368 3434 vicosque
385 3347 724 3422 concremaverunt,
745 3331 911 3406 coenobia
929 3333 1041 3405 multa
1060 3334 1195 3433 ingenti
1215 3359 1268 3406 re-

201 3450 334 3551 ligione
358 3450 529 3548 pollentia
553 3448 826 3538 destruxerunt,
854 3451 1045 3549 pluresque
1070 3450 1268 3523 innumeris

201 3567 355 3643 cedibus
373 3571 535 3669 regiones
552 3565 746 3640 admodum
762 3566 950 3639 devastatae
967 3583 1068 3655 sunt,
1086 3582 1123 3638 et
1139 3566 1267 3668 sugatis

201 3687 256 3759 vel
274 3685 469 3759 intellectis
487 3685 632 3771 incolis,
653 3683 811 3757 civitates
825 3699 861 3755 et
873 3684 969 3756 villae
987 3684 1023 3756 io
1038 3684 1269 3760 solitudinem

202 3803 354 3877 redactae
371 3818 466 3875 sunt.
486 3803 527 3874 ln
545 3816 642 3873 tanta
665 3800 883 3875 desolatione
905 3801 1058 3875 inermes
1080 3804 1266 3893 monaehi,

202 3921 287 4024 quid
299 3924 458 3995 lacerent
472 3921 599 4009 nescii,
618 3945 711 4020 saepe
727 3936 1045 4011 contremuerunt3
1065 3922 1100 3995 in
1119 3923 1269 3998 miseriis

203 4040 342 4125 afflicti,
361 4039 484 4113 sedulo
497 4039 638 4137 ploratu
650 4035 770 4110 dolori
787 4062 851 4110 suo
867 4037 1127 4126 satisfecerunt,
1148 4040 1270 4114 linem·

203 4183 271 4256 que
288 4183 390 4229 suum
415 4156 450 4228 in
470 4155 616 4228 latebris
637 4170 819 4254 gementes
841 4155 1036 4252 praestolati
1059 4174 1154 4229 sunt.
1179 4158 1271 4252 Qui·-
