2888 4934
697 98 812 160 LIBER
832 98 991 159 SEXTUS.
1317 103 1373 163 135

256 228 461 333 quibus,
476 226 521 302 de
534 244 653 303 morte
669 226 851 303 Guillelmi
866 229 961 330 regis
973 244 1010 302 et
1020 226 1065 301 de
1078 227 1194 301 tribus
1205 229 1288 303 filiis
1302 232 1377 330 ejus

257 348 419 451 plura
432 344 544 435 edidi,
565 362 602 421 et
617 348 688 421 iter
698 346 1057 446 ierosolymitanmn,
1075 364 1294 449 eventusque
1309 376 1378 423 va-

262 464 384 540 rios
408 461 542 537 nostris
564 462 786 561 temporibus
808 464 1075 563 contingentes,
1104 462 1292 538 referendo
1316 463 1381 538 ad·

264 576 402 654 didi,
417 576 677 676 cunctipotens
690 578 839 652 Creator
850 595 891 650 ut
901 577 947 650 ab
962 579 1065 652 initio
1080 580 1206 677 coepit,
1223 580 1273 652 sic
1287 579 1380 652 mire

268 692 476 793 disponit
487 718 609 766 cursus
617 694 844 783 saeculorum,
859 710 895 767 et
907 692 1039 767 dociles
1052 695 1232 768 instruens
1242 694 1382 768 animes

274 808 598 910 terrigenarum,
626 837 645 881 a
668 811 777 883 noxio
796 812 1126 921 revocatoappetitu
1149 810 1377 900 infimorum,

269 954 341 1005 ac
373 938 557 1025 'provocat
581 924 626 998 ad
650 928 819 1017 meliora,
849 927 1137 1002 memorabilium
1160 927 1381 1003 exhibitione

265 1058 513 1149 gestorum.
537 1042 629 1115 Nam
650 1043 847 1144 dejectione
873 1044 1080 1117 sublimium
1104 1061 1140 1119 et
1166 1045 1382 1120 exaltatione

263 1158 535 1244 humilium,
570 1156 798 1253 damnatione
838 1160 1080 1258 reproborum
1115 1176 1151 1233 et
1186 1161 1382 1235 salvatione

242 1290 493 1393 justorum
518 1278 733 1350 incessanter
759 1278 923 1351 eruditur
950 1304 1060 1379 genus
1085 1278 1282 1352 humanum
1294 1332 1306 1370 ‚
1336 1302 1382 1352 ne

255 1420 379 1507 per
399 1389 638 1466 execrabilem
666 1390 927 1466 theomachiam
947 1393 1009 1465 fiat
1031 1396 1241 1492 profanum,
1263 1391 1324 1466 sed
1343 1408 1383 1465 ut

216 1520 220 1527 ’
252 1508 480 1595 divinum
498 1528 785 1610 sempermetuat
799 1512 974 1611 judicium
990 1530 1025 1586 et
1038 1511 1164 1612 diligat
1175 1511 1381 1611 imperium,

260 1638 299 1715 j
326 1622 571 1699 nebedientioe
584 1625 718 1700 devitet
733 1645 892 1719 reatum,
909 1645 945 1700 et
958 1627 1243 1730 lidclemjugiter
1254 1628 1384 1702 ollerat

263 1740 529 1831 famulatum
557 1744 654 1814 Patri
684 1759 721 1815 et
748 1744 864 1835 Filio,
893 1745 1112 1845 Spirituique
1142 1746 1290 1833 Sancto,
1320 1745 1383 1815 uni

279 1856 416 1949 Deo,
437 1859 514 1959 regi
531 1860 765 1952 seculorum,
782 1862 1013 1962 Dominoque
1030 1863 1300 1952 universorum,
1321 1860 1386 1961 qui

292 1972 412 2049 vivit
425 1984 462 2051 et
478 1995 607 2078 regnat
626 2004 691 2077 per
707 1978 845 2051 infinita
865 1980 991 2053 saecula
1013 1980 1245 2070 saeculorum,
1264 2004 1382 2053 amen.

382 2122 385 2127 Ι
461 2140 553 2215 Virgo
563 2159 663 2215 patens
672 2142 727 2196 duc
740 2144 918 2216 Evvrigenas,
932 2164 950 2199 o
959 2145 1043 2216 jarina
1055 2144 1131 2209 eoeli3

461 2230 543 2288 Tolle
556 2242 602 2287 tua
616 2235 716 2305 pressis
728 2243 818 2289 tantos
832 2235 934 2307 pietate
945 2235 1069 2290 labores!
1085 2236 1124 2303 (r)

723 2402 769 2447 att
788 2402 982 2448 LECTOREM.

430 2544 525 2611 Arma,
535 2544 634 2612 duces,
648 2545 816 2611 monachos,
831 2545 852 2597 si
865 2544 979 2617 queris,
994 2542 1238 2615 presbyterosque,

460 2636 523 2691 linc
531 2634 583 2690 tibi
596 2635 698 2691 Vitalis
711 2650 774 2707 pars
785 2650 817 2688 ea
827 2643 926 2707 quarta
939 2631 1018 2687 dabit
1030 2633 1078 2703 (a).

355 2854 384 2911 ¹⁶
392 2880 461 2925 ”tna
470 2870 591 2945 compris
598 2888 663 2925 avec
674 2870 746 2925 celui
759 2869 794 2925 de
805 2870 830 2925 la
840 2869 1033 2943 bibliotheque
1045 2868 1197 2941 d'hlenqun
1209 2884 1273 2923 sous
1282 2866 1387 2939 legum

352 2942 380 2999 ὼ
394 2956 585 3013 manumitte
602 2945 825 3023 &int-Evnonlt‚
846 2968 875 3012 et
894 2975 964 3012 nous
980 2976 1015 3012 ne
1033 2956 1154 3010 doutons
1170 2957 1251 3029 point
1265 2928 1333 3029 qulil
1354 2974 1388 3010 ne

353 3030 497 3115 falllssyvoir
509 3046 538 3103 le
550 3048 702 3102 manuscrit
715 3048 837 3119 primitis
844 3049 914 3102 ecrit
922 3065 986 3101 sous
998 3047 1023 3100 la
1035 3045 1137 3113 dictate,
1151 3054 1194 3114 et,
1209 3063 1243 3099 en
1256 3044 1389 3118 quelques

352 3122 463 3203 endtrita,
475 3136 512 3193 de
523 3136 550 3191 la
561 3137 636 3192 main
648 3136 739 3192 meme
751 3135 789 3190 du
802 3137 883 3210 pieux
894 3136 1040 3189 lristorien.

379 3212 409 3284 (¹)
420 3220 467 3279 Cea
478 3244 540 3282 vers
550 3244 579 3282 se
588 3236 720 3282 trouvent
732 3244 780 3280 sur
791 3224 817 3280 le
830 3225 984 3280 manuscrit
993 3224 1028 3279 de
1040 3212 1261 3290 saint-Erreult,
1275 3222 1345 3277 maia
1356 3222 1390 3278 ils

351 3314 467 3371 l⁰¹¹le³te
480 3316 658 3373 visiblement
676 3318 784 3389 ajoutes
802 3319 882 3389 apres
900 3335 986 3390 coup,
1005 3325 1033 3370 et
1051 3314 1070 3369 il
1089 3331 1159 3369 nous
1178 3314 1266 3387 paralt
1278 3310 1390 3369 evitent

351 3388 417 3457 lull!
426 3419 458 3459 ue
467 3406 581 3463 doivent
594 3425 642 3481 pas
654 3407 714 3463 titre
728 3407 862 3462 attribues
875 3410 890 3460 'a
904 3418 983 3461 notre
996 3417 1103 3460 auteur.

366 3478 411 3557 ‚lll
423 3494 445 3547 Λ
459 3494 483 3551 la
498 3497 577 3571 plane
592 3498 628 3555 de
641 3517 686 3554 ces
701 3516 775 3566 vern,
790 3516 826 3552 on
846 3509 942 3553 trouve
955 3497 1024 3551 dans
1039 3496 1065 3550 le
1077 3496 1229 3551 manuscrit
1246 3494 1281 3551 tle
1296 3495 1389 3553 suint-

358 3563 447 3639 ΕΠθιιΙι
458 3585 496 3643 les
508 3599 580 3645 mets
592 3590 727 3658 suivants,
743 3591 826 3644 ecrits
838 3608 888 3662 par
903 3608 957 3643 une
971 3590 1045 3643 main
1057 3588 1095 3642 dn
1109 3600 1166 3643 xrrr‘
1178 3587 1274 3669 situle:

639 3720 765 3789 Explicit
777 3728 877 3791 ιμιιιιιιι
891 3738 958 3787 pura
976 3719 1004 3773 V
1003 3719 1077 3773 italis
