2888 4934
184 355 412 489 [suetum
580 403 696 464 uem
718 402 855 463 Nouus.
1191 399 1248 462 471

182 537 465 637 omrtibussestis
478 536 724 637 apostolorum
739 551 774 606 et
794 533 933 633 uigiliis
952 558 1073 605 eorum
1080 565 1097 618 ,·
1117 549 1157 604 ut
1174 531 1254 604 nul-

183 659 241 731 lus
259 656 363 729 homo
379 654 497 727 alium
520 652 694 740 assaliat,
713 666 780 722 aut
803 649 987 737 vulneret,
1004 663 1070 722 aut
1086 647 1251 738 occidat,

184 773 306 846 nullus
319 798 494 844 namnum
509 773 560 863 (ι)
578 767 639 842 uel
649 765 975 867 proedamcapiat.
1367 748 1371 757 ¹

235 916 272 962 2.
293 889 430 962 Statuit
453 889 562 960 etiam
580 901 618 957 ut
630 911 755 957 omues
770 883 929 957 ecclesia
948 900 982 956 et
995 887 1092 955 atria
1108 907 1253 972 earum,

185 1023 219 1079 et
238 1005 410 1079 monachi
428 1022 462 1077 et
475 1004 618 1092 clerici,
638 1020 672 1075 et
684 1001 981 1075 sanctimoniales
994 1019 1028 1074 et
1038 999 1188 1096 lemine
1195 1056 1207 1089 ,
1223 1017 1257 1072 et

182 1126 370 1226 peregrini
398 1141 430 1194 et
459 1136 674 1194 mercatores
703 1136 738 1192 et
749 1116 900 1219 famuli
926 1145 1069 1208 eorum,
1095 1134 1130 1189 et
1151 1115 1256 1191 boves

187 1259 223 1314 et
257 1244 346 1341 equi
370 1258 519 1314 arantes
551 1255 584 1311 ct
616 1237 776 1310 homiues
807 1262 982 1310 carrucas
1019 1235 1191 1309 ducentes
1224 1251 1258 1306 et

188 1358 409 1430 herceatores
429 1372 465 1428 et
493 1356 579 1454 equi
597 1353 645 1426 de
671 1351 801 1453 quibus
824 1352 1011 1436 herceant,
1040 1367 1074 1423 et
1096 1351 1258 1423 homines

186 1475 242 1547 ad
256 1501 431 1548 carrucas
434 1469 646 1572 fugientes,
662 1489 697 1544 et
713 1497 838 1544 omues
859 1487 962 1542 terrae
981 1469 1200 1542 Sanctorum
1225 1484 1258 1540 et

182 1593 355 1691 pecuuiae
372 1591 602 1675 clericorum,
623 1606 799 1689 perpetua
819 1591 945 1661 sintin
959 1612 1053 1687 pace
1069 1587 1123 1683 (2)
1133 1615 1144 1675 ;
1164 1589 1257 1658 utin

187 1706 294 1778 nulla
309 1707 369 1779 die
386 1707 521 1806 aliquis
537 1703 675 1777 audeat
690 1730 752 1777 eos
768 1703 940 1791 assalire,
960 1701 1019 1774 uel
1033 1726 1182 1802 capere,
1198 1700 1260 1772 uel

182 1824 371 1926 proedari,
392 1824 452 1898 uel
464 1824 590 1921 aliquo
605 1821 714 1895 modo
731 1820 918 1922 impedire.

231 1948 275 2016 ’5.
294 1943 431 2016 Statuit
452 1946 563 2016 etiam
589 1958 627 2013 ut
650 1967 770 2013 omnes
787 1940 966 2028 homiues,
986 1967 1012 2012 a
1027 1941 1260 2014 x11auuiset

186 2085 319 2159 supra,
332 2060 459 2159 jurent
482 2058 576 2130 hauc
602 2060 889 2130 constitutionem
914 2057 1034 2129 treoiae
1053 2056 1129 2129 Dei
1133 2112 1146 2147 ,
1164 2057 1260 2130 sicut

189 2177 249 2250 iric
262 2175 505 2249 determinata
518 2193 590 2265 est,
606 2201 658 2248 ex
671 2175 814 2273 integro
826 2200 865 2247 se
876 2189 1098 2261 servaturos,
1116 2173 1260 2273 taliju-

190 2309 383 2365 ramento:
406 2293 484 2366 Hoc
508 2290 676 2380 audiatis,
705 2316 790 2382 vos,
823 2290 887 2376 N„
912 2288 1011 2390 quod
1038 2315 1106 2391 ego
1129 2289 1260 2364 amodo

189 2411 227 2483 in
242 2427 346 2484 antea
361 2410 454 2484 hanc
467 2409 764 2484 constitutionem
776 2410 901 2482 treviae
914 2409 1001 2498 Dei,
1018 2409 1111 2482 sicut
1122 2407 1182 2483 hic
1192 2409 1260 2485 de-

189 2529 379 2603 terminata
404 2545 475 2618 est,
493 2526 652 2602 fideliter
666 2526 884 2618 custodiam,
902 2543 938 2600 et
962 2543 1089 2602 eontra
1112 2552 1258 2620 omnes,

189 2647 252 2747 qui
267 2645 359 2719 hanc
371 2648 494 2746 jurare
509 2646 813 2745 contempserint,
830 2645 888 2718 vel
914 2643 1006 2717 hanc
1030 2644 1262 2719 constitutio-

190 2789 275 2838 nem
287 2789 429 2837 servare
442 2765 642 2854 noluerint,
658 2765 826 2864 episcopo
839 2762 896 2834 vel
913 2760 1168 2836 archidiacono
1180 2788 1263 2837 meo

191 2881 366 2956 auxilium
374 2868 486 2956 serim
503 2913 512 2954 ι
529 2884 576 2955 ita
586 2899 641 2970 ut,
656 2884 684 2955 si
694 2906 752 2954 me
761 2881 971 2955 monuerint
981 2878 1025 2953 ad
1037 2879 1195 2954 eundum
1205 2907 1264 2953 su·

191 3023 347 3096 percos,
360 2999 644 3100 necdiffugiam,
659 3024 726 3072 nec
736 2996 981 3088 dissimulabo,
996 2996 1147 3072 sedcum
1156 2999 1265 3072 ermis

192 3117 282 3190 meis
293 3144 376 3192 eum
390 3119 466 3217 ipso
479 3116 697 3217 proficiscar,
716 3133 753 3190 et
765 3115 952 3206 omnibus,
970 3115 1101 3217 quibus
1113 3133 1264 3215 potero,

189 3234 325 3337 juvabo
338 3234 505 3309 adversus
517 3236 598 3309 illos
611 3261 676 3334 per
689 3234 797 3309 fidem
814 3236 891 3308 sine
903 3235 999 3309 malo
1016 3235 1183 3334 ingenio,
1206 3261 1266 3308 se-

193 3352 354 3427 cundum
371 3379 487 3427 meam
503 3355 772 3428 conscientiam.
788 3354 847 3426 Sic
864 3354 958 3426 Deus
974 3378 1033 3426 me
1048 3352 1210 3453 adjuvet,
1230 3370 1267 3427 et

197 3470 253 3542 isti
272 3471 412 3544 Sancti!

247 3596 282 3677 [ι.
312 3589 451 3662 Statuit
462 3606 643 3688 praterea
664 3608 796 3664 sancta
810 3589 991 3686 st‘aodus,
1013 3607 1051 3661 ut
1067 3589 1269 3689 omaesje-

234 3833 274 3906 (ι)
284 3834 341 3890 Sur
351 3853 382 3890 ce
395 3846 469 3902 mot,
485 3853 567 3908 voyez
581 3835 730 3905 ci-dessus,
744 3848 765 3892 t
779 3837 824 3904 11,
838 3855 865 3909 p.
879 3833 941 3891 320.

233 3928 275 3998 (α)
289 3926 329 3982 Ce
340 3944 428 3981 canon
439 3935 482 3981 est
493 3927 687 4000 iemarquable
699 3946 735 3982 en
748 3945 780 3983 ce
791 3927 860 4001 qu’il
872 3926 975 3982 semble
986 3927 1113 3982 conierer
1125 3947 1177 3983 aux
1189 3930 1271 3984 char·

199 4034 266 4075 rues
281 4035 337 4072 une
356 4027 430 4072 sorte
449 4016 484 4071 de
503 4017 580 4072 droit
598 4016 708 4082 fl'asile,
730 4016 996 4090 independamment
1016 4016 1052 4071 de
1069 4016 1096 4072 la
1115 4021 1271 4091 protectior·

198 4104 333 4161 accotdee
348 4125 383 4161 au
398 4105 549 4167 labouieur
566 4116 595 4160 et
612 4125 647 4160 au
665 4106 790 4161 herseur.
807 4106 830 4159 n
843 4117 886 4162 cst
900 4107 1035 4180 singulier
1051 4126 1107 4181 (que
1122 4118 1194 4163 cette
1208 4127 1273 4181 pro·

199 4195 306 4253 tection
320 4197 387 4252 n'ait
400 4214 448 4270 pas
462 4200 506 4253 etc'
518 4190 638 4254 etcidue
650 4197 798 4271 jusqu’aux
811 4197 928 4254 recoltes
940 4215 989 4253 sur
1002 4197 1068 4271 piod
1080 4209 1109 4251 ct
1121 4216 1174 4252 aux
1191 4199 1273 4252 mois-

200 4303 346 4343 sonneurs.
