2888 4934
186 469 247 525 200
458 467 641 527 ntsronn
665 466 966 530 acccasnsuci.
1141 472 1243 550 [roan

184 623 276 686 mus,
286 594 558 670 Ebroicensium
567 624 685 671 comes
695 601 763 698 (t),
778 617 900 699 captus
908 617 974 689 est,
984 599 1244 677 etMattbiellus

183 712 227 784 de
240 713 366 786 Guitot
376 717 443 810 (a),
459 715 551 787 lilius
562 715 743 789 Godelridi
756 718 874 805 Parvi,
892 717 1070 791 lethaliter
1083 719 1246 793 vulnera·

184 846 239 900 tus
250 847 314 902 est.
335 830 472 905 Deinde
489 860 507 903 a
528 833 731 932 lugentibus
745 838 932 934 armigeris
945 852 981 907 ct
992 836 1246 911 commilitoni·

182 942 249 1016 bus
259 944 303 1017 ad
315 944 507 1044 hospitium
518 975 620 1019 suum
634 966 836 1047 reportatus
849 967 915 1037 est,
930 967 967 1022 et
978 977 1065 1024 mox
1076 952 1246 1026 accersito

182 1063 366 1138 sacerdote
391 1081 507 1137 reatus
533 1092 613 1138 suos
638 1069 814 1141 consessus
841 1085 909 1156 est,
939 1086 976 1140 et
994 1094 1097 1143 sacro
1118 1069 1247 1143 viatico

182 1183 442 1270 communitus,
472 1181 684 1283 obitumque
709 1210 812 1256 suum
839 1186 1037 1283 prestolari
1063 1211 1246 1284 praepara—

184 1316 239 1371 tus
255 1317 319 1372 est.

231 1415 450 1504 Normanni,
470 1421 530 1517 qui
551 1419 789 1491 munitionem
809 1420 845 1490 in
863 1419 955 1491 valle
972 1419 1117 1518 Beugici
1136 1434 1248 1494 custo

181 1529 347 1620 diebant,
379 1533 547 1633 gravibus
575 1534 714 1607 damnis
742 1535 881 1622 asslicti,
913 1550 949 1606 et
971 1534 1248 1611 fortissimorum

181 1649 325 1721 ensibus
343 1652 503 1728 tironum
523 1653 724 1739 imminuti,
746 1653 926 1726 deteriora
945 1650 1061 1726 adhuc
1082 1650 1152 1725 sibi
1171 1654 1249 1728 sor·

181 1765 378 1840 midabant.
396 1769 445 1839 Et
461 1771 542 1869 quia
561 1768 763 1842 Hubertum
784 1795 850 1842 nec
867 1768 1065 1867 probitate,
1085 1794 1155 1844 nec
1167 1768 1249 1843 leli·

182 1887 287 1959 citate
313 1914 481 1985 superare
508 1886 693 1977 valebant,
721 1903 857 1961 mutato
886 1885 1003 1960 studio
1027 1886 1249 1986 consilioque

181 2002 225 2075 ad
239 2004 332 2104 regis
344 2006 537 2078 amicitiam
551 2031 633 2078 eum
646 2029 814 2078 revocare
831 2003 1027 2076 tentabant.
1041 2003 1107 2077 llle
1119 2001 1249 2078 nibilo-

181 2122 317 2211 minus,
337 2124 421 2195 licet
441 2125 476 2195 in
494 2123 559 2196 bac
576 2148 703 2223 guerra
722 2121 855 2194 divitiis
874 2149 914 2193 ac
931 2137 1105 2220 potestate
1122 2118 1249 2194 admo-

181 2234 269 2308 dum
300 2254 389 2310 esset
419 2237 697 2326 corroboratus,
732 2262 867 2309 serenae
900 2237 994 2335 pacis
1023 2236 1249 2311 securitatem

181 2370 404 2451 praeoptans,
427 2355 624 2452 prudenter
640 2355 767 2427 annuit
782 2371 1049 2453 sequestrorum
1067 2354 1125 2452 (3)
1143 2378 1249 2428 oona·

182 2469 290 2543 tibus.
319 2472 393 2544 Nec
419 2498 520 2544 mora
549 2473 655 2572 legati
683 2471 726 2544 ad
749 2497 871 2571 regem
898 2473 934 2544 in
960 2471 1132 2569 Angliam
1155 2470 1249 2542 missi

182 2608 278 2663 sunt.
296 2592 372 2663 Rex
391 2607 509 2664 autem
526 2608 567 2662 nt
583 2593 762 2663 Herveum
779 2592 986 2680 Britouem,
1002 2613 1112 2688 quem
1127 2588 1252 2688 magis·

183 2725 282 2779 trum
293 2709 451 2780 militum
463 2708 696 2782 constituerat
711 2710 784 2806 (4),
800 2724 836 2779 et
850 2706 1076 2793 Ricberium,
1093 2705 1252 2805 aliosque

182 2825 320 2923 pugiles
337 2825 532 2898 acerrimos
554 2825 728 2896 interiisse
748 2821 900 2911 audivit,
927 2845 1102 2921 suumque
1124 2818 1252 2894 adver·

183 2943 317 3013 sarium
340 2943 432 3014 lelici
454 2944 597 3015 fortuna
623 2940 790 3039 provehi,
816 2937 1046 3040 quotidieque
1066 2953 1197 3011 contra
1218 2960 1253 3009 se

184 3056 379 3128 confortari
402 3057 595 3153 comperit,
623 3056 731 3126 nimia
755 3055 971 3152 procacitate
991 3055 1026 3125 in
1050 3050 1251 3126 deteriora·

185 3172 322 3244 tionem
348 3170 564 3269 praecipitari
592 3195 648 3241 res
672 3195 817 3243 suorum
841 3169 1024 3266 praecavit.
1051 3166 1251 3241 Prudenter

185 3291 295 3390 igitur
312 3315 435 3362 omnes
452 3290 655 3388 praeteritos
677 3305 795 3361 reatus
817 3286 980 3359 Huberto
1004 3284 1167 3358 indulsit.
1190 3284 1250 3360 lllc

183 3425 303 3483 autem
328 3425 470 3507 accepta
496 3408 683 3480 securitate
712 3404 756 3477 ad
781 3430 901 3504 regem
927 3403 1192 3488 transfretavit,
1218 3416 1252 3476 et

182 3526 271 3601 lacta
291 3529 385 3600 inter
404 3552 465 3599 eos
482 3526 635 3597 amicitia
653 3549 761 3597 omne
777 3538 969 3620 paternum
981 3521 1038 3619 jus
1056 3518 1253 3594 honorilice

217 3808 257 3876 (ι)
269 3807 446 3874 Guillaume,
462 3817 553 3861 comte
566 3793 702 3859 d'l'lvreux
713 3801 764 3873 (13
775 3800 924 3856 decembre
942 3797 1060 3873 1067-18
1072 3798 1143 3852 avril
1161 3797 1254 3869 1118).

218 3897 258 3967 (a)
267 3897 392 3950 Mathieu
401 3895 437 3950 dc
450 3897 531 3951 vitot
542 3898 552 3965 (
558 3898 620 3968 pres
630 3895 655 3949 le
665 3893 819 3964 Neubourg
828 3893 847 3962 >-
864 3891 918 3946 Sur
931 3908 963 3944 ce
975 3906 1150 3961 personnage
1164 3898 1196 3945 et
1207 3906 1257 3944 aon

183 3985 278 4053 oncle,
293 3985 400 4040 Robert
411 3984 446 4039 de
461 3987 558 4053 Vitot,
570 4004 653 4057 voyea
666 3983 823 4048 ci-dessus,
837 3991 858 4034 t.
872 3981 915 4046 11,
930 3999 958 4052 p.
977 3982 1064 4045 tolet
1080 3978 1140 4032 105.

219 4074 259 4149 (3)
277 4076 427 4148 Sequester
437 4085 479 4128 est
492 4076 549 4147 pris
564 4075 600 4129 ici
613 4073 682 4128 dans
694 4072 720 4127 le
734 4087 796 4126 sene
810 4069 845 4124 de
859 4067 1024 4137 mediateur,
1038 4076 1257 4123 entremetteur.

218 4169 257 4239 (1)
279 4168 319 4223 Ce
332 4182 503 4239 personuage
520 4183 555 4220 nc
570 4164 662 4220 devait
673 4163 734 4219 btrc
747 4181 802 4236 quc
816 4159 1012 4217 commendant
1025 4177 1061 4214 eu
1075 4157 1184 4214 second
1195 4175 1261 4214 sous

198 4257 414 4317 illan-lelloux.
