2888 4934
189 421 392 499 [tun101098]
586 415 703 476 LIBER
723 416 861 477 NONUS.
909 460 914 469 .
1198 421 1258 484 647

238 551 414 622 Dominus
437 551 538 621 Jesns
562 547 703 620 cuidam
728 547 1027 639 sacerdoti,du1n
1055 552 1092 624 iu
1115 550 1258 627 basilica

189 671 328 742 Sanctae
348 668 476 741 Mariae
502 681 749 765 pernoctaret,
769 684 805 738 et
828 693 897 766 pro
914 667 1041 740 afflicta
1066 670 1130 741 Dei
1156 669 1261 767 plebe

189 802 329 876 oraret,
349 780 555 882 semisopito
573 810 655 855 cum
674 783 891 861 Sanctarum
908 802 1007 858 coetu
1024 788 1210 885 apparuit,
1224 804 1261 862 et

188 903 233 977 dc
262 900 580 990 fornicationibus,
612 899 743 1000 quibus
782 901 1070 977 Christianorum
1093 882 1260 979 'catervae

189 1048 270 1094 cum
281 1020 502 1119 alienigenis,
518 1043 578 1090 seu
590 1016 827 1109 Christicolis,
845 1020 1097 1095 meretricibus
1110 1023 1260 1120 pollutae

188 1155 311 1228 erant,
330 1137 515 1237 querelam
534 1135 775 1236 deprompsit,
795 1163 1006 1237 asperasque
1023 1140 1139 1212 minas
1156 1141 1261 1240 lupa-

189 1256 288 1328 nanti
307 1253 530 1326 multitudini
548 1253 688 1352 adjecit.
709 1253 861 1327 Interim
883 1253 1068 1353 splendida
1085 1283 1174 1329 crux
1198 1285 1260 1330 su-

188 1399 256 1474 per
270 1388 377 1471 capnt
392 1374 466 1472 ejus
482 1372 724 1468 resplenduit,
743 1398 813 1472 qua
828 1371 1016 1475 presbyter
1035 1373 1261 1474 Redempto-

187 1517 266 1563 rem
285 1488 410 1562 mundi
428 1488 593 1588 agnovit,
612 1504 648 1561 et
663 1486 792 1561 devote
808 1515 946 1588 pronus
960 1488 1137 1565 adoravit.
1157 1494 1261 1565 Tunc

187 1607 289 1679 beata
306 1606 437 1693 Maria,
457 1603 714 1679 misericordiae
731 1622 861 1694 mater,
881 1621 1095 1706 sanctusque
1111 1607 1258 1696 Petrus,

186 1723 432 1821 apostolorum
459 1722 644 1821 princeps,
671 1719 881 1796 ceciderunt
909 1721 954 1795 ad
979 1721 1087 1821 pedes
1111 1722 1259 1797 Domini

186 1838 397 1926 Salvatoris,
417 1837 555 1938 piisque
568 1862 637 1935 pro
657 1838 850 1911 afflictione
867 1837 1157 1912 Christianorum
1171 1844 1260 1938 sup-

185 1953 455 2053 plicationibus,
491 1952 707 2053 mitigabant
736 1954 827 2026 iram
855 1956 1073 2045 minitantis,
1097 1967 1259 2055 conque-

184 2089 304 2145 rentes
324 2070 370 2153 de
388 2072 556 2171 paganis,
577 2072 639 2171 qui
662 2087 821 2144 sanctam
842 2059 994 2146 domum
1016 2073 1081 2145 Dei
1099 2075 1170 2146 suis
1185 2089 1261 2145 tur-

183 2193 278 2290 piter
318 2191 584 2281 maculaverant
626 2189 820 2287 spurcitiis.
860 2190 987 2262 Finitis
1025 2191 1259 2291 supplicantis

183 2310 310 2383 Matris
330 2325 367 2381 et
387 2307 540 2407 apostoli
565 2306 756 2404 precibnS,
783 2308 933 2381 Sanctus
956 2309 1170 2382 Sanctorum
1190 2309 1258 2383 ad-

182 2427 340 2526 quievit,
364 2426 539 2525 vultuque
558 2422 766 2524 jocundior,
792 2424 1003 2524 presbytero
1024 2428 1197 2526 praecepit
1218 2444 1259 2501 ut

182 2569 328 2617 omnem
355 2544 530 2641 populum
554 2544 674 2641 palam
703 2543 913 2642 castigaret,
930 2528 977 2617 'ac
1001 2544 1046 2616 ad
1068 2546 1259 2643 poeniten-

183 2660 270 2731 tiam
291 2657 511 2741 omnimodis
542 2657 730 2743 invitaret,
760 2674 797 2730 et
824 2656 979 2730 fideliter
1001 2660 1184 2732 conversis
1202 2684 1257 2732 ex

182 2793 283 2876 parte
311 2777 376 2848 Dei
412 2801 556 2847 securus
581 2775 815 2872 promitteret
844 2775 942 2875 quod
976 2777 1068 2848 infra
1096 2777 1282 2877 quinque·

182 2896 255 2969 dies
271 2910 520 2994 opportunum
537 2893 607 2965 illis
623 2892 796 2979 auxilium
815 2894 909 2966 Dens
928 2892 1149 2992 provideret.
1170 2896 1257 2968 Haec

182 3013 369 3114 presbyter
384 3039 464 3085 curn
473 3010 709 3112 jurejurando
722 3035 830 3110 super
843 3028 1007 3085 sanctum
1017 3012 1257 3114 Evangelinm

182 3147 219 3203 et
238 3155 383 3203 crucem
396 3154 519 3202 coram
539 3126 714 3200 Podiense
727 3129 897 3227 episcopo
914 3146 950 3201 et
965 3130 1065 3202 omni
1084 3130 1257 3202 multitu-

181 3248 266 3321 dine
282 3260 499 3319 contestatus
515 3261 582 3317 est.
601 3244 759 3345 Populus
783 3245 969 3318 confestim
991 3244 1035 3318 ad
1059 3228 1256 3319 lamentum

183 3365 422 3453 convertitur,
449 3379 485 3435 et
507 3361 552 3435 de
572 3377 691 3434 reatus
715 3364 767 3434 sni
789 3364 1009 3437 consessione
1032 3364 1122 3436 alius
1145 3360 1258 3437 alium

182 3480 407 3554 cohortatur.
426 3477 556 3551 Suffusi
572 3502 637 3551 ora
653 3475 815 3567 lletibus,
832 3479 1000 3561 cineratis
1025 3478 1202 3577 capitibus
1221 3496 1258 3552 et

183 3598 288 3673 nudis
307 3598 474 3696 pedibus,
501 3624 626 3671 omnes
654 3597 690 3668 in
708 3596 864 3670 ecclesiis
881 3598 1011 3696 passim
1034 3613 1160 3689 orant,
1177 3596 1257 3671 Do-

183 3717 273 3788 mini
303 3731 433 3812 petunt
456 3715 631 3788 auxilium
658 3729 695 3786 et
718 3730 849 3812 rogant
873 3713 1077 3789 consilium.
1102 3714 1258 3787 Juraue-

184 3850 271 3905 runt
301 3858 426 3905 omnes
456 3832 561 3905 duces
592 3832 777 3906 communi
804 3829 949 3904 decreto
985 3830 1083 3930 quod
1113 3824 1254 3921 nullus,

184 3949 303 4052 quoad
316 3950 459 4041 vixerit,
476 3948 520 4021 de
534 3950 598 4023 illo
608 3949 873 4048 subterlugeret
885 3948 1052 4049 collegio,
1065 3947 1183 4023 donec
1194 3949 1258 4021 Je-

185 4068 340 4141 rusalem
351 4064 523 4152 adissent,
542 4081 578 4137 et
591 4063 796 4164 sepulcrum
808 4065 953 4139 Domini
964 4064 1156 4139 deosculati
1169 4065 1259 4167 luis-5

186 4201 276 4256 sent.
301 4181 509 4256 Tartcredus
531 4184 637 4256 etiarn
656 4183 790 4281 juravit
814 4183 911 4282 quod
932 4182 1105 4283 quamdin
1121 4209 1167 4256 xt
1185 4182 1259 4264 mia·
