2888 4934
190 453 296 535 [1087]
548 449 666 512 LlBER
686 449 890 513 SEPTIMUS.
935 502 938 507 .
1197 454 1259 514 2⁰9

183 586 369 687 prosequi,
383 583 473 684 quio
485 584 618 656 dioinae
627 582 805 681 placitum
819 607 893 654 non
907 595 960 654 est
972 583 1168 680 rnajestati.
1186 583 1261 653 Τα-

183 730 271 778 men
278 701 459 806 probate:
475 726 559 774 ecce
573 700 675 787 locus
690 701 759 798 (r).
779 701 857 773 Hoc
872 697 1050 781 dicentes,
1067 724 1143 772 non
1160 725 1262 798 posse

176 818 268 895 fieri
286 815 464 918 putabunt
484 813 583 917 quod
599 815 654 888 illi
670 813 856 889 volebant.
876 812 970 886 Nam
985 814 1059 887 lere
1080 835 1120 886 cc
1144 814 1265 913 olym-

171 935 337 1038 piadum
351 934 529 1008 curricula
545 934 783 1020 transierant,
799 957 843 1003 ex
856 957 931 1033 quo
944 930 1068 1004 beatus
1082 932 1262 1020 Nicolaus,

170 1055 250 1159 qui
262 1054 302 1143 in
312 1053 458 1127 Nicaena
468 1051 618 1150 synodo,
630 1049 697 1124 sub
708 1049 814 1123 beato
823 1050 1113 1148 SilvestroPapa,
1126 1066 1163 1123 et
1174 1049 1267 1124 Con-

168 1172 353 1247 suntino
372 1168 556 1268 principe,
579 1168 669 1241 sacta
684 1167 790 1240 luisse
812 1167 959 1267 legitur,
977 1166 1022 1240 de
1038 1166 1177 1241 mundo
1194 1168 1268 1239 mi-

171 1290 316 1393 gravit
339 1289 416 1387 (a),
450 1286 643 1387 nullusque
669 1285 715 1359 de
744 1287 906 1386 reliquiis
933 1287 1008 1386 ejus
1037 1287 1092 1359 vel
1128 1287 1269 1361 occulte

169 1408 325 1499 furari,
352 1406 410 1479 vel
437 1406 621 1478 manifeste
646 1403 784 1477 viribus
811 1429 956 1503 rapere,
981 1405 1039 1479 vel
1066 1431 1086 1477 a
1111 1405 1271 1479 Domino

173 1523 362 1628 precibus
391 1522 503 1595 valuit
539 1522 709 1595 hactenus
741 1523 948 1621 impetrare.
982 1523 1154 1597 Barenses
1183 1548 1271 1598 vero

175 1641 393 1744 pavebant,
418 1641 502 1741 quia
526 1640 563 1712 in
588 1657 763 1714 extranco
788 1640 869 1714 loco
892 1628 996 1740 pauci
1019 1634 1119 1715 luter
1136 1643 1272 1716 multos

179 1776 319 1849 erant,
351 1773 387 1829 et
417 1757 471 1830 sol
501 1755 544 1828 od
572 1782 739 1829 occasum
768 1756 965 1857 vergebat,
994 1757 1202 1860 reditusque
1227 1758 1272 1832 ad

182 1901 304 1953 naves
320 1873 559 1950 formidabilis
579 1891 669 1947 erat.
695 1872 764 1947 Sed
782 1873 840 1962 hi,
862 1874 1036 1948 divinitus
1056 1876 1270 1965 confortati,

184 1996 317 2097 primo
332 1992 530 2068 monachos
545 1991 881 2092 comprehendunt,
906 2008 1096 2095 tentosque
1110 1995 1273 2068 'solerter

188 2111 415 2190 custodiunt.
446 2111 695 2210 Speculatores
723 2134 868 2211 quoque
896 2111 1033 2184 cautius
1061 2129 1270 2210 exponunt,

189 2230 258 2332 qui
282 2226 443 2329 undique
468 2227 653 2300 venientes
681 2226 933 2325 prospiciunt,
963 2242 1000 2299 et
1030 2228 1096 2326 ipsi
1125 2226 1210 2300 hinc
1237 2245 1274 2301 et

195 2346 280 2421 inde
308 2372 392 2418 cum
415 2344 524 2416 armis
549 2343 652 2415 divisi
678 2369 743 2442 per
770 2344 933 2417 tramites
954 2360 1063 2417 stam.
1092 2344 1274 2420 Audacter

196 2464 319 2564 itaque
337 2461 542 2561 probissimi
560 2462 712 2561 juvenes
730 2487 778 2535 xt
796 2478 833 2534 et
856 2487 894 2535 ιν
912 2461 967 2560 (3)
984 2462 1074 2535 loris
1095 2462 1146 2537 ad·
1165 2465 1273 2538 resis-

195 2581 348 2656 tendum
361 2581 477 2680 parati
492 2596 605 2665 stant,
626 2596 663 2652 et
675 2579 748 2654 duo
762 2578 961 2679 presbyteri
975 2609 984 2652 ε
998 2581 1119 2679 Lupus
1136 2597 1174 2654 et
1189 2581 1272 2654 Gri-

195 2698 371 2780 noaldus,
390 2726 473 2774 cum
490 2699 611 2798 paucis
628 2699 706 2770 aliis
719 2699 756 2770 in
771 2699 930 2772 Ecclesia
945 2724 1026 2799 quae
1038 2698 1174 2799 agenda
1189 2718 1274 2774 sunt

196 2821 418 2915 procurant,
449 2833 486 2890 et
511 2841 654 2914 preces,
682 2841 764 2916 quae
795 2815 954 2889 Letaniae
983 2833 1179 2906 vocantur,
1211 2818 1271 2891 in-

196 2931 342 3008 choant.
362 2933 432 3008 Sed
449 2934 564 3008 nimio
576 2934 709 3006 timore
724 2934 905 3032 correpti,
925 2932 1023 3035 quod
1037 2932 1268 3028 inchoarant,

195 3048 325 3122 clarius
341 3051 545 3148 exprimere
564 3075 637 3123 non
655 3065 825 3148 poterant
837 3051 909 3148 (4).

226 3316 268 3388 (ι)
282 3317 334 3372 les
347 3332 499 3390 voyageurs
517 3315 701 3390 repondirent
713 3315 796 3392 qu’ils
815 3319 924 3374 avaient
941 3315 1056 3375 mission
1080 3338 1209 3394 expresse
1229 3321 1269 3376 du

178 3405 286 3481 Papo,
301 3423 373 3461 tenu
389 3415 452 3461 tout
463 3406 561 3479 expres
572 3408 588 3460 a
600 3405 679 3474 Bari,
694 3405 877 3474 disaient-ils,
892 3426 965 3480 pour
980 3407 1021 3484 les
1032 3408 1152 3482 charges·
1170 3409 1205 3463 de
1224 3420 1269 3464 oet

190 3493 377 3564 eulevement,
390 3493 527 3551 slasane
542 3494 578 3550 de
590 3496 709 3551 maiutes
722 3496 825 3550 visions
837 3506 866 3551 et
880 3495 1056 3552 revelatione

226 3585 270 3657 (a)
293 3584 342 3642 On
362 3603 397 3640 ne
419 3584 531 3640 counalt
551 3603 599 3658 pas
620 3595 795 3642 exactemeut
811 3585 941 3661 l'epoque
954 3585 990 3641 de
1009 3586 1036 3641 la
1055 3596 1131 3642 mort
1143 3585 1183 3641 du
1195 3587 1268 3644 seint

188 3673 299 3749 eroque
310 3673 347 3729 de
357 3673 447 3747 Myce.
462 3677 485 3729 Α
502 3676 592 3749 partir
602 3675 642 3730 du
655 3675 761 3731 concile
770 3675 806 3731 de
819 3675 920 3745 Nicee,
934 3675 982 3749 ily
996 3677 1067 3732 avait
1079 3686 1145 3732 cent
1154 3686 1268 3755 quatre·

187 3764 337 3840 vingt-dix
354 3766 524 3840 olympiades
545 3777 575 3822 et
595 3767 687 3823 demie
707 3766 863 3823 d'e'coulees
881 3768 959 3841 (sept
972 3777 1037 3823 cent
1053 3766 1268 3827 soixante-deux

185 3874 242 3914 aus
250 3859 272 3926 ).

224 3944 268 4020 (3)
279 3946 321 4002 Ce
334 3940 433 4002 chiffre
450 3958 492 4003 est
504 3947 681 4003 visiblement
700 3950 832 4023 engere,
851 3949 997 4023 puisqu’ils
1015 3950 1149 4008 n’e'taieut
1160 3970 1195 4008 en
1207 3962 1269 4008 tout

182 4055 248 4116 que
260 4049 485 4111 quassate-sept.

223 4129 268 4199 (4)
280 4128 320 4184 Ce
333 4129 415 4184 serbe
425 4140 466 4184 est
480 4131 539 4203 pris
551 4130 587 4185 ici
597 4129 666 4185 dans
681 4130 706 4184 le
719 4148 782 4186 sens
793 4130 963 4187 d’articuler.

268 4243 324 4290 1¹1·
1081 4228 1123 4314 14
