2888 4934
183 390 243 453 ⁴36
456 387 640 447 HISTORIA
662 388 966 449 Ecctsssttsttct.

183 526 248 596 tris
279 519 466 594 Benedicti
493 516 752 617 professionem
765 517 945 617 fecimus.
978 519 1072 611 Sed,
1103 539 1142 592 ut
1165 523 1250 594 mihi

184 640 342 728 videtur,
367 664 440 709 non
459 663 540 708 earn
563 664 614 708 ese
637 639 773 733 integro
799 653 971 710 tenemus.
998 637 1141 728 Multa,
1170 666 1248 738 qua

183 755 233 827 ibi
249 781 320 826 non
337 755 573 854 recipiuntur,
593 753 850 843 obserunmus,
860 771 894 824 et
910 753 957 825 de
970 754 1156 826 mandatis
1169 758 1246 855 ejus

176 873 292 975 plura
305 869 527 969 negligentes
542 872 819 942 intermittimus.
840 871 1015 943 Manibus
1033 877 1163 945 nostris
1179 899 1245 944 non

182 989 414 1077 laboramus,
432 1003 470 1058 ut
484 1002 630 1059 sanctos
639 986 907 1089 patresfecisse
922 988 1087 1087 legimus.
1106 989 1152 1061 Si
1163 990 1248 1061 mihi

85 1190 91 1201 Ι
182 1134 256 1180 ηοη
273 1106 435 1194 creditis,
460 1131 481 1176 ο
499 1105 633 1193 amici,
655 1105 761 1202 legite
778 1122 884 1203 gesta
901 1121 1109 1178 sanctorum
1129 1111 1247 1179 Anto-

179 1227 254 1313 nii,
275 1225 456 1310 Macarii,
473 1224 658 1310 Pacomii,
679 1239 713 1292 et
727 1239 810 1294 ante
823 1249 942 1294 orrares
958 1223 1053 1295 alios
1062 1280 1074 1313 ,
1091 1223 1246 1296 doctoris

179 1343 356 1441 gentium,
370 1340 487 1412 Pauli
496 1339 667 1441 apostoli.
679 1344 715 1410 A
718 1339 940 1411 bundantem
953 1342 1091 1412 uictum
1103 1359 1138 1413 et
1149 1347 1246 1414 vesti-

184 1475 258 1531 tum
275 1484 321 1529 ess
337 1457 490 1528 decimis
503 1474 536 1526 et
548 1455 790 1527 oblationibus
805 1456 1038 1528 eeclesiarum
1054 1439 1244 1546 habemus,

182 1593 216 1648 et
232 1601 276 1648 ea
293 1601 376 1674 quee
395 1588 600 1673 competunt
613 1573 848 1673 presbyteris,
869 1575 1015 1672 ingenio
1032 1602 1096 1646 seu
1115 1576 1249 1647 violen-

183 1695 237 1764 tia
266 1691 524 1764 subtrahimus.
561 1690 628 1762 Sic
657 1694 827 1762 nimirum
858 1697 1038 1790 sanguine
1067 1693 1249 1765 hominum

182 1810 376 1895 vescimur,
395 1824 428 1879 et
447 1810 609 1906 peccatis
620 1813 901 1908 participamus.
922 1809 1056 1879 Laudo
1076 1811 1191 1907 igitur
1216 1825 1251 1878 ut

183 1927 329 1998 omnino
343 1926 508 2020 regulam
524 1927 647 1997 sancti
657 1925 849 1996 Benedicti
865 1941 1069 2013 teneamus,
1089 1930 1249 1998 caventis

183 2069 228 2115 ne
252 2042 306 2113 ad
331 2041 519 2114 dexteram
543 2042 603 2114 vel
629 2041 683 2114 ad
707 2043 894 2114 sinistram
918 2042 964 2113 ab
988 2069 1033 2114 ea
1056 2043 1247 2115 deviemus.

186 2161 337 2232 Victum
357 2174 391 2229 et
413 2161 581 2231 uestitum
603 2158 723 2230 labore
743 2186 915 2230 manuum
945 2177 1149 2232 nostrarum
1172 2163 1253 2232 uin-

185 2279 360 2350 dicemus.
395 2279 432 2348 A
451 2277 699 2374 fornacalibus
729 2294 763 2348 et
791 2279 990 2366 staminiis,
1024 2278 1255 2377 pelliciisque

185 2393 385 2466 seeundum
402 2393 567 2489 regulam
584 2393 842 2465 abstineamus.
864 2395 1035 2466 Decimas
1050 2410 1084 2465 et
1100 2394 1255 2465 oblatio-

187 2537 249 2582 nes
275 2509 431 2599 clericis,
457 2516 522 2608 qui
545 2509 695 2583 dioecesi
705 2509 961 2608 famulantur,
989 2513 1251 2610 relinquamus.

188 2629 239 2698 Et
266 2631 331 2713 sic,
354 2655 424 2727 per
451 2630 606 2724 uestigia
617 2646 783 2729 patrum,
802 2645 884 2728 post
913 2629 1093 2700 Christum
1119 2655 1256 2701 currere

175 2740 365 2843 ferventer
381 2745 605 2816 insudemus.

238 2863 301 2934 His
319 2860 422 2933 dictis
445 2860 708 2934 monachorum
736 2878 932 2935 conventus
956 2888 1029 2935 nou
1057 2862 1257 2961 adquievit3

191 2981 303 3051 immo
313 2977 637 3076 praedecessorum,
652 3003 806 3077 quorum
821 2978 894 3050 vita
912 2976 1137 3050 evidentibus
1149 2979 1260 3050 mira-

192 3094 279 3168 culis
295 3093 462 3191 insignita
477 3092 658 3166 manifeste
674 3094 830 3183 refulsit,
850 3095 1010 3191 exempla
1025 3111 1061 3166 et
1078 3095 1255 3179 institute,

190 3209 451 3285 venerabilium
472 3211 628 3308 vestigiis
643 3212 726 3280 trita
746 3211 922 3299 virorum,
940 3209 1136 3283 moderatis
1153 3211 1256 3282 novi-

192 3325 323 3398 tatibus
347 3323 493 3423 objecit.
527 3327 657 3414 Viam,
690 3326 877 3424 inquiunt,
906 3331 1009 3414 roitoe,
1040 3353 1116 3424 qua
1144 3325 1259 3398 sancti

186 3461 313 3545 patres
342 3446 427 3513 olim
457 3448 495 3512 in.
530 3443 660 3513 Gallia
691 3443 858 3540 religiose
885 3452 1074 3530 vicerunt,
1109 3467 1256 3541 quorum

192 3563 420 3633 sanctitatem
434 3560 512 3629 Deo
524 3559 707 3658 placitam
725 3561 762 3629 in
779 3563 858 3630 vita
872 3576 905 3630 et
915 3578 1000 3657 post
1016 3559 1257 3632 humationem

190 3678 363 3775 prodigia
380 3692 580 3747 contestata
602 3693 702 3764 sunt,
724 3678 841 3776 jueta
862 3679 968 3749 ritum
989 3694 1023 3749 et
1047 3679 1256 3751 traditiones

195 3819 317 3864 eorum
328 3793 475 3891 jamdiu
493 3793 776 3880 obsereaoimus,
793 3812 827 3865 et
840 3822 951 3893 usque
964 3796 1018 3866 ad
1030 3814 1178 3868 mortem
1195 3811 1255 3866 toto

193 3924 326 3981 conatu
343 3936 550 3980 conservare
563 3927 814 4010 peroptamus.
836 3913 896 3983 De
917 3916 1003 4001 hoc,
1026 3913 1128 4012 quod
1141 3914 1257 3985 redar-

192 4025 341 4120 guimur·
360 4051 384 4092 a
407 4039 456 4110 te,
480 4041 586 4122 pater
608 4027 832 4116 uenerande,
858 4030 946 4126 quia
967 4028 1257 4101 exorbitamusa

195 4143 313 4237 rigore
351 4141 567 4211 monachilis
607 4144 765 4231 regula,
806 4173 871 4217 nec
910 4173 1039 4244 aspero
1072 4147 1258 4244 gradimur
