2888 4934
413 435 529 494 LlBER
549 435 736 496 OCTAVUS.
1052 441 1112 501 307
1233 473 1236 479 ¹

85 567 302 656 riniacensis,
322 580 426 637 aetate
443 566 652 657 mediocris,
673 590 826 666 corpore
842 592 1011 666 magnus,
1030 597 1114 644 mo-

83 684 154 757 stia
173 681 363 773 discretus,
386 682 561 782 religione
581 684 776 772 maximus,
797 684 966 782 sapientia
984 702 1021 756 et
1035 688 1114 761 elo-

83 802 191 877 tentia
203 802 420 901 praecipuus.
437 801 565 876 Adhuc
578 801 802 891 Guitbertus,
823 803 967 876 invasor
978 823 1117 903 aposto

83 946 123 996 :ae
133 919 238 1009 sedis,
250 919 447 993 Ecclesiam
461 922 526 994 Dei
541 920 801 1012 conturbabat,
815 948 856 994 ac
868 921 1047 995 adulando
1060 925 1116 997 vel

83 1038 292 1141 nequando
304 1056 453 1113 cunctos
469 1066 559 1140 quos
575 1056 731 1140 poterat,
746 1040 791 1112 ab
808 1040 946 1113 unitate
960 1043 1056 1138 pacis
1073 1041 1117 1115 ad

83 1157 323 1233 anschisma
339 1158 574 1258 pertrahebat
596 1159 663 1257 (t).
685 1157 763 1230 Odo
781 1158 974 1247 nimirum,
999 1185 1118 1233 comes

83 1276 175 1350 ttrite
191 1277 258 1370 (a),
270 1299 382 1373 nepos
395 1277 469 1376 ejus
481 1291 577 1363 erat,
591 1291 629 1348 et
641 1275 886 1348 ecclesiasticae
897 1276 993 1373 pacis
1004 1277 1119 1350 lauto-

83 1390 283 1492 spluribus
300 1393 477 1490 pressuris
495 1391 697 1465 coercebat.

90 1507 263 1583 Urbanus
281 1509 393 1608 Papa,
419 1509 573 1582 confisus
596 1511 632 1581 in
654 1510 814 1583 Domino
834 1511 1035 1600 coelorum,
1056 1514 1117 1611 qui

83 1650 119 1698 tn
137 1623 315 1724 relinquit
328 1625 468 1724 virgam
485 1641 715 1722 peccatorum
732 1651 841 1723 super
854 1642 990 1699 sortem
999 1629 1120 1726 justo-

83 1741 207 1839 tm(3),
221 1739 320 1812 misit
337 1740 471 1839 legatos
487 1757 524 1812 et
535 1741 701 1840 epistolas
711 1740 883 1814 Romanae
898 1742 1120 1815 auctoritatis

83 1858 192 1932 nucis
212 1873 249 1931 et
270 1857 406 1931 Graecis
413 1914 424 1947 ,
445 1859 592 1959 aliisque
615 1858 781 1958 gentibus
802 1887 866 1958 per
887 1859 1017 1933 orbem
1036 1886 1121 1934 con·

83 1975 196 2064 itatis,
214 1990 256 2046 ut
274 1976 312 2048 in
334 1972 404 2048 fide
429 1975 603 2049 catholica
628 1974 926 2076 irrefragabiliter
949 1979 1120 2076 persiste-t

83 2106 142 2178 nt,
156 2107 193 2164 et
202 2117 349 2165 omnem
360 2092 549 2165 scissuram
560 2120 578 2164 a
589 2093 666 2192 lege
676 2094 740 2166 Dei
754 2109 790 2166 et
805 2119 959 2193 corpore
970 2091 1118 2184 Christi,

83 2208 144 2285 aod
164 2226 218 2282 est
232 2211 412 2298 Ecclesia,
433 2210 561 2283 callide
579 2228 841 2309 praecaverent.
861 2212 965 2284 Solus
984 2214 1121 2285 llenri-

83 2355 120 2418 ts,
138 2328 343 2401 Teutonum
368 2330 548 2428 princeps,
564 2344 601 2400 et
617 2327 816 2429 pedissequi
835 2328 991 2430 ejusdem
1005 2328 1121 2402 Gnid-

83 2461 152 2519 πο
164 2445 409 2521 cohaerebant.
425 2445 520 2518 Galli
530 2472 618 2519 vero
632 2463 669 2519 et
683 2448 813 2547 Angli,
829 2448 980 2547 aliaeque
997 2463 1121 2547 gentes

83 2588 139 2639 ate
150 2588 275 2638 omnes
291 2590 358 2664 per
375 2564 504 2637 orbem
522 2564 673 2638 Urbano
689 2567 748 2665 pie
762 2564 1069 2639 obsecundabant.

93 2680 138 2755 ln
154 2679 286 2780 Apulia
307 2707 433 2754 omnes
459 2681 664 2755 Normanni
691 2683 871 2756 catholico
897 2683 1002 2781 Papae
1029 2708 1121 2755 con-

83 2797 208 2873 trditer
223 2800 401 2873 favebant.
421 2799 560 2873 Verum
573 2801 668 2873 inter
683 2825 719 2872 se
734 2799 960 2873 truculenter
976 2797 1120 2873 disside·
1170 2891 1174 2900 Ι

83 2932 154 3009 int,
175 2934 212 2989 et
223 2917 352 2990 iratres
370 2919 450 3016 plus
465 2943 574 3017 quam
587 2917 703 2990 civilia
717 2916 813 2989 bella
832 2918 987 2990 vicissim
1000 2944 1122 2991 conse-
1168 2929 1171 2942 '

83 3030 191 3107 bant.
210 3034 386 3134 Rogerius
402 3035 522 3123 enim,
543 3051 785 3133 cognomento
798 3035 977 3107 Crumena
987 3090 998 3124 ,
1018 3032 1122 3107 idest

83 3177 173 3241 trsa,
198 3147 329 3223 ducatu
347 3150 523 3223 Calabriae
544 3151 640 3223 solus
661 3178 744 3224 cum
767 3169 882 3224 matre
898 3151 1118 3251 potiebatur.

83 3265 151 3344 lod
162 3267 394 3340 Buamundus
410 3270 522 3341 irater
544 3270 631 3368 ejus,
652 3269 747 3368 apud
764 3268 965 3342 Jordanum
980 3270 1122 3368 princi-

83 3412 130 3461 an
156 3387 287 3485 Capuae
313 3387 480 3475 exulans,
502 3412 598 3487 aegre
618 3387 836 3485 patiebatur.
862 3386 965 3460 Unde
988 3385 1122 3458 auxilio

83 3501 203 3576 asdem
229 3503 379 3577 Jordani
405 3504 535 3577 sororii
560 3504 632 3592 sui,
658 3503 884 3604 aliorumque
906 3519 1119 3601 parentum,

83 3619 318 3720 aioornmque
351 3644 519 3707 snorum,
543 3645 643 3690 arma
682 3633 808 3691 contra
838 3619 987 3690 fratrem
1017 3642 1121 3688 suum

83 3956 123 4027 [1)
138 3955 301 4028 L’antipape
318 3957 455 4023 Guibert,
475 3957 647 4031 archeveque
665 3957 701 4013 de
721 3957 867 4026 Ravenne,
885 3957 932 4012 elu
949 3960 964 4011 'a
979 3957 1081 4011 Brixen
1097 3954 1122 4009 lc

91 4042 158 4114 juin
173 4043 254 4108 1080,
271 4064 305 4099 ne
318 4057 433 4101 mourut
445 4047 528 4121 qn'en
543 4045 699 4119 septembre
715 4064 791 4102 noo.

83 4132 124 4205 (a)
136 4132 229 4200 Satri,
244 4134 308 4188 ville
320 4137 475 4210 (episcopale
489 4135 527 4190 du
541 4137 709 4208 patrimoine
722 4136 757 4191 de
770 4139 842 4192 saint
855 4137 960 4192 Pierre.

90 4219 127 4294 (ὅ)
140 4223 242 4278 Psalm.
257 4243 345 4291 cuir,
362 4224 389 4281 3.
