2888 4934
61 380 98 454 [ιθ
112 397 186 436 tutu
204 376 293 453 1097]
459 371 576 433 LlBEll
598 369 735 443 NONUS,
1072 376 1128 435 511

60 505 304 580 barbarorum
316 503 430 576 millia
441 529 529 576 caesa
542 520 639 593 sunt,
652 503 939 604 quoniamineos
948 502 1136 578 vehemen-

60 638 118 696 ter
136 621 279 694 crassati
299 622 671 720 (1)sunt,quostota
689 618 747 691 die
765 618 959 692 crudeliter
974 620 1133 695 insectati

59 738 215 811 lucrant,

110 855 325 928 Guillelmus
337 851 549 941 Marchisus,
562 855 673 925 frater
687 851 878 942 Tuucredi,
892 870 928 926 et
940 853 1136 927 Gausredus

59 969 105 1044 (le
122 967 450 1058 lllonte-Scabioso,
472 969 541 1040 viri
561 969 717 1040 multum
733 969 927 1057 militares,
947 968 1055 1045 bonae
1072 971 1135 1042 in-

60 1087 154 1161 dolis
170 1104 206 1161 et
219 1087 394 1175 illustres,
411 1103 447 1158 ct
463 1086 568 1158 multi
583 1086 663 1176 alii,
682 1087 814 1159 milites
828 1102 865 1158 et
878 1085 1031 1185 pedites,
1049 1089 1137 1160 ceci-

60 1203 208 1277 deruut.
227 1205 338 1276 Turci
356 1203 476 1292 enim,
496 1218 573 1275 astu
591 1203 706 1276 nimio
724 1203 921 1301 pollentes,
947 1202 1070 1276 audaci
1088 1205 1138 1275 vi-

60 1334 150 1420 gent
162 1319 297 1410 anime,
314 1335 351 1391 et
364 1318 630 1393 irreverberato
642 1319 843 1418 conlligunt
856 1317 988 1418 gladio.
1001 1319 1138 1392 Mortes

60 1437 201 1510 eminus
231 1438 384 1517 inimicis
412 1435 634 1511 creberrime
667 1436 841 1535 infigunt,
873 1437 955 1537 quia
985 1453 1138 1509 utuntur

60 1553 234 1644 arcubus,
254 1571 289 1628 et
304 1555 427 1627 multis
445 1555 693 1627 instrumentis
709 1556 875 1626 nituntur
892 1554 1043 1627 bellicis.
1062 1556 1138 1627 Jac-

61 1673 170 1746 titant
188 1674 285 1746 sede
312 1675 537 1747 Francorum
561 1675 673 1771 stirpe
701 1673 947 1772 genealogiam
974 1673 1134 1762 duxisse,

60 1814 261 1892 eorumque
291 1816 445 1890 proavos
473 1819 492 1863 a
519 1790 788 1864 Christianitate
814 1790 975 1863 descisse.
1005 1791 1139 1864 Dicunt

60 1908 172 1982 etiam
193 1909 310 1982 nullos
333 1910 548 1982 naturaliter
566 1910 742 1997 militare,
762 1909 829 1981 nisi
854 1935 890 1982 se
912 1925 948 1981 et
964 1910 1134 1984 Francos.

59 2025 141 2098 lloc
156 2027 274 2126 itaque
289 2026 458 2124 praelium
474 2026 641 2099 kalendas
655 2028 737 2126 julii
754 2027 888 2101 sactum
903 2043 975 2116 est,
994 2026 1138 2127 diesque

60 2140 233 2216 solemnis
254 2144 496 2242 omnipotenti
513 2144 608 2235 Deo,
629 2144 692 2244 qui
710 2143 831 2217 omnia
847 2141 941 2215 bene
957 2141 1136 2243 disponit,

61 2282 146 2331 cum
159 2259 297 2335 devotis
315 2260 478 2333 laudibus
496 2261 676 2335 celebrata
690 2276 757 2334 cst.

110 2376 276 2451 Ethnicis
292 2380 341 2452 ita
358 2379 579 2479 pessundatis
595 2396 632 2452 et
652 2378 782 2478 procul
805 2378 988 2479 ellugatis,
1012 2385 1056 2450 ad
1072 2404 1138 2453 eo-

59 2521 147 2569 rum
163 2497 319 2570 tentoria
346 2497 548 2596 diripienda
566 2499 732 2571 conversi
759 2513 845 2570 sunt
867 2496 1083 2585 Christiani,
1103 2513 1139 2570 et

61 2611 282 2687 invenerunt
305 2614 355 2686 ibi
380 2616 457 2687 auri
486 2615 699 2714 argentique
723 2615 937 2712 plurimum.
967 2613 1140 2713 Subjuga-

60 2728 110 2805 lia
128 2731 205 2829 (a),
228 2733 346 2805 mulos
364 2749 400 2805 et
423 2758 555 2832 equos,
577 2731 688 2804 boves
714 2748 751 2804 et
774 2732 945 2818 camelos,
974 2755 1140 2804 verveces

60 2865 99 2923 et
115 2850 251 2938 asinos,
271 2867 307 2923 et
327 2853 511 2950 copiosam
537 2850 800 2949 supellectilem
819 2850 855 2922 in
884 2874 1011 2924 eorum
1033 2850 1140 2948 papi-

60 2964 220 3040 lionibus
250 2984 481 3066 repererunt;
515 2985 552 3041 et
580 2967 738 3054 diversis·
756 2968 879 3040 onusti
911 2967 1023 3066 gazis,
1056 2993 1140 3040 cum
1237 3052 1245 3067 ·

63 3084 249 3183 triumpho
277 3103 313 3158 et
340 3085 573 3159 inenarrabili
597 3084 728 3185 gaudio
757 3084 802 3159 ad
829 3110 911 3159 suos
936 3084 1136 3157 redierunt.

60 3201 168 3276 Fama
190 3218 298 3275 tantae
327 3203 490 3277 victoriae
515 3204 730 3304 longinquas
747 3219 784 3276 ct
812 3220 952 3276 exteras
977 3203 1140 3275 nationes

62 3321 177 3419 coepit
192 3318 394 3407 deterrere,
407 3337 444 3394 et
460 3322 606 3394 titulum
622 3321 900 3393 Christianitatis
914 3335 1140 3392 remotorum

61 3433 209 3507 auribus
234 3437 456 3535 populorum
475 3436 690 3511 infundere·
708 3437 886 3509 Praeclara
914 3434 1141 3507 Christiano-

63 3577 147 3623 rum
161 3552 338 3641 facinora,
358 3552 498 3653 sibique
514 3569 817 3653 superventuram
829 3577 957 3624 eorum
971 3549 1139 3622 militiam
1219 3586 1222 3593 ’
1281 3540 1286 3552 ’

61 3690 188 3740 omnes
205 3685 241 3740 et
258 3669 387 3768 singuli
407 3669 665 3743 formidabant.

99 3890 140 3960 (t)
155 3889 230 3945 Lisez
245 3913 251 3944 :
266 3894 400 3964 grassati.

98 3981 138 4051 (a)
152 3980 192 4035 Ce
204 3993 263 4038 mot
275 3983 397 4055 signifie,
412 4001 520 4037 comme
537 4001 565 4036 aa
582 3980 768 4054 composition
782 3978 935 4054 l’indique,
950 3978 999 4034 des
1011 3978 1141 4033 animaux

64 4071 171 4127 soumis
188 4090 223 4127 au
236 4071 316 4146 jung.
336 4073 467 4128 L’auteur
483 4071 612 4140 avoulu,
631 4070 699 4126 daus
713 4080 787 4126 oette
801 4069 1012 4137 enumeration,
1027 4068 1066 4124 les
1082 4067 1141 4122 dis-

65 4161 182 4234 tiuguer
194 4161 243 4218 des
256 4162 333 4219 beses
345 4163 380 4218 de
394 4181 514 4236 somme,
526 4163 562 4218 dc
577 4161 642 4218 selle
654 4172 683 4217 et
698 4159 734 4216 de
748 4160 910 4217 boucherie.
