2888 4934
192 454 252 515 440
466 452 649 513 HISTORIA
671 449 976 513 ECCLESIASTICA.

192 587 262 660 olei
274 586 513 688 pinguedine.
538 588 652 686 Quod
668 614 751 660 vem
765 588 936 660 manibus
951 592 1082 659 nostris
1096 590 1255 688 quotidie

190 732 262 776 non
281 705 507 794 laboramus,
530 705 763 803 plurimorum
783 706 860 778 dire
877 706 1111 778 stimulamur
1129 707 1254 778 redar-

186 824 416 921 gutionibus;
441 824 509 894 sed
535 825 713 895 sincerum
737 829 775 895 in
810 825 932 898 divino
963 825 1064 897 cultu
1099 825 1253 896 laborem

190 939 371 1011 audacter
393 939 610 1039 objicimus,
623 967 728 1038 quern
744 941 791 1012 ab
808 941 1027 1017 authenticis
1047 945 1248 1040 magistris,

188 1058 331 1129 diutina
350 1058 485 1129 dioinae
503 1058 594 1155 legis
607 1057 835 1132 observantia
849 1059 1032 1159 probatis,
1049 1057 1139 1129 olim
1152 1057 1250 1130 didi-

189 1179 316 1247 cimus.
352 1176 583 1272 Dagobertus
607 1201 676 1245 rex
705 1193 739 1246 et
765 1174 1008 1248 Theodericus
1035 1190 1148 1272 atque
1176 1175 1250 1245 Ca·

187 1293 287 1366 rolus
317 1295 481 1392 Magnus
505 1295 711 1392 imperator,
736 1293 875 1392 aliique
898 1318 1000 1391 reges
1026 1309 1062 1363 et
1091 1293 1251 1390 Augusti

188 1408 355 1480 coenobia
371 1409 494 1482 devote
511 1408 770 1495 condiderunt,
791 1425 824 1478 et
840 1409 887 1480 de
899 1410 976 1479 suis
990 1406 1192 1478 redditibus
1205 1405 1253 1477 ad

187 1526 323 1597 victum
351 1541 386 1597 et
412 1526 578 1597 vestitum
606 1551 785 1597 serrorum
810 1526 885 1596 Dei
907 1523 1061 1595 ubertim
1084 1549 1252 1618 erogave-

188 1657 288 1730 runt,
311 1641 651 1740 multitudinemque
671 1643 842 1713 clientum
860 1640 913 1714 ad
927 1648 1107 1712 exteriora
1127 1643 1252 1711 minis·

185 1762 276 1830 teria
304 1759 461 1858 pleniter
489 1759 675 1859 explenda
704 1760 954 1859 subjecerunt,
988 1759 1254 1857 monachosque

188 1874 414 1966 lectionibus,
434 1894 468 1948 et
483 1878 600 1950 sacris
611 1880 835 1949 orationibus
842 1904 911 1979 pro
925 1879 1065 1949 cunctis
1083 1875 1252 1974 benefac-

190 1994 328 2067 toribus
344 1998 436 2085 suis,
453 2012 487 2066 et
505 1995 709 2067 coelestibus
721 2000 898 2092 mysteriis
917 1999 1069 2067 intentos
1080 2022 1160 2067 esse
1176 2020 1254 2066 con-

189 2115 389 2184 stituerunt.
410 2113 563 2184 Exinde
572 2118 779 2213 principum
799 2116 1044 2201 institutione,
1063 2130 1098 2184 et
1115 2113 1253 2184 diutina

190 2228 450 2300 consuetudine
476 2236 647 2300 usitatum
664 2247 717 2300 est
735 2233 772 2300 in
793 2230 924 2302 Gallia
949 2247 987 2300 ut
1013 2231 1144 2301 rustici
1160 2257 1254 2301 rura·

191 2344 257 2435 lia,
274 2347 368 2417 sicut
381 2347 495 2435 decet,
508 2362 689 2445 peragant
703 2373 837 2448 opera,
854 2365 888 2418 et
904 2349 999 2420 servi
1013 2347 1157 2420 servilia
1163 2374 1253 2447 pas-

189 2466 258 2535 sim
271 2480 465 2536 exerceant
476 2466 696 2551 nu'nisteria,·
710 2465 1026 2554 monacbiautem,
1040 2468 1106 2565 qui
1117 2481 1250 2564 sponte,

190 2579 322 2652 relictis
349 2579 607 2681 hujusmundi
629 2581 878 2670 vanitatibus,
906 2584 986 2680 regi
1009 2608 1135 2679 regum
1160 2579 1253 2652 mili-

190 2713 286 2786 tant,
312 2696 570 2770 claustralibus
590 2700 703 2797 septis
729 2715 767 2769 ut
777 2699 881 2792 filice
903 2701 999 2797 regis
1021 2703 1144 2797 quiete
1167 2701 1253 2770 insi-

187 2811 301 2883 deant
309 2869 321 2900 ,
353 2840 493 2884 arcana
517 2840 635 2886 sacree
661 2814 750 2912 legis
779 2813 932 2912 legendo
958 2819 1197 2913 perquirant,
1225 2828 1254 2884 et

189 2931 274 3000 inde
302 2956 443 3029 semper
462 2930 698 3016 meditantes,
730 2933 972 3002 taciturnitati
993 2931 1254 3003 delectabiliter

187 3047 378 3133 insistant,
408 3072 432 3115 a
456 3049 585 3145 pravis
614 3064 648 3116 et
673 3049 798 3118 otiosis
824 3046 1050 3119 sermonibus
1080 3074 1122 3118 os
1154 3072 1251 3119 suum

188 3178 400 3249 coerceant,
436 3163 634 3235 Daridicos
667 3164 841 3262 bymnos,
878 3165 1046 3262 aliasque
1080 3172 1251 3260 mysticas

186 3278 452 3352 modulationes
469 3297 572 3351 nocte
587 3281 718 3378 dieque
737 3282 906 3351 Creatori
918 3284 1137 3370 concinant,
1156 3281 1250 3352 aliis·

185 3425 254 3496 que
269 3397 415 3469 mundis
431 3415 464 3468 et
479 3397 618 3469 idoneis
632 3398 775 3470 actibus
790 3399 948 3497 quotidie
962 3401 1117 3494 agendis
1124 3456 1136 3488 ,
1149 3414 1250 3499 prout

184 3517 278 3586 ratio
296 3518 472 3614 exegerit,
498 3517 698 3587 secundum
717 3533 907 3616 pracepta
930 3519 1114 3615 majorum
1138 3523 1248 3587 inten-

185 3631 289 3701 dant.
313 3637 405 3703 Heec
432 3638 468 3702 in
497 3631 693 3704 Occidente
719 3632 889 3703 rnonaelti
913 3631 1090 3704 hactenus
1109 3631 1250 3733 operari

184 3750 321 3838 solent,
353 3776 400 3821 ac
425 3751 551 3821 studia
576 3778 698 3822 eorum
722 3750 977 3850 liujuscemodi
1000 3777 1080 3822 esse
1104 3751 1244 3836 debere,

183 3892 304 3937 omnes
328 3870 465 3965 procul
495 3869 608 3941 dubio
634 3887 766 3942 norunt
792 3887 825 3940 et
848 3869 1052 3968 perbibent.
1081 3870 1190 3941 Absit
1215 3882 1248 3938 ut

183 3987 308 4054 rustici
322 4000 522 4082 torpescant
535 3993 625 4075 otio,
640 3990 826 4086 saturique
839 3988 1083 4077 lascivientes,
1103 3986 1246 4059 cachin-

182 4104 239 4170 nis
269 4117 302 4170 et
327 4102 434 4171 inani
458 4121 590 4175 vacent
616 4105 778 4193 ludicro,
810 4131 961 4202 quorum
986 4105 1155 4203 genuina
1179 4128 1246 4175 sors

182 4215 299 4288 labori
327 4215 453 4289 dedita
483 4233 537 4288 est
566 4219 721 4293 assiduo
727 4252 742 4306 ;
771 4221 910 4316 egregii
939 4245 1023 4292 uero
1056 4219 1190 4292 milites
1216 4232 1245 4287 et
