2888 4934
560 395 678 455 LIBER
698 396 884 456 OCTAVUS.
1197 399 1259 458 4⁸25

190 526 282 598 sium
299 523 486 598 Rodberto
505 523 700 618 dederunt,
720 553 765 599 ne
781 526 1041 601 monasterium
1057 542 1093 598 et
1110 527 1259 599 colonos

192 644 266 743 ejus
281 643 432 715 ulterius
445 668 574 716 vexare
589 645 664 741 (r),
681 643 741 717 sed
757 646 792 717 in
807 670 893 742 pace
905 645 969 717 Dei
986 644 1141 716 cultores
1155 644 1259 741 legali

191 759 373 834 theusebia
392 763 445 858 (2)
464 761 661 860 tripudiare
678 763 824 835 sineret.
844 761 916 834 Alii
931 787 1075 861 quoque
1092 759 1259 832 monachi

190 894 227 952 et
240 879 394 951 inermes
408 879 529 951 clerici
544 880 651 950 simili
663 881 783 977 pretio
792 906 828 952 se
838 878 1084 966 redemerunt,
1099 876 1261 976 datisque

188 996 328 1095 magnis
344 995 545 1093 sumptibus
562 995 788 1070 frendentem
807 1013 1001 1095 tyrannum
1017 996 1085 1069 sibi
1103 995 1261 1093 placave-

189 1128 291 1202 runt,
305 1113 389 1212 quia
401 1129 488 1186 tunc
501 1115 684 1212 ingentem
698 1115 871 1188 saevitiam
884 1116 958 1215 ejus
969 1140 1070 1214 reges
1082 1139 1143 1185 seu
1155 1110 1262 1184 duces

189 1230 383 1330 principali
401 1256 549 1304 censura
571 1233 753 1331 corrigere
770 1233 814 1305 ad
831 1235 986 1333 quietem
1010 1233 1259 1319 ecclesiarum,

189 1364 426 1444 negaverunt.

238 1462 361 1536 XXV.
377 1461 530 1563 [¹095ll
541 1465 583 1536 ln
594 1464 718 1538 diebus
731 1466 814 1554 illia,
830 1467 969 1566 antiqui
981 1469 1184 1565 optimates,
1196 1468 1258 1564 qui

188 1576 256 1656 sub
269 1576 456 1652 Rodberto
470 1579 559 1651 duce
568 1634 578 1667 ,
596 1581 651 1652 vel
664 1580 740 1654 lilio
754 1583 827 1680 ejus
840 1581 1036 1654 Guillelmo
1051 1607 1152 1680 rege,
1168 1581 1262 1653 mili·

188 1711 376 1786 taverunt,
399 1697 566 1770 humanae
587 1697 804 1773 conditionis
825 1726 927 1773 more
946 1697 1131 1773 hominem
1151 1724 1262 1771 exue-

188 1828 291 1885 runt.
301 1813 477 1913 Rogerius
484 1814 529 1887 dc
537 1817 661 1889 Monte
669 1816 850 1891 Gomerici
862 1815 956 1915 apud
966 1815 1262 1890 scrobesburiam

186 1932 390 2006 monachile
403 1932 543 2007 schema
555 1932 707 2009 devotus
718 1938 884 2034 suscepit,
897 1936 980 2007 etin
993 1934 1136 2007 basilica
1147 1935 1260 2006 sancti

186 2046 286 2121 Petri
301 2050 473 2147 apostoli,
490 2077 599 2151 quam
618 2068 719 2124 extra
738 2051 868 2124 urbem
889 2052 984 2124 inter
1002 2049 1074 2124 duo
1087 2049 1259 2122 llumina:

187 2164 345 2242 Meolam
362 2185 400 2241 et
424 2168 634 2259 Sabrinam,
655 2169 819 2243 condidit
842 2170 917 2268 (ὅ),
937 2168 1054 2241 tribus
1077 2165 1203 2239 diebus
1225 2166 1262 2239 in

188 2283 379 2383 colloquiis
392 2283 523 2357 divinis
538 2304 575 2359 et
587 2287 754 2360 oratione
770 2287 865 2358 inter
880 2310 1001 2358 servos
1013 2283 1079 2356 Dei
1097 2308 1263 2380 perman·

188 2398 248 2474 ait.
267 2399 448 2491 Tandem,
469 2417 521 2476 v1⁰
537 2404 706 2478 kalendas
722 2405 879 2503 augusti,
895 2420 1061 2478 mortuus
1082 2418 1152 2490 est,
1171 2417 1209 2473 et
1226 2401 1261 2472 in

187 2516 331 2592 basilica
350 2523 464 2594 sancti
482 2524 579 2595 Petri
599 2525 757 2622 sepultus
775 2540 829 2596 est
846 2525 922 2620 (4),
947 2537 1138 2620 postquam
1159 2521 1264 2617 Hugo

188 2633 233 2707 de
248 2634 376 2709 Monte
389 2637 588 2728 Gomerici,
604 2640 700 2711 lilius
714 2642 801 2739 ejus,
816 2665 935 2711 comes
950 2641 985 2711 in
1000 2637 1134 2738 Anglia
1153 2638 1264 2708 lactus

188 2764 258 2839 est,
284 2767 319 2822 ct
337 2751 541 2826 Rodbertus
558 2752 603 2826 dc
622 2755 778 2827 Belismo
799 2771 918 2826 totum
936 2753 1114 2827 honorem
1131 2753 1205 2851 ejus
1226 2751 1262 2821 in

188 2866 413 2942 Normannia
432 2888 556 2943 nactus
581 2889 646 2944 est.
665 2874 782 2946 Porro
800 2873 975 2972 Rogerius
999 2870 1202 2944 Pictavinus
1228 2883 1264 2939 et

188 2982 381 3074 Amulius,
399 2987 585 3087 Philippus
612 3007 648 3062 et
672 2988 857 3061 Ebrardus
878 2987 923 3061 de
951 3004 1099 3087 paterna
1127 2982 1264 3059 heredi-

186 3117 261 3176 tate
275 3103 364 3176 nibil
381 3104 604 3196 habuerunt;
619 3108 702 3208 quia
724 3107 797 3181 duo
812 3108 970 3207 prioreS,
987 3121 1027 3176 ut
1039 3102 1176 3176 dictum
1190 3119 1260 3188 est,

185 3217 391 3294 Rodbertus
407 3239 443 3295 et
463 3226 587 3322 Hugo,
605 3226 695 3297 citra
716 3250 815 3297 mare
837 3240 873 3297 et
886 3225 1001 3310 ultra,
1018 3239 1136 3295 totum
1151 3222 1263 3319 patris

177 3334 237 3434 jus
265 3336 519 3412 obtinuerunt.
552 3340 728 3442 Rogerius
760 3359 878 3414 tamen
909 3357 946 3413 et
974 3340 1168 3427 Arnulsus,
1198 3338 1258 3438 qui

182 3452 324 3527 militiae
348 3455 613 3559 probitatisque
639 3460 752 3532 titulis
778 3461 873 3532 inter
895 3456 1171 3533 contubernales
1194 3482 1261 3528 ra-

182 3570 349 3659 luerunt,
371 3576 524 3648 consilio
541 3579 672 3675 patris,
697 3603 830 3677 suaque
852 3576 1127 3676 procuratione,
1148 3597 1261 3673 gene-

217 3837 257 3906 (r)
269 3835 347 3891 Nous
359 3855 479 3911 pensons
491 3840 559 3914 qu’il
573 3841 632 3896 saut
645 3840 697 3896 lire
710 3864 715 3894 ε
729 3850 858 3896 vexaret.

217 3925 257 3997 (a)
273 3925 309 3981 La
323 3929 413 4000 pnite,
428 3927 454 3983 le
465 3931 539 3985 culte
552 3930 587 3985 dc
600 3932 683 3985 Dieu.

216 4013 257 4087 (3)
271 4017 366 4092 Voyez
378 4021 529 4087 cidessus,
545 4032 566 4078 t.
580 4023 624 4088 ll,
639 4042 667 4096 p.
682 4021 743 4089 416.

217 4107 256 4179 (4)
270 4110 306 4163 Le
319 4127 352 4184 27
360 4111 464 4182 juillet.
480 4114 556 4168 Nous
569 4132 703 4186 pensons,
717 4125 813 4168 contre
826 4112 960 4186 l'opiniou
973 4111 1009 4166 dc
1022 4128 1072 4166 nos
1085 4105 1256 4171 devauciers,

180 4212 236 4265 que
251 4213 282 4250 cc
296 4197 339 4251 lut
354 4218 389 4253 cn
406 4199 481 4272 1095.
