2888 4934
182 387 290 463 [roan
580 384 696 445 trena
716 384 854 446 nonus.
1191 387 1251 450 51³

184 514 316 587 milites
333 517 446 589 coacti
465 532 548 587 sunt
568 517 621 588 ire
639 516 793 614 pedites,
811 533 847 589 et
867 517 927 616 qui
947 532 1163 615 potuerunt,
1184 545 1253 617 pro

185 628 357 704 vehiculis
373 627 468 703 adse
484 632 540 704 vel
550 658 610 704 sua
622 629 864 721 subvehenda,
880 632 946 705 sibi
964 631 1074 705 bores
1086 629 1254 708 adhibue-

184 761 285 818 runt.
300 746 375 818 Nec
387 746 504 820 multo
516 762 598 844 post
607 745 829 819 uberrimam
845 748 992 847 ingressi
1008 763 1091 819 sunt
1104 764 1251 840 terram,

185 862 400 936 victualibus
416 879 451 936 et
468 863 574 938 bonis
589 862 758 936 omnibus
776 866 942 937 refertam
951 895 962 955 3
989 880 1139 963 excepto
1156 864 1255 965 quod

185 981 332 1081 equinas
347 980 415 1053 sibi
433 980 674 1081 nequiverunt
691 1005 860 1079 reparare
874 997 1047 1055 vecturas.
1063 981 1255 1055 Venientes

185 1097 375 1173 ichonium
402 1100 478 1197 (1),
507 1097 733 1198 persuasione
767 1095 1016 1198 indigenarum
1053 1114 1151 1171 utres
1175 1124 1256 1173 suos
1290 1147 1292 1151 -

187 1218 287 1316 aquis
301 1216 550 1315 repleverunt,
569 1217 805 1316 confectoque
820 1216 949 1288 itinere
965 1214 1054 1304 diei,
1074 1215 1118 1288 ad
1135 1242 1258 1316 quem-

186 1332 268 1408 dam
278 1332 429 1407 flurium
441 1348 633 1421 venerunt,
647 1331 708 1405 ubi
722 1331 811 1406 duos
822 1333 990 1431 hospitati
1002 1333 1090 1424 dies,
1105 1337 1256 1408 recreati

187 1465 283 1523 sunt.
296 1450 509 1540 cursitores,
525 1451 586 1551 qui
601 1474 742 1549 semper
755 1451 954 1523 exercitum
966 1449 1254 1549 praecurrebant,

186 1583 227 1639 ut
249 1567 419 1640 exercitui
438 1565 700 1666 praeviderent,
721 1583 756 1640 et
778 1567 896 1666 paleas
912 1583 949 1640 et
971 1568 1037 1639 alia
1063 1567 1257 1642 necessaria

183 1683 405 1784 diriperent,
420 1702 693 1785 praecurrerunt
710 1684 754 1758 ad
772 1684 962 1759 Erachiam
982 1686 1164 1759 civitatem
1183 1688 1255 1783 (a),

187 1802 224 1873 in
241 1828 312 1902 qua
325 1803 461 1874 multus
477 1818 555 1875 erat
571 1804 777 1877 Turcorum
796 1819 996 1876 conventus
1006 1859 1016 1895 ,
1037 1803 1065 1875 si
1084 1829 1153 1904 qna
1171 1829 1259 1903 pos-

184 1935 265 1993 sent
281 1919 404 1993 obesse
427 1920 638 1994 Christianis
656 1937 861 2020 expectans.
882 1921 1147 1995 cursitantibus
1168 1920 1259 1994 insi·

185 2034 260 2109 dias
273 2036 552 2127 collocaverant,
567 2063 657 2138 quos
668 2035 836 2111 audacter
849 2038 977 2111 Franci
991 2039 1146 2140 aggressi
1159 2055 1257 2130 sunt,

188 2169 224 2226 et
243 2152 381 2253 fugatos
406 2155 635 2228 indifficulter
665 2154 922 2255 disperserunt.
950 2157 1065 2256 Igitur
1083 2156 1257 2245 Erachia,

189 2269 317 2342 Turcis
333 2269 497 2369 abjectis,
520 2271 556 2343 in
576 2268 863 2344 Christianorum
886 2269 1170 2345 dominationem
1187 2273 1260 2345 cito

190 2385 330 2458 redacta
348 2403 417 2475 est,
440 2387 560 2488 ibique
573 2405 729 2489 quatuor
742 2390 816 2461 dies
834 2390 1081 2463 confecerunt.
1101 2389 1154 2461 lbi
1169 2391 1261 2463 Tan·

189 2501 316 2586 credus
331 2519 368 2574 et
378 2503 574 2577 Balduinus
586 2504 633 2577 ab
650 2505 728 2578 aliis
743 2530 780 2578 se
795 2504 1111 2606 disgregaverunt,
1127 2522 1164 2579 et
1181 2506 1260 2580 val-

188 2619 260 2693 lem
273 2620 318 2693 de
334 2622 527 2695 Bolentrot
544 2624 598 2719 (3)
612 2650 693 2695 cum
708 2624 778 2694 suis
796 2622 1084 2722 expeditionibus
1099 2626 1261 2695 intrave-

191 2754 292 2809 runt.
314 2738 519 2812 Tancredus
532 2757 666 2830 autem,
681 2741 844 2813 iterum-a
862 2739 1042 2814 Balduino
1058 2757 1257 2840 separatus,

188 2854 342 2926 'l'arsum
358 2857 458 2928 venit
469 2883 554 2929 cum
567 2856 637 2929 suis
653 2856 843 2929 militibus.
863 2859 973 2929 Turcl
987 2882 1089 2948 vero,
1108 2857 1153 2931 de
1168 2856 1261 2930 urbe

224 3103 262 3174 (ι)
277 3104 419 3170 Iconium,
434 3103 588 3178 metropole
600 3104 635 3159 de
647 3103 673 3159 la
686 3104 835 3177 Lycaonie,
851 3102 1029 3176 aujourd'hui
1045 3104 1165 3160 Koniah.

226 3191 314 3247 Notre
328 3203 427 3247 auteur
444 3212 523 3266 passe
539 3213 603 3250 sous
619 3195 720 3250 silence
736 3194 874 3268 plusieurs
892 3195 955 3250 faits
969 3194 1193 3249 intermediaires
1209 3195 1261 3247 im·

191 3290 331 3352 portants,
351 3282 402 3336 tels
418 3301 473 3356 que
489 3282 674 3356 l’oecupation
692 3282 916 3352 d’Antiochette,
936 3282 961 3337 la
981 3281 1100 3337 maladie
1115 3281 1151 3336 de
1165 3280 1263 3338 Gode-

191 3369 259 3436 lrol,
275 3370 347 3425 suite
360 3369 395 3423 de
408 3389 436 3424 sa
449 3370 520 3426 lutte
531 3390 595 3427 arec
609 3391 648 3427 un
662 3390 728 3426 curs
742 3374 939 3446 gigantesque,
953 3382 982 3426 et
994 3370 1062 3426 celle
1073 3370 1112 3425 du
1123 3381 1214 3425 comte
1227 3369 1263 3425 de

192 3458 333 3513 Toulouse
349 3484 353 3513 :
371 3461 420 3515 Ita
435 3479 471 3515 ex
486 3480 520 3515 ea
536 3464 698 3535 infirmitate
714 3462 835 3539 affictus
841 3463 919 3535 suit,
939 3471 969 3515 ut
983 3461 1126 3533 depositus
1140 3460 1175 3516 de
1193 3463 1263 3516 lecto

192 3550 220 3601 in
235 3558 337 3602 terram
344 3591 351 3616 ,
367 3551 419 3603 vix
432 3552 515 3604 eliam
523 3552 639 3605 vitalem
648 3552 761 3623 pulsum
775 3550 892 3605 haberet
897 3575 905 3612 ,·
919 3548 994 3603 unde
1007 3553 1153 3623 episcopus
1164 3550 1262 3605 Aura-

191 3641 258 3693 sicoe
271 3638 348 3692 urbis
360 3638 479 3714 officium
492 3645 577 3714 quasi
586 3640 721 3715 defuncto
736 3645 763 3696 ei
778 3639 926 3714 impendit,
942 3639 985 3694 dit
997 3638 1116 3695 l’auteur
1128 3639 1166 3694 du
1184 3641 1266 3696 Sacri

192 3728 269 3783 Belli
280 3728 417 3795 Historia,
432 3731 537 3785 temoin
551 3729 683 3786 oculaire.

227 3820 267 3888 (a)
284 3805 388 3885 Erdcli,
406 3821 420 3872 ἐι
436 3829 529 3873 trcnte
541 3820 644 3875 lreures
657 3820 823 3875 d’Iconinm.
843 3821 965 3875 L’armee
983 3819 1177 3893 chretienney
1192 3829 1264 3876 resta

191 3916 291 3979 quatre
299 3907 389 3978 jonrs.

227 3991 268 4065 (3)
280 3994 361 4049 Cette
375 3995 460 4050 valle'e
472 3996 588 4052 conduit
603 4001 619 4053 ἐι
636 3997 694 4053 l'un
709 3996 758 4052 des
773 4015 898 4071 passages
914 3997 954 4052 du
966 3997 1091 4066 Taurus,
1104 4013 1196 4051 eouuu
1212 4015 1264 4050 au·

188 4081 335 4155 jourd’hui
356 4102 420 4140 sous
435 4085 461 4140 le
484 4104 549 4141 nom
568 4087 603 4143 de
623 4087 856 4158 Getasa-Boon,
876 4091 892 4143 a
910 4088 981 4144 seiae
997 4089 1099 4144 lteures
1117 4086 1152 4143 de
1166 4087 1261 4142 Tarse.

166 4180 170 4187 “
192 4172 291 4228 Albert
304 4173 386 4229 d’alix
398 4174 505 4247 appelle
518 4195 549 4231 ce
561 4195 675 4251 passage
689 4202 695 4232 z
709 4178 794 4235 Parte
806 4178 947 4235 deludas.

266 4287 323 4336 ιιι.
1073 4268 1117 4336 33
