2888 4934
290 429 353 499 536,
525 426 710 489 HISTORIA
733 427 1040 492 tcctmltsrtct.
1066 438 1360 517 [utrarusrolosst

290 575 343 632 tas
361 560 438 658 (1),
457 575 494 632 et
510 561 683 657 plurimas
700 561 891 660 gentilium
904 563 1069 639 nationes
1085 563 1302 656 adventare,
1324 583 1360 640 et

289 675 332 748 dc
349 677 445 750 bcllo
462 677 499 750 in
511 676 731 750 Christianos
741 678 950 754 condixisse.
966 684 1048 755 Jam
1060 685 1149 756 certi
1163 701 1361 782 eruperant

290 794 427 882 nuntii,
447 794 508 893 qui
526 791 571 867 dc
588 793 802 868 certitudine
820 797 1043 872 testabantur
1061 800 1293 874 imminentis
1307 827 1363 900 pe-

288 909 409 981 riculi.
429 909 620 983 Christiani
637 935 726 1011 crgo
747 911 853 986 duces
877 913 921 986 ad
946 917 1101 990 invicem
1119 917 1237 990 locuti
1256 935 1359 1008 sunt,

290 1044 327 1101 et
344 1043 471 1125 sponte
495 1055 555 1100 sua
573 1030 785 1104 Bnamundo
807 1030 1091 1107 subintulerunt.
1117 1036 1243 1107 Vides
1268 1035 1364 1136 qaod

292 1147 332 1216 in
358 1145 514 1220 articulo
538 1174 592 1219 res
614 1165 736 1236 nostra
757 1158 880 1249 posita
904 1153 967 1221 sit.
997 1151 1042 1223 Si
1063 1153 1250 1223 civitatem
1279 1178 1363 1251 ergo

294 1265 402 1337 istam
409 1290 521 1365 prece
536 1264 597 1336 vel
600 1269 734 1366 pretio,
751 1266 854 1338 nobis
868 1272 977 1339 etiam
984 1269 1217 1368 juvantibus,
1232 1273 1364 1367 poteris

292 1378 470 1468 obtinere,
491 1406 652 1453 noceam
669 1380 738 1452 tibi
750 1385 972 1454 unanimiter
983 1384 1223 1458 concedimus
1230 1419 1248 1471 ;
1263 1385 1363 1459 salvo
1410 1387 1414 1394 “

294 1497 333 1566 in
342 1497 509 1569 omnibus
517 1553 531 1585 ,
543 1497 646 1596 qaod
659 1499 868 1597 imperatori
885 1515 920 1570 te
938 1499 1177 1571 collaudante
1177 1497 1345 1598 fecimus
1349 1556 1361 1587 ‚

294 1631 533 1686 sacramento.
549 1615 595 1686 Si
610 1613 712 1687 nobis
730 1617 939 1714 imperator,
959 1632 997 1686 ut
1008 1618 1199 1716 promisit,
1214 1618 1365 1718 adjutor

294 1732 497 1820 advenerit,
514 1735 734 1832 juratasque
755 1737 945 1831 pactiones
972 1733 1206 1820 custodierit,
1223 1735 1365 1834 perjan'

258 1848 259 1853 ’
296 1852 412 1953 ninere
430 1848 623 1934 nolnmns;
641 1848 727 1938 sed,
747 1851 849 1948 quod
856 1875 957 1951 pace
972 1867 1036 1921 tna
1055 1850 1196 1921 dictam
1216 1854 1284 1940 sit,
1303 1877 1364 1922 nos

297 1992 377 2038 earn
395 1966 455 2038 itti
470 1965 713 2039 concedimus.
732 1967 800 2038 Sin
818 1984 959 2056 antem,
976 1983 1049 2039 tace
1065 1994 1211 2067 semper
1222 1968 1363 2040 subdita

223 2120 230 2134 ·
297 2087 344 2154 sit
366 2088 556 2184 potestati!
591 2085 678 2157 Mox
709 2083 938 2155 Buomundus
972 2084 1106 2155 iteratis
1139 2082 1364 2156 sermonibus

297 2197 444 2270 Pirrum
455 2198 714 2297 interpellavit,
728 2215 765 2269 et
775 2199 848 2287 ille,
862 2197 954 2271 nihil
967 2214 1242 2295 percunctatus,
1257 2197 1364 2268 lilium

297 2341 402 2386 suum
419 2314 579 2387 obsidem
596 2315 706 2386 misit.
728 2319 878 2403 Prceeo,
897 2316 1034 2414 inquit,
1051 2331 1170 2386 vester
1186 2314 1364 2386 incastris

299 2434 428 2505 nestris
446 2435 582 2505 intonet
599 2433 677 2505 alta
705 2460 793 2506 noce
812 2450 850 2504 ut
865 2460 956 2532 gens
977 2435 1233 2521 Francorum,
1263 2431 1365 2503 bodie

307 2589 1361 2622 --------—2-—---—-—-——--————-—

302 2696 448 2764 nicheens,
471 2698 519 2770 qui
536 2698 607 2751 avait
627 2698 685 2769 pris
704 2696 728 2748 le
750 2712 813 2748 nom
835 2694 870 2748 de
889 2692 1057 2758 Pauliciens,
1077 2691 1145 2744 d’un
1163 2692 1272 2744 certain
1289 2687 1364 2751 Paul,

300 2786 496 2854 introtlucteur·
507 2785 543 2838 de
554 2785 687 2859 quelques
700 2783 873 2837 innovatione
885 2783 953 2835 dans
967 2782 1041 2835 leurs
1053 2796 1214 2849 croyances.
1232 2777 1366 2831 Favorises

301 2895 351 2952 par
364 2877 528 2950 l'empercur
541 2876 698 2947 Nicepliore
712 2872 829 2943 (sos-25
838 2873 931 2943 juillet
944 2872 975 2927 81
984 2871 1024 2941 r),
1038 2869 1072 2923 ils
1085 2869 1243 2923 formerent
1254 2886 1292 2920 uo
1304 2865 1367 2938 petit

304 2957 365 3022 Erat
379 2987 415 3022 en
429 2969 570 3021 Armenio.
588 2967 749 3020 Persecutes
766 2964 873 3017 ensuite
890 2982 939 3034 par
956 2962 980 3015 le
995 2977 1153 3014 successeur
1166 2958 1203 3010 de
1218 2977 1249 3010 ce
1263 2956 1366 3029 priooe,

302 3078 338 3114 en
351 3060 416 3126 812,
432 3071 460 3114 et
473 3075 523 3131 par
539 3057 735 3128 l'impe'ratrice
748 3055 912 3117 Theodora,
929 3071 963 3107 en
980 3053 1046 3118 848,
1064 3051 1097 3104 ils
1112 3068 1140 3102 se
1155 3047 1300 3120 placerent
1312 3061 1368 3099 sons

302 3149 328 3203 la
349 3139 505 3221 protection
524 3147 572 3201 des
588 3147 695 3212 caliles,
711 3147 760 3219 qui
778 3145 817 3198 les
830 3143 980 3198 etablirent
994 3142 1062 3194 dans
1080 3139 1105 3193 la
1121 3136 1290 3210 cappadoce
1306 3133 1368 3189 etla

304 3241 393 3314 petite
406 3239 547 3296 Armenio.
566 3238 629 3290 Une
642 3235 725 3290 lettre
742 3236 798 3290 fort
816 3235 944 3288 curiense
956 3232 991 3286 dc
1008 3229 1240 3284 louis-le-leune
1254 3245 1289 3279 au
1304 3226 1369 3296 Pape

303 3332 312 3400 l
320 3328 394 3385 Hist.
413 3328 448 3382 cle
465 3328 523 3394 Fra,
541 3327 608 3393 XV,
621 3345 649 3398 p.
664 3329 731 3401 790)
744 3342 847 3396 prouve
861 3341 915 3396 que
929 3321 968 3394 les
978 3320 1119 3373 doctrines
1132 3317 1168 3369 de
1185 3334 1231 3371 ces
1248 3314 1369 3369 sectaires

303 3421 410 3474 avaient
422 3419 536 3490 penetro
545 3435 601 3470 non
615 3415 767 3469 seulement
776 3432 824 3467 sur
833 3413 858 3466 le
869 3409 976 3465 litteral
989 3407 1059 3463 dela
1072 3409 1191 3471 France,
1204 3406 1368 3476 toujoursen

304 3518 414 3564 eontact
423 3524 489 3562 avec
500 3505 635 3571 l'Oricot,
650 3504 718 3556 mais
731 3501 969 3573 encorejusqu’au
982 3499 1039 3551 scin
1051 3497 1099 3549 des
1110 3496 1257 3566 provinces
1267 3493 1306 3547 les
1316 3491 1371 3564 plus

305 3597 533 3672 septentrionales
546 3596 585 3649 ‹lu
598 3612 738 3668 royaume.
756 3593 780 3647 Il
797 3611 815 3664 y
831 3603 879 3645 eut
896 3591 980 3656 ainsi,
1000 3588 1053 3643 ala
1068 3588 1140 3639 suite
1154 3586 1204 3640 des
1222 3586 1281 3638 croi
1285 3582 1369 3647 s,a‹les

305 3686 486 3760 importation
496 3685 530 3738 de
540 3683 677 3757 plusieurs
689 3691 775 3735 sectes
787 3680 1002 3734 manicheenncs
1013 3688 1041 3731 et
1054 3673 1217 3747 gnostiques
1230 3690 1280 3725 sur
1289 3672 1372 3724 divers

305 3778 399 3848 points
416 3776 455 3829 du
473 3793 552 3848 pays,
572 3785 600 3829 et
614 3772 669 3828 l’on
686 3773 823 3850 decouvre
839 3787 938 3824 encore
956 3768 1004 3821 des
1021 3763 1130 3820 coffrets
1144 3751 1373 3835 baphometiques

306 3867 402 3940 quien
418 3869 611 3939 proviennent.

320 3958 366 4026 (1
357 3957 381 4025 ι)
394 3956 432 4009 Cc
444 3965 515 4021 rnot,
528 3954 596 4008 dont
609 3954 648 4007 les
657 3952 745 4008 Grecs
758 3949 968 4020 schismatiques
978 3963 1006 3999 se
1016 3944 1154 3998 servaient
1165 3958 1240 4013 pout
1250 3938 1375 4010 designer

306 4045 346 4099 les
360 4042 531 4115 catholiques
545 4042 641 4108 latins,
657 4052 698 4094 ost
715 4037 867 4111 applique
860 4038 895 4090 ici
913 4039 928 4090 a
946 4034 1067 4088 dautres
1082 4029 1242 4084 auxiliaires
1258 4026 1305 4080 des
1319 4042 1376 4077 mu·

307 4135 442 4202 sulmans,
462 4130 674 4233 prohablement
691 4131 846 4194 chretiens,
866 4136 894 4181 et
912 4126 1010 4179 faisant
1027 4139 1124 4193 usage,
1144 4134 1257 4174 comme
1273 4102 1377 4185 l’Eglise

307 4224 457 4292 Romaine,
475 4221 510 4277 tle
525 4221 589 4294 pain
605 4239 660 4276 non
676 4221 811 4274 fermento
823 4235 895 4290 pour
910 4213 935 4269 ta
949 4211 1150 4270 consecration
