2888 4934
559 460 675 523 LIBER
695 460 882 520 OCTAVUS.
1192 458 1252 520 439

186 611 221 667 et
244 599 342 668 omni
367 595 635 666 conversatione
656 595 819 666 bumana
841 589 994 693 provide
1021 605 1197 690 temperat
1221 609 1255 663 et

186 714 366 815 disponit,
396 726 435 782 ut
458 715 581 783 omnia
602 729 806 785 mensurate
817 711 920 809 fiant
928 724 1083 810 propter
1093 708 1210 810 pusill
1233 751 1255 766 -

186 833 324 916 nimes,
353 845 387 899 et
414 828 551 926 absque
580 825 928 900 murmurationibus
958 828 1044 897 sint.
1075 824 1255 897 Abbatem

187 970 331 1043 quoque
363 970 586 1043 summopere
602 944 773 1015 admonet
799 957 838 1013 ut
853 949 1012 1013 omnium
1030 939 1255 1012 imbecillita-

187 1078 258 1134 tem
274 1061 486 1134 consideret.
507 1062 699 1134 Fratribus
716 1061 868 1161 infsrmis
883 1077 948 1132 aut
963 1060 1130 1133 delicatis
1147 1059 1256 1132 talem

188 1206 337 1280 operam
359 1180 420 1250 uel
441 1197 553 1251 artem
566 1180 672 1280 jabet
692 1180 857 1279 injungi,
883 1195 924 1249 ut
945 1205 1011 1250 nec
1034 1178 1139 1249 otiosi
1162 1178 1254 1267 sint,

188 1322 256 1368 nec
290 1296 465 1368 uiolentia
493 1298 628 1370 laboris
661 1302 914 1399 opprimantur
940 1314 974 1368 et
1002 1297 1254 1395 effiingantur.

189 1411 347 1484 Paulus.
363 1427 397 1484 et
427 1415 633 1501 Antonius,
663 1413 801 1513 aliique
823 1412 975 1513 plures,
1006 1416 1068 1511 qui
1089 1413 1257 1511 primitus

187 1553 346 1599 eremum
373 1535 622 1628 expetierunt,
640 1546 674 1600 et
697 1533 735 1600 in
759 1528 896 1601 abditis
915 1528 1049 1600 deserti
1068 1528 1158 1600 locis
1176 1553 1258 1600 mo-

188 1645 352 1715 nasteria
376 1643 449 1716 sibi
469 1662 764 1734 construxerunt,
791 1647 919 1717 timore
936 1670 1192 1742 paganorum,
1221 1659 1259 1713 at

187 1787 304 1858 supra
319 1760 455 1833 dictum
471 1780 541 1851 est,
557 1761 646 1833 illuc
661 1761 855 1861 compulsi,
868 1777 1010 1834 arctam
1022 1763 1131 1831 nimis
1145 1765 1259 1831 uitam

188 1877 390 1972 elegerunt,
411 1896 445 1950 et
461 1895 678 1976 cooperante
696 1881 824 1976 gratia
841 1880 929 1964 Dei,
949 1879 1199 1949 necessitatem
1221 1882 1259 1948 in

188 1994 412 2066 uoluntatem
427 2010 765 2067 transmutaverunt.
778 1992 923 2065 Deinde
937 1992 1124 2065 laudabili
1135 2019 1259 2066 eorum

189 2110 356 2209 exemplo
379 2110 583 2183 admodum
606 2114 714 2184 crevit
734 2114 1017 2182 renuntiantium
1034 2109 1171 2181 saeculo
1184 2137 1257 2181 na·

188 2251 327 2316 merus,
347 2243 381 2298 et
393 2253 463 2327 pro
481 2226 745 2299 diversitatibus
767 2227 923 2299 locorum
942 2225 1169 2299 nemoribus
1188 2224 1259 2297 bo-

189 2347 326 2415 minum
336 2349 452 2416 uariis
465 2347 612 2417 incessit
625 2343 925 2417 institutionibus.
942 2344 1020 2415 Sed
1030 2348 1067 2414 in
1083 2342 1257 2442 unafide,

189 2477 228 2532 ut
240 2460 331 2532 dicit
347 2461 545 2560 Gregorius
560 2464 672 2564 Papa
682 2519 693 2552 ,
704 2462 799 2534 nibil
810 2461 917 2563 efficit
929 2480 1068 2534 sauctae
1077 2463 1260 2534 Ecclesiae

188 2578 412 2651 consuetudo
429 2579 580 2651 diuersa.
599 2582 748 2678 Magna
759 2604 851 2679 pars
870 2579 1055 2651 bominum
1072 2584 1110 2650 in
1123 2578 1260 2650 calidis

187 2695 396 2793 regionibus
421 2712 520 2768 caret
535 2694 800 2793 femoralibus,
829 2701 1028 2796 tunicisque
1042 2693 1198 2795 fruitur,
1221 2714 1262 2767 at

187 2813 375 2903 mulieres,
396 2815 496 2886 lauis
516 2831 549 2885 et
566 2814 757 2887 talaribus.
778 2814 944 2912 Quorum
961 2812 1260 2886 consuetudinem

186 2955 261 3003 non
281 2930 462 3020 abhorret,
485 2932 553 3003 sed
569 2933 799 3032 amplectitur
818 2933 903 3003 inde
916 2949 1168 3031 propagatus,
1189 2930 1260 3002 ibi·
1337 3015 1341 3025 ι

187 3073 259 3145 que
270 3051 481 3139 consistens,
491 3050 746 3123 monachorum
758 3076 907 3122 cuneus.
918 3053 989 3123 Ast
1000 3075 1118 3122 omnes
1129 3051 1263 3150 populi

186 3163 331 3237 braccis
354 3183 505 3237 utuntur
520 3170 558 3238 in
574 3167 732 3240 occiduo
750 3167 915 3254 climate,
934 3193 1001 3239 nec
1016 3169 1081 3256 eis,
1102 3182 1179 3238 tam
1187 3194 1260 3268 pro

173 3281 343 3381 frigore,
365 3311 475 3383 quam
493 3312 559 3383 pro
583 3286 782 3375 dedecore,
802 3302 934 3358 norunt
958 3311 1092 3358 carere.
1118 3285 1261 3383 Quibus

183 3426 257 3500 pro
274 3404 410 3492 causis,
426 3402 523 3474 idem
539 3431 617 3476 mos
632 3410 736 3476 estin
746 3422 866 3476 nostro
880 3404 1019 3476 ordine.
1036 3405 1075 3476 Ν
1079 3430 1120 3476 ec
1133 3404 1236 3475 illum
1243 3459 1256 3491 ,

188 3519 373 3616 quintilis
390 3536 424 3590 et
439 3521 611 3593 honestus
628 3538 698 3610 est,
717 3521 887 3593 volamus
905 3519 1118 3618 relinquere.
1136 3519 1202 3592 Sic
1215 3519 1263 3591 de

187 3635 356 3708 omnibus
382 3639 465 3710 aliis
488 3639 725 3711 rationabiles
748 3666 884 3712 causas
906 3638 1010 3710 nobis
1033 3638 1263 3710 tradiderunt

188 3753 322 3825 eruditi
342 3755 525 3842 doctores,
549 3760 615 3857 qui
632 3786 696 3830 nos
718 3762 756 3828 in
778 3783 883 3829 sacro
901 3755 1082 3828 schemate
1095 3782 1262 3857 praeces-

187 3890 323 3944 serant.
357 3875 404 3946 In
427 3875 545 3947 Italia
575 3893 609 3947 et
638 3875 848 3948 Palcestina
878 3891 911 3946 et
942 3873 1031 3947 aliis
1053 3874 1263 3971 regionibus

188 3989 424 4088 quibusdam,
438 3999 531 4065 satis
543 3992 735 4065 abundant
747 3993 850 4067 oliuae
853 4051 865 4083 ,
881 3988 1121 4091 cujusfructu
1135 3991 1259 4082 ditati,

188 4107 245 4178 ad
261 4107 420 4183 diversos
437 4138 518 4183 esus
546 4110 769 4184 condiendos
788 4138 859 4184 non
877 4111 1045 4210 indigent
1061 4113 1261 4210 sagimine,·

189 4225 291 4324 quod
304 4228 408 4299 nobis
432 4227 492 4301 ln'c
516 4230 709 4304 clementer
733 4256 943 4317 concessum
958 4247 1029 4320 est,
1056 4227 1260 4301 carentibus
