2888 4934
560 400 677 462 Lllllill
698 399 885 462 OCTAVUS.
1200 402 1257 465 tot

189 559 260 635 que
273 535 351 608 sine
364 531 500 624 liberis,
516 531 642 622 David,
661 532 764 607 fratri
781 558 860 623 suc,
873 556 1027 632 regnum
1040 531 1189 608 dimisit.
1204 536 1263 612 Sic

189 677 314 727 omnes
332 651 388 724 isti
405 652 532 724 iratres
548 651 704 724 vicissim
722 649 758 723 in
776 649 893 723 Scotia
912 668 1174 750 regnaverunt,
1193 650 1262 727 bo·

189 769 317 869 nisque
335 768 496 843 moribus
518 783 555 840 et
578 792 703 841 amore
727 766 792 841 Dei
809 766 1009 867 pollentes,
1039 769 1258 868 viguerunt,

188 903 296 987 atque
319 911 389 985 pro
411 884 560 960 modulo
582 911 665 976 suo,
690 901 816 985 utpote
835 884 1094 976 adolescentes,
1118 886 1262 987 virique

188 1003 392 1094 saeculares,
413 1001 641 1077 laudabiliter
659 1004 860 1102 vixerunt(
886 1003 917 1101 ).

237 1118 372 1211 David,
403 1135 523 1192 autem
547 1121 720 1192 minimus
747 1121 923 1211 fratrum,
951 1121 1067 1222 sagaci
1095 1121 1262 1196 consultu

186 1235 348 1311 devitans
367 1254 508 1312 atroces
527 1239 689 1311 incursus
710 1238 925 1329 Scotorum,
953 1239 1101 1338 expetiit
1123 1240 1261 1313 curiam

187 1354 355 1445 Henrici,
375 1355 469 1454 regis
487 1352 707 1454 Angloium.
727 1353 816 1447 Qui,
841 1353 926 1427 dum
953 1356 1119 1430 intestina
1145 1355 1262 1429 clades

185 1473 311 1546 Scotos
333 1491 498 1564 vexaret,
523 1491 559 1546 et
581 1472 708 1547 bellica
732 1471 832 1545 rabie
850 1475 886 1546 in
904 1501 966 1546 sua
983 1475 1117 1548 viscera
1142 1476 1260 1574 impa-

186 1590 353 1664 cabiliter
374 1609 548 1681 armaret,
572 1593 682 1664 curiae
702 1593 833 1664 sororii
858 1594 910 1664 sui
936 1593 1181 1692 inseparabilis
1200 1595 1260 1666 in-

185 1706 310 1797 haesit,
338 1725 374 1780 et
400 1711 495 1781 inter
518 1708 731 1782 domesticos
755 1709 922 1782 educatus
946 1737 1096 1809 pueros,
1124 1714 1258 1801 crevit,

221 1943 262 2014 (1)
271 1942 311 1998 Ce
322 1944 495 2017 paragraphe
506 1954 547 1999 est
557 1943 613 1999 loct
626 1945 748 2012 inexact,
761 1954 790 2000 et
800 1962 871 2000 nous
881 1964 916 2000 ne
928 1965 1053 2020 pouvons
1066 1964 1137 2003 nous
1148 1945 1261 2020 dispen-

184 2047 230 2084 aer
244 2029 279 2084 de
300 2031 415 2087 rdtablir
432 2036 651 2087 succinctement
668 2032 708 2086 les
729 2033 801 2087 [aits.
823 2035 912 2107 Apris
930 2035 955 2089 la
972 2045 1048 2090 mont
1062 2034 1097 2090 de
1115 2034 1259 2104 lllalcolm,

139 2145 144 2153 ·
183 2119 294 2176 Donald
309 2123 395 2190 Bane,
413 2141 462 2177 son
478 2124 566 2191 inire,
583 2123 716 2196 s'empara
732 2122 771 2176 du
788 2123 882 2191 triane,
898 2134 927 2177 et
944 2123 1067 2197 l'occupa
1082 2123 1206 2198 pendant
1220 2128 1261 2181 six
1372 2127 1376 2131 ’

184 2211 270 2278 mois,
286 2213 366 2285 apris
378 2212 497 2285 lesquels
510 2211 530 2266 il
545 2230 580 2268 en
593 2212 637 2267 sut
649 2212 745 2267 chassi}
757 2232 807 2285 pan
818 2213 950 2282 Duncan‚
968 2213 1010 2269 fils
1023 2213 1059 2271 de
1072 2213 1218 2283 Malcolm,
1232 2226 1262 2271 et

183 2300 397 2375 probablement
412 2302 615 2376 d'lngeburge,
634 2319 662 2355 sa
680 2302 816 2375 premiere
834 2302 949 2372 lemme,
970 2322 1054 2359 venue
1074 2303 1109 2360 de
1127 2304 1261 2374 Tordan,

184 2402 277 2447 comte
293 2391 454 2464 d'Orltney,
474 2393 544 2448 dont
561 2391 614 2446 elle
632 2393 702 2447 avait
715 2412 750 2448 eu
765 2393 838 2448 deux
850 2392 902 2447 lils.
917 2397 962 2449 Au
975 2393 1067 2449 moins
1078 2413 1109 2450 ce
1123 2395 1220 2469 p1·ince
1232 2412 1262 2451 se

183 2482 315 2556 pose-t·il
326 2502 434 2538 comme
443 2484 561 2539 horitier
572 2483 697 2556 legitime
709 2483 778 2539 dans
789 2503 844 2539 nne
855 2485 952 2540 charte
962 2504 1018 2559 qne
1028 2503 1099 2541 nous
1110 2484 1261 2560 possedons

184 2571 221 2628 de
231 2571 288 2640 lui,
300 2584 329 2629 et
338 2573 414 2628 est-il
425 2576 536 2647 accepte'
546 2592 654 2628 comme
666 2573 738 2628 frdre
748 2584 777 2628 et
786 2592 834 2628 soi
844 2572 870 2628 la
880 2574 970 2629 meme
979 2574 1056 2647 ligne
1064 2564 1259 2649 qu’Edonaid,

183 2660 254 2716 dans
266 2661 340 2717 deux
352 2674 445 2718 autres
458 2663 581 2729 chan-tes,
596 2682 646 2737 par
660 2662 762 2736 Edgnu
776 2663 801 2717 ss
812 2675 854 2718 est
865 2662 998 2736 probable
1008 2664 1077 2738 qu’il
1087 2683 1131 2739 ya
1145 2666 1181 2720 ici
1191 2664 1261 2720 dans

182 2763 266 2807 none
283 2763 383 2808 auteur
400 2753 546 2807 confusion
564 2752 600 2807 de
616 2771 710 2819 nomn,
726 2763 754 2807 ct
768 2753 853 2827 qu'au
868 2753 925 2808 lieu
939 2753 1107 2827 d’Edgarus
1118 2758 1261 2829 primoge-

183 2844 262 2896 nitus
276 2847 364 2915 regis,
382 2843 448 2898 c'est
463 2842 710 2916 Douecanusqu’il
723 2842 855 2896 [nulline.
870 2843 944 2913 Quoi
959 2842 1027 2916 qu’il
1042 2862 1077 2898 en
1094 2831 1165 2912 soit,
1180 2844 1260 2899 Dun-

183 2948 235 2986 oen
249 2931 294 2987 lut
305 2934 354 2987 ῑιιό
367 2951 401 2987 au
415 2933 485 2988 bont
495 2932 531 2986 de
543 2932 670 2988 dix-huit
688 2932 759 2987 mois
775 2930 811 2986 de
828 2933 928 3004 regne,
947 2952 999 3008 par
1014 2931 1054 2990 les
1071 2935 1208 3007 partisans
1224 2933 1260 2989 de

183 3020 309 3091 Donald,
324 3023 373 3096 qui
386 3025 476 3080 reuiut
490 3026 591 3097 rcgner
603 3023 638 3078 de
651 3041 777 3078 nouveau
787 3023 918 3098 jusqu’en
936 3024 1011 3099 1098.
1026 3024 1101 3081 C’est
1110 3023 1183 3081 alors
1196 3043 1259 3082 sen-

182 3111 289 3170 lement
312 3113 470 3188 qu'Edgar,
493 3116 637 3171 troisicme
660 3114 703 3170 fils
725 3115 760 3169 de
781 3114 925 3183 lllalcolm,
949 3117 1011 3172 aide
1029 3115 1078 3172 des
1096 3135 1208 3173 secours
1225 3116 1260 3172 de

183 3201 498 3272 Guillaume·le-Roux,
514 3223 543 3259 sc
557 3216 668 3260 montre
681 3224 729 3260 sur
747 3204 772 3260 la
787 3204 932 3262 frontiue.
948 3207 997 3261 Les
1012 3194 1134 3263 licossais
1146 3224 1175 3262 se
1187 3206 1260 3263 don-

183 3303 253 3348 nent
263 3294 504 3351 imnacdiatement
515 3299 530 3350 a
543 3296 593 3351 lui.
608 3295 716 3352 Donald
729 3307 771 3351 est
779 3296 839 3366 jete
854 3295 923 3350 dans
938 3295 979 3352 les
996 3297 1067 3367 fers,
1082 3299 1120 3353 oti
1133 3296 1153 3352 il
1166 3308 1259 3354 meunt

182 3402 239 3457 peu
252 3383 287 3439 de
298 3395 389 3458 temps
401 3387 490 3458 apres.

128 3470 133 3477 ⁴
219 3472 313 3547 Edgar
326 3484 418 3529 meunt
430 3473 456 3528 le
468 3473 603 3546 8janvier
620 3492 696 3545 1107,
711 3492 773 3530 saus
787 3474 905 3530 enlants.

219 3560 276 3617 Son
289 3562 363 3616 luere
376 3561 546 3631 Alexandro,
562 3562 605 3618 dit
618 3562 645 3618 le
659 3563 772 3631 Severe,
787 3562 827 3617 lui
844 3561 975 3631 succide,
990 3573 1019 3617 et
1032 3565 1134 3636 eponse
1146 3582 1181 3619 en
1194 3563 1260 3620 effet

182 3650 301 3724 Sybille,
316 3651 371 3707 lille
383 3651 519 3709 naturelle
532 3653 567 3708 de
580 3654 670 3709 Henri
683 3655 717 3708 1⁰
733 3664 762 3709 et
780 3653 815 3708 de
831 3653 935 3727 Sybillc
948 3653 1068 3722 Corbet,
1087 3673 1138 3729 par
1157 3659 1259 3711 cons&-

183 3752 272 3816 qnent
290 3760 365 3798 soenr
385 3745 497 3799 uterina
520 3743 555 3799 de
576 3744 694 3800 Reuaud
716 3745 751 3800 ‹le
772 3743 965 3800 Dunstanville
986 3755 1015 3800 et
1035 3743 1070 3800 de
1090 3744 1256 3804 Gundride.

183 3830 326 3907 Qnelqncs
347 3845 460 3889 auteurs
481 3845 531 3889 ont
552 3853 619 3905 cru,
642 3839 656 3890 'a
678 3845 749 3904 tont,
770 3854 826 3910 qne
846 3845 919 3890 cette
940 3835 1096 3910 princesse,
1119 3845 1210 3891 moite
1232 3835 1258 3893 le

186 3936 218 3975 in
226 3916 321 3992 juillet
342 3940 425 3991 1122,
444 3925 513 3979 &tait
531 3924 586 3978 fille
603 3913 789 3992 d’E'lisabeth,
809 3942 883 3979 soeur
903 3924 938 3979 de
957 3924 1093 3990 Galeran,
1112 3936 1204 3981 comte
1222 3924 1257 3981 de

183 4010 311 4081 lleulan,
327 4012 419 4069 tandis
433 4033 489 4088 que
502 4013 526 4068 la
541 4013 596 4068 lille
609 4013 644 4068 de
659 4016 746 4069 llnnri
765 4014 800 4069 1“
816 4025 845 4069 et
860 4014 895 4070 de
911 4026 984 4071 cette
1002 4003 1143 4072 Elisabeth
1162 4018 1259 4072 n’etait

182 4119 232 4174 pas
252 4120 353 4157 encore
377 4105 479 4159 marien
498 4107 513 4158 i
530 4104 658 4178 l'epoque
676 4105 713 4159 οὺ
732 4104 757 4159 le
774 4106 972 4162 continuateur
989 4105 1025 4160 de
1041 4104 1204 4162 Guillaumc
1221 4105 1256 4162 de

181 4191 326 4266 Juniie'ges
338 4195 465 4264 scrivait,
480 4194 654 4251 dest-adire
665 4195 745 4269 apros
764 4192 839 4250 1155.

260 4308 315 4358 111.
1062 4285 1108 4356 26
