2888 4934
10 457 173 534 rosi]
432 452 773 513 urnuusurnuus.
1065 410 1136 512 '171

10 622 57 669 μ,
74 580 483 689 princip-temporibus
505 582 646 656 Adrasti
670 599 707 654 et
731 582 1011 682 Agamemnonis
1035 583 1142 656 Grae-

10 711 161 783 ciam
175 701 368 777 invadebat
379 703 395 798 (
403 702 446 793 ι).
468 701 648 776 bobertus
663 700 826 774 Gisardus
841 718 877 773 et
891 699 1088 775 Gulielmus
1098 701 1143 776 de

11 819 390 899 Grentesmainillo
400 873 410 906 ,
429 819 561 920 aliique
574 818 812 918 probatissimi
827 835 991 917 tyrones,
1004 821 1066 920 qui
1080 846 1144 893 nu·
1198 856 1215 893 .-

23 964 133 1034 ρον
149 936 194 1011 de
203 935 370 1009 Neustria
384 952 574 1026 venerant,
587 933 670 1009 huic
682 933 901 1032 expeditioni
913 934 1087 1033 aderant(
1110 937 1139 1035 ).

31 1050 215 1125 Marcus
234 1048 485 1139 Buamundus,
505 1049 686 1123 Wiscardi
709 1049 802 1121 filius
833 1075 877 1122 ex
899 1050 1143 1124 Normannica

43 1186 201 1259 matre,
213 1167 521 1269 putremjurabat,
534 1184 675 1268 partem
686 1169 863 1242 exercitus
876 1167 922 1241 ab
932 1168 1145 1268 absentepa·

54 1297 124 1358 toe
140 1285 293 1385 provido
303 1284 654 1386 regimineducebat,
669 1303 705 1359 et
715 1287 751 1360 in
765 1286 934 1361 omuibus
944 1285 1144 1385 prudenter

57 1425 199 1501 egens,
213 1404 515 1477 iutuemrirtutis
535 1404 715 1503 specimen
740 1402 947 1503 praestabat.
968 1404 1145 1504 Rogerius

58 1532 192 1592 sutem
211 1521 323 1593 frater
339 1520 433 1619 ejus,
452 1536 695 1619 cognomento
711 1520 841 1608 Bursa,
861 1521 958 1619 jussu
975 1519 1089 1618 patris
1106 1521 1143 1593 iu
1196 1618 1202 1629 ι

57 1629 203 1731 Apulia
216 1651 450 1724 remanserat,
463 1650 500 1708 ct
511 1634 695 1723 ducatum,
707 1634 773 1708 sibi
788 1661 831 1708 ex
849 1634 1056 1708 baereditate
1067 1661 1145 1707 ma-

55 1750 144 1825 tris
157 1750 335 1841 debitum,
355 1752 591 1827 custodiebat.

111 1869 269 1943 Alexius
282 1871 492 1969 imperator,
509 1870 818 1968 Dyracbianorum
835 1871 980 1968 planctu
993 1871 1142 1955 excitus,

56 1988 258 2086 ingentem
280 1989 480 2062 exercitum
498 1990 704 2090 aggregarit
713 2044 724 2078 ,
741 2005 777 2062 et
794 1987 998 2063 obsidentes
1015 1988 1144 2062 urbem

59 2126 176 2176 suan
188 2104 351 2185 terrestri
365 2105 552 2205 navalique
569 2107 698 2204 praelio
717 2122 907 2181 conterere
924 2108 1066 2206 sategit.
1087 2109 1145 2179 ln-

65 2236 190 2310 terea,
203 2222 291 2297 dum
303 2221 515 2323 Augustales
528 2223 703 2297 veredarii
719 2223 878 2324 undique
894 2225 1141 2312 mitterentur,

71 2349 114 2406 et
126 2335 286 2413 cobortes
299 2339 517 2415 bellatorum
532 2340 577 2413 de
592 2343 717 2415 insulis
725 2343 836 2415 maris
849 2341 939 2415 etde
952 2342 1143 2442 adjacenti-

119 2602 158 2674 (r)
167 2608 199 2667 be
208 2611 273 2668 {aux
281 2612 400 2681 Micbel,
417 2614 466 2687 qui
479 2613 575 2669 n’etait
590 2615 678 2689 qu’un
692 2617 786 2670 moine
799 2618 913 2671 nomme
924 2614 1038 2680 Rector,
1051 2612 1145 2668 dress&

90 2691 146 2746 Ν
154 2704 259 2777 manige
270 2703 436 2776 parRobert
445 2703 596 2772 Guiscard‚
606 2705 650 2761 fut
662 2709 796 2780 prumensi
809 2724 859 2777 par
871 2723 902 2759 ce
916 2706 1013 2778 prince
1025 2713 1145 2758 surtous

91 2775 130 2831 ιθ·
142 2789 222 2856 points
240 2792 275 2848 de
292 2793 392 2849 l’ltalie
405 2793 595 2849 meridionale.
610 2795 750 2868 Gregoire
765 2794 821 2850 th
835 2793 925 2867 parsit
938 2794 1015 2847 avoir
1027 2795 1072 2847 ete
1089 2792 1145 2847 lui·

97 2867 171 2934 meme
177 2882 415 2957 rtellementdupe
424 2884 459 2939 de
470 2895 542 2939 cette
554 2886 717 2957 impostore,
725 2895 754 2939 et
767 2884 963 2940 recommanda
975 2883 1010 2937 de
1024 2892 1086 2937 tout
1094 2900 1144 2937 son

99 2966 778 3049 Mtoirlepre'tendubiicbelauxamisdel‘Egiise.
787 2973 1145 3049 Robertpartitduportde

102 3042 265 3123 Adaeum
275 3068 301 3123 lu
310 3067 350 3123 flu
361 3067 397 3123 de
405 3067 470 3140 juin
484 3067 565 3135 108¹,
580 3078 609 3122 et
621 3067 743 3140 pendant
755 3067 823 3142 qu’il
832 3066 984 3139 s‘occupait
994 3065 1029 3120 de
1041 3066 1068 3121 la
1080 3083 1146 3121 cou-

103 3142 205 3213 qutun
214 3156 333 3225 Cursor,
347 3175 450 3231 envoya
459 3176 495 3212 en
506 3167 587 3212 arant
599 3175 647 3210 sur
659 3155 685 3212 le
697 3159 844 3211 continent
857 3155 893 3211 de
906 3155 1032 3229 l’empire
1043 3172 1093 3211 son
1103 3154 1145 3221 fita

104 3226 216 3299 &bonu
231 3264 296 3300 avec
313 3245 413 3320 quinae
430 3248 579 3301 vaisseaux.
595 3247 634 3303 Ce
653 3247 697 3301 sut
716 3247 741 3301 le
763 3250 795 3313 14
810 3245 905 3318 juillet
916 3245 985 3320 qu’il
1003 3245 1091 3300 arrira
1109 3262 1144 3298 en

103 3324 265 3409 &eternpa
278 3354 334 3409 que
347 3335 387 3391 tui
404 3336 506 3393 devant
516 3338 656 3403 Durazzo,
672 3338 752 3410 apres
763 3337 945 3408 aroiressuye
955 3354 1010 3390 une
1023 3335 1144 3407 tempete

33 3406 36 3423 Ι
100 3419 199 3479 misse.
210 3424 250 3482 Ce
259 3426 356 3483 n’etait
367 3446 416 3501 pas
425 3432 441 3483 ὲ
451 3427 513 3495 dix,
526 3429 595 3483 mais
605 3431 620 3482 t
632 3428 733 3502 quinae
745 3427 820 3483 mille
829 3428 957 3483 hommes
967 3445 1022 3500 que
1033 3424 1144 3480 l’armde

93 3510 236 3571 Nutmande
247 3517 315 3571 etait
325 3517 445 3573 reduite.

116 3602 151 3677 (a)
162 3602 268 3661 Robert
282 3606 391 3663 Giffard
406 3607 474 3663 e'tait
486 3626 525 3662 uu
538 3608 664 3663 membre
680 3606 715 3662 de
733 3607 758 3661 la
775 3606 879 3661 familie
895 3605 1006 3661 Giffard
1019 3605 1055 3660 de
1070 3606 1142 3658 Lon-

81 3692 209 3773 guerille,
224 3696 439 3771 probabiemeut
455 3698 529 3754 frere
546 3697 581 3753 de
597 3698 716 3754 Gautier
736 3695 860 3763 Giffzrd,
884 3696 986 3751 second
1001 3695 1040 3749 du
1058 3710 1141 3755 nom.

79 3794 169 3845 eunte
180 3784 215 3841 de
228 3786 428 3866 Rucbiugbum,
443 3798 472 3843 et
484 3806 540 3843 non
555 3807 603 3862 pas
613 3808 651 3845 un
662 3788 748 3860 puiue'
760 3786 796 3842 de
809 3788 835 3842 la
849 3786 952 3842 samille
965 3786 1001 3840 de
1014 3783 1143 3841 Tillieres

73 3874 158 3937 mdo
169 3875 323 3952 fungeres,
334 3880 556 3934 conformemcnt
568 3883 583 3934 a
594 3898 632 3934 un
647 3890 721 3935 texte
731 3879 838 3934 vicieux
851 3877 891 3932 du
900 3878 1096 3932 continuateur
1108 3875 1144 3932 de
1233 3874 1236 3879 ’

71 3964 236 4043 audimus
249 3967 286 4025 de
301 3969 458 4043 Jumieges,
481 3971 566 4044 qu’ou
581 3980 678 4025 trouve
692 3969 761 4025 dans
777 3968 940 4034 Ducbesue,
954 3966 1026 4022 Hui.
1041 3968 1142 4053 Norng.

69 4061 190 4131 scrupe,
202 4076 231 4133 p.
242 4056 308 4116 312.
322 4061 419 4130 Quart
431 4063 448 4115 t
460 4060 634 4127 Guillaume‚
650 4060 752 4116 second
764 4060 805 4115 fils
817 4059 852 4115 de
861 4061 964 4131 Hugue
978 4058 1012 4114 de
1023 4058 1145 4114 Grente·

66 4144 189 4217 mesnil.
202 4166 274 4213 uuus
283 4151 415 4207 n’aurons
423 4168 479 4223 que
491 4160 555 4223 trop
568 4150 713 4207 l'occrsion
728 4150 792 4207 d’en
805 4149 897 4223 parler
908 4160 937 4204 et
947 4148 982 4204 de
991 4149 1017 4204 le
1030 4147 1143 4203 reduire

64 4248 82 4303 A
96 4238 326 4311 injuriantem.
