2888 4934
353 381 413 442 tta
629 375 812 439 HISTORIA
834 375 1142 453 accersiasrmn

400 511 504 585 Multi
528 535 572 583 ex
594 534 721 583 eorum
740 511 839 582 sonte
862 509 1020 582 sitientes
1039 507 1257 597 hausemnt,
1282 525 1321 583 et
1341 510 1415 586 inde

351 629 470 728 plures
486 627 594 700 rivuli
617 653 681 725 per
700 625 855 697 diversas
872 625 1070 698 Galliarum
1088 625 1258 724 regiones
1273 611 1414 700 derivati

349 762 446 818 sunt.
470 745 583 819 Novae
605 743 841 816 institutionis
861 742 1087 815 aemulatores
1104 741 1258 843 dispersi
1280 760 1365 817 sunt
1381 745 1414 818 in

349 863 559 965 Aquitania,
582 864 619 935 in
633 862 840 948 Britannia,
856 861 1030 934 Gasconia
1055 878 1091 935 et
1104 861 1296 935 Hibernia.
1316 863 1413 936 Mitti

348 981 452 1056 bonis
470 980 667 1079 hypocritae
682 977 902 1077 procedunt,
926 976 1084 1052 candidis
1104 1005 1167 1052 seu
1183 980 1296 1052 variis
1313 978 1413 1053 indu·

346 1100 478 1172 menas
504 1071 644 1186 amicit,
674 1095 837 1169 homines
862 1095 1039 1184 illudunt,
1059 1113 1095 1168 et
1121 1096 1268 1196 popuns
1297 1097 1412 1196 ingens

344 1215 586 1314 spectaculum
603 1212 773 1285 efficiunt.
792 1211 896 1284 Veris
916 1212 979 1284 Dei
1003 1212 1206 1285 cultoribus
1222 1211 1408 1300 schemate,

345 1355 420 1402 non
436 1333 590 1416 virtute,
610 1327 795 1400 assimilari
810 1329 973 1428 plerique
987 1328 1163 1428 gestiunt,
1183 1330 1315 1428 suique
1330 1327 1411 1400 mul·

344 1446 497 1519 titudine
520 1445 742 1519 intuentibus
761 1444 940 1518 fastidium
966 1446 1154 1545 ingerunt,
1181 1463 1219 1521 et
1244 1445 1409 1546 probatos

344 1564 565 1651 coenobitas,
597 1580 773 1664 qnantum
803 1563 848 1635 ad
877 1564 1017 1638 fallaces
1045 1564 1240 1637 hominum
1271 1564 1407 1639 obtutus

342 1686 488 1773 attinet,
507 1682 796 1781 despicabiliores
812 1685 959 1756 faciunt.

391 1799 545 1872 XXVII.
578 1798 716 1871 Eodem
744 1815 906 1898 tempore
937 1799 1151 1874 venerabilis
1182 1796 1404 1873 Andreasde

340 1915 443 1990 Valle
461 1916 694 2004 Bruciorum,
713 1914 927 2002 monachus,
954 1917 1127 2003 effloruit,
1148 1932 1186 1988 et
1214 1917 1251 1989 in
1277 1915 1403 1989 Bituri-

341 2035 435 2108 censi
453 2059 545 2133 pago
562 2033 840 2121 monasterium,
860 2031 958 2134 quod
975 2033 1094 2106 Casale
1110 2031 1301 2106 Benedicti
1319 2058 1401 2106 nun-

339 2167 503 2250 cupatur,
528 2152 730 2224 construxit
753 2151 826 2249 (i),
851 2168 887 2223 et
906 2151 1098 2250 discipulos
1115 2152 1152 2224 in
1172 2177 1308 2251 magna
1325 2150 1400 2251 pan·

338 2285 476 2369 pertate
497 2286 533 2341 et
555 2271 776 2342 continentia
799 2270 874 2343 Deo
896 2270 1059 2342 famulari
1084 2270 1222 2345 docuit.
1248 2271 1319 2343 llic
1337 2283 1400 2343 erat

337 2412 468 2486 genere
486 2386 610 2474 ltalus,
630 2387 834 2460 litterarum
852 2387 1053 2463 eruditione
1073 2387 1234 2486 pleniter
1259 2389 1397 2460 instinc·

338 2519 415 2590 tus,
449 2518 486 2576 et
518 2502 698 2575 lucrandis
728 2505 803 2576 Deo
833 2504 1019 2577 animabus
1051 2531 1117 2604 per
1150 2507 1225 2604 ejus
1258 2505 1396 2606 gratiam

337 2619 497 2694 idoneus.

381 2739 484 2810 Tunc
502 2736 731 2824 Aldebertus,
745 2738 908 2810 Dolensis
921 2737 1043 2824 abbas,
1061 2737 1105 2810 ad
1119 2737 1394 2838 archiepiscopa-

334 2871 411 2926 tum
423 2856 682 2927 Bitnricensem
696 2872 884 2952 promotus
899 2872 951 2928 est
963 2858 1038 2954 (a),
1055 2856 1257 2956 multisque
1270 2858 1393 2956 pollens

331 2971 538 3056 virtutibus,
555 2973 749 3043 sanctitatis
761 2971 1018 3045 documentum
1031 2974 1267 3072 sequentibus
1286 2974 1392 3046 Chris·

333 3101 410 3156 tum
419 3086 530 3157 verbo
545 3102 580 3157 et
590 3087 729 3157 actione
744 3088 892 3185 largitus
906 3104 970 3160 est.
987 3088 1210 3161 Guarnerius
1220 3089 1267 3162 de
1281 3089 1390 3161 Monte

330 3201 562 3274 Maurelionis
579 3203 649 3299 (5),
666 3203 802 3297 praefati
816 3204 978 3301 praesulis
995 3205 1118 3291 frater,
1133 3205 1240 3277 miles
1258 3203 1389 3277 illustris

328 3320 415 3406 suit,
435 3334 470 3391 et
484 3318 714 3417 postmodum
728 3320 824 3392 Casae
836 3322 900 3393 Dei
916 3319 1125 3408 monachus,
1141 3323 1217 3395 sere
1237 3350 1283 3397 nx
1299 3321 1387 3395 annis

362 3538 403 3605 (r)
417 3535 527 3599 Andre,
545 3535 678 3606 religieux
695 3536 729 3590 de
744 3535 956 3592 Vallonibreuse
970 3557 1005 3592 en
1021 3539 1162 3606 Toscane,
1183 3540 1269 3594 londa
1283 3559 1317 3594 en
1330 3533 1385 3611 1⁰93

327 3624 449 3696 l’abbaye
463 3626 497 3680 de
511 3625 739 3692 Cliezal-Benoit,
756 3628 771 3679 a
783 3628 852 3680 trois
868 3628 953 3681 lienes
967 3628 1144 3682 d'lssoudun.

360 3715 399 3783 (a)
412 3714 567 3780 Audebert,
583 3715 753 3788 arclieveque
767 3714 803 3769 de
816 3717 937 3789 Bourges
950 3725 1032 3793 (1092
1044 3736 1081 3773 on
1099 3717 1281 3793 ¹⁰93·¹⁰95l·

359 3801 399 3871 (ὅ)
412 3803 532 3857 Garniei·
544 3803 579 3857 de
593 3805 801 3860 llloiitinorillon
817 3807 969 3880 (Vienne).
984 3810 1037 3863 Ces
1050 3809 1122 3863 deux
1134 3809 1282 3882 seigneurs
1293 3808 1383 3864 etaient

325 3894 434 3947 cousins
448 3893 482 3947 de
493 3893 607 3961 Judith,
623 3896 677 3952 fille
691 3897 725 3952 de
738 3897 845 3951 Robert
858 3899 900 3965 ΙΙ,
916 3911 1008 3956 comte
1022 3901 1214 3973 d’Aurergne,
1230 3903 1280 3977 qui
1293 3904 1381 3973 e'ponsa

324 3981 435 4049 Simon,
450 3995 540 4038 comte
553 3984 587 4040 de
601 3987 686 4059 Crepi
699 3989 774 4042 etde
790 3988 900 4055 valois,
914 4000 943 4045 et
954 4010 985 4045 ce
1000 3992 1094 4045 surent
1108 4011 1162 4046 eux
1173 3994 1224 4067 qui
1239 3993 1264 4047 la
1277 3988 1379 4047 condei-

324 4071 424 4137 sirent,
440 4091 494 4145 peu
508 4072 542 4127 de
556 4084 646 4147 temps
658 4078 737 4150 apres
751 4095 800 4131 son
815 4078 950 4152 mariage,
969 4083 984 4134 a
1001 4080 1123 4153 l'abbayo
1135 4081 1172 4136 de
1184 4081 1210 4135 la
1227 4080 1376 4139 vau-nien.

323 4163 359 4214 on
372 4160 424 4216 elle
436 4162 572 4217 embrassa
585 4164 611 4217 la
624 4168 668 4220 vie
681 4166 835 4240 religiense.
852 4157 946 4241 Voyez
962 4171 1113 4239 ci-dessns,
1129 4192 1156 4245 p.
1174 4170 1238 4228 235.
