2888 4934
306 397 365 453 510
582 389 765 450 HISTORIA
788 388 1096 452 Ecetssstasttca
1143 396 1182 470 [ιο
1197 412 1276 454 autu
1294 396 1379 473 1097]

304 541 423 596 tamen
439 546 566 595 rumor
578 521 641 594 iste
654 547 717 620 per
728 537 847 594 totum
856 523 1056 596 exercitum
1064 523 1302 623 percrebruit
1313 526 1378 623 (r),

303 659 339 714 et
357 642 481 740 legatis
497 640 605 739 legati
627 639 842 739 superadditi
864 657 968 730 sunt,
988 641 1216 716 Godefredns
1233 642 1327 724 dux.
1345 661 1380 716 ut

303 774 380 830 erat
407 757 509 828 miles
532 759 746 846 acerrimus,
771 784 890 831 comes
914 784 1060 859 quoque
1080 761 1308 859 Stephanus,
1329 762 1381 833 vir

304 873 462 974 prudens
476 890 512 946 et
526 873 725 961 modestus,
752 875 858 975 Hugo
885 875 1057 976 Magnus,
1076 877 1282 951 Balduinus
1297 903 1379 977 qno·

304 1020 374 1094 que
387 1010 422 1066 et
434 991 660 1079 Eustaclrius,
677 992 848 1091 intrepidi
865 1021 947 1066 cum
961 995 1032 1066 suis
1046 993 1224 1069 advolant
1234 998 1379 1070 commi-

304 1110 490 1184 litonibus.
503 1109 686 1183 Podiensis
697 1112 882 1210 episcopus
895 1138 991 1210 pone
1004 1112 1239 1212 sequebatur,
1254 1139 1380 1189 comes

303 1252 373 1326 que
387 1226 586 1300 Tolosauus
595 1280 605 1313 ,
622 1226 859 1301 Raimundus.
873 1227 1104 1301 Mirabantur
1118 1231 1200 1328 jam
1216 1231 1379 1304 fatiscen-

304 1345 395 1416 tium
414 1346 522 1418 corda
548 1342 856 1433 Christianorum,
878 1347 975 1420 unde
995 1363 1092 1420 tanta
1107 1373 1220 1447 gens,
1241 1364 1379 1449 tamque

304 1462 511 1560 repentina,
539 1477 675 1560 praeter
700 1486 799 1560 spem
824 1464 942 1537 ineos
968 1465 1214 1538 immersisset.
1244 1467 1379 1538 Montes

303 1580 401 1651 enim
426 1596 462 1651 et
486 1579 595 1651 valles
620 1597 906 1677 cooperuerant,
924 1597 961 1653 et
982 1583 1010 1653 si
1030 1609 1100 1681 qua
1118 1582 1233 1680 plana
1262 1598 1376 1668 erant,

303 1696 420 1770 densis
436 1715 637 1770 turmarum
652 1699 773 1770 cuneis
784 1701 904 1771 omnia
918 1699 1262 1798 frequentabantur.
1280 1699 1378 1772 Auxi-

303 1815 414 1888 liante
430 1816 527 1905 Deo,
546 1814 738 1886 Christiani
755 1817 898 1888 fortiter
911 1817 1188 1914 praeliabantur,
1205 1833 1245 1889 et
1261 1815 1377 1916 gladiis

303 1934 433 2005 exertis
451 1950 487 2005 ct
505 1934 542 2004 in
560 1948 717 2006 mortem
733 1930 883 2005 vibratis
900 1958 956 2006 res
973 1933 1149 2006 duntaxat
1171 1934 1374 2033 gerebatur.

303 2048 445 2123 Adsunt
459 2051 658 2149 repentini,
676 2076 766 2150 quos
781 2049 1063 2139 advocaverant,
1079 2053 1182 2124 socii.
1199 2050 1376 2126 Podiensis

301 2171 500 2267 episcopus,
518 2197 601 2241 cum
615 2194 681 2242 suo
697 2195 830 2267 magno
848 2172 1023 2258 exercitu,
1043 2187 1183 2269 atergo
1202 2196 1376 2269 praeoocu·

302 2287 401 2385 pavit
429 2287 607 2358 inimicos.
638 2287 746 2359 Parte
767 2287 879 2360 altera
904 2314 1024 2363 comes
1048 2289 1171 2363 Sancti
1198 2288 1319 2389 Egidii
1345 2304 1376 2360 et

301 2403 495 2477 balduinus
507 2431 548 2475 ac
564 2403 776 2476 Eustachius
788 2405 997 2478 festinanter
1008 2403 1239 2506 equitabant.
1254 2406 1286 2479 A
1300 2403 1376 2478 dex·

301 2540 377 2596 tera
395 2521 469 2595 dux
486 2521 707 2595 Godefredus
721 2523 848 2609 irruit,
865 2539 901 2594 et
918 2525 1024 2622 Hugo
1037 2523 1210 2622 Magnus,
1227 2539 1265 2596 et
1277 2524 1375 2595 Flau-

299 2638 438 2713 drensis
463 2637 687 2726 Rodbertus,
717 2664 783 2737 per
804 2638 928 2711 omnia
955 2639 1058 2712 miles
1077 2637 1371 2736 expeditissimus.

301 2753 505 2828 Radbertus
532 2781 689 2854 namque
712 2755 945 2828 Normanuus
967 2771 1003 2827 et
1028 2754 1205 2826 Blesensis
1233 2751 1373 2851 Stepha-

299 2899 386 2960 nus,
416 2869 623 2944 Tancredus
654 2889 690 2943 et
718 2870 949 2944 buamundus
978 2870 1214 2970 pugnabant,
1247 2870 1373 2970 diuque

299 2987 385 3061 belli
402 2987 544 3087 pondus
562 2988 818 3063 sustinuerant.
838 2988 999 3061 Gentiles
1015 2988 1277 3086 obstupefacti,
1296 3011 1375 3088 quo

300 3106 397 3178 niam
415 3105 595 3179 hostiliter
609 3134 627 3177 a
639 3108 726 3179 facie
740 3123 776 3179 et
788 3135 808 3180 a
821 3123 925 3207 tergo
937 3106 1085 3204 inopine
1100 3105 1371 3203 premebantur,

298 3224 392 3322 fugae
421 3246 458 3295 se
483 3223 734 3311 crediderunt,
763 3241 799 3297 et
824 3242 924 3324 terga
950 3222 1172 3296 caedentibus
1197 3246 1373 3297 concesse·

299 3357 387 3413 runt
404 3343 473 3440 (2).
501 3340 649 3414 Coecidit
664 3357 784 3414 autem
800 3368 860 3415 eos
885 3367 997 3444 usque
1022 3340 1065 3413 ad
1091 3343 1372 3414 internecionem

299 3458 587 3533 Christianorum
610 3459 768 3559 gladius,
790 3461 949 3532 etmulti
971 3457 1198 3533 multimodis
1215 3458 1372 3558 oppetie-

184 3654 188 3666 ,
299 3594 388 3650 runt
399 3576 593 3651 mortibus.
610 3579 645 3649 Si
659 3578 721 3679 qui
735 3603 824 3652 vero
836 3593 1048 3677 potuerunt,
1066 3576 1306 3649 delituerunt.
1321 3573 1370 3646 lbi

332 3853 372 3923 (ι)
384 3853 424 3908 Ce
435 3852 480 3907 fut
492 3873 543 3926 par
554 3851 663 3908 Aruoul
676 3852 711 3908 de
727 3852 837 3919 Rostra,
853 3852 998 3925 chapelain
1012 3851 1051 3906 du
1064 3851 1119 3906 duc
1134 3851 1170 3906 de
1185 3850 1366 3914 normandis,

297 3956 352 4013 que
365 3937 391 3995 la
404 3941 530 3996 uouvclle
543 3940 578 3996 dc
589 3942 614 3997 la
627 3940 738 3997 bataille
751 3952 781 3996 et
793 3941 818 3996 la
831 3939 969 3996 demanda
981 3939 1017 3995 de
1032 3957 1143 3996 secours
1154 3940 1254 3996 furerat
1266 3941 1367 4012 porte'ct

296 4031 312 4084 a
325 4028 474 4086 Godefroi.

330 4120 371 4192 (a)
382 4121 597 4176 Consenserunt.
611 4124 663 4179 tta.
678 4123 713 4178 do
725 4108 944 4179 Salat-Erroult.
