2888 4934
63 445 173 524 trono]
438 439 556 498 utana
577 438 766 498 ocmvus.
1079 438 1140 498 an

63 576 135 647 mis
160 573 231 646 suis
264 571 462 645 Concheios
494 569 768 670 impugnabant.
805 569 859 656 lbi
894 568 1067 642 Ricardus
1097 569 1141 643 de

64 689 301 775 Montesorti,
320 686 407 759 dum
425 685 668 761 coenobialem
684 688 821 759 curiam
835 687 933 760 Beati
949 686 1045 758 Petri
1063 685 1142 758 Cas·
1200 680 1204 686 ’

64 804 519 905 tellionis(1)invaderet,
540 831 606 878 nec
627 831 695 903 pro
717 805 918 878 reverentia
938 803 1140 877 monacho-

63 952 168 1012 rum,
186 924 249 1024 qui
267 949 350 996 cum
376 921 519 995 lletibus
548 924 783 996 vociferantes
803 923 1001 994 Dominum
1027 922 1141 993 inter-

62 1041 266 1140 pellabant,
282 1038 328 1111 ab
356 1041 524 1137 incoeptis
541 1038 745 1125 desisteret,
763 1037 883 1112 hostili
902 1039 976 1111 telo
991 1055 1140 1136 repente

62 1182 249 1257 percussus
261 1172 330 1243 cst,
349 1158 497 1256 ipsoque
507 1155 564 1229 die
575 1183 657 1228 cum
669 1156 829 1228 maximo
842 1155 942 1227 luctu
953 1154 1139 1254 utriusque

62 1276 176 1372 partis
201 1289 366 1347 mortuus
390 1291 455 1346 est.
477 1273 677 1346 Germanus
705 1275 804 1346 enim
831 1275 942 1345 irater
966 1287 1043 1344 erat
1069 1273 1140 1344 lsa-

62 1389 123 1463 bel
142 1392 217 1489 (a),
245 1408 281 1463 et
304 1416 348 1463 ex
372 1416 497 1464 sorore
519 1416 629 1489 nepos
647 1390 831 1462 Guillelmi
850 1390 1004 1463 comitis.
1034 1389 1138 1463 Unde

61 1506 329 1581 formidabilem
349 1507 567 1580 marchisum
585 1524 738 1606 utraque
757 1533 839 1605 pars
859 1507 970 1594 luxit3
990 1506 1053 1606 qui
1071 1533 1139 1605 pro

63 1625 179 1699 nimio
200 1643 342 1700 tumore
363 1643 399 1698 et
418 1627 651 1724 procacitate,
671 1626 905 1725 pertinaciter
926 1626 1064 1696 malum
1082 1627 1138 1697 sa-

63 1740 173 1828 ciens,
188 1742 340 1814 interiit.
353 1741 511 1815 Cadaver
522 1758 643 1814 autem
656 1740 818 1839 praedicti
829 1741 954 1812 militis
966 1739 1010 1811 ad
1021 1741 1140 1812 natale

61 1855 181 1929 solum
197 1884 216 1929 a
233 1859 305 1930 suis
324 1858 538 1931 translatum
550 1875 624 1942 est,
646 1874 683 1931 et
700 1856 900 1956 Asparlone
915 1858 970 1954 (ὅ)
989 1858 1026 1929 in
1040 1857 1140 1928 cimi-

63 1973 159 2046 terio
175 1976 286 2047 sancti
308 1975 459 2049 Thomae
478 1976 630 2073 apostoli
649 1975 829 2073 sepultum
847 1992 912 2061 est.
932 1972 986 2045 lbi
1010 1997 1140 2071 nempe

61 2089 209 2187 Majoris
218 2092 428 2163 Monasterii
438 2091 619 2188 regulares
627 2088 794 2164 monachi
807 2091 883 2162 Deo
893 2090 1055 2162 serviunt
1066 2090 1135 2185 (4),

61 2202 187 2305 ibique
199 2208 321 2279 senior
336 2207 476 2295 Simon,
492 2205 664 2279 Amalrici
680 2205 792 2294 filius,
808 2222 845 2278 et
856 2205 920 2278 filii
934 2206 1008 2304 ejus
1022 2221 1139 2277 tumu-

60 2320 124 2393 lati
144 2339 240 2394 sunt.

111 2438 195 2512 Non
208 2440 325 2513 multo
339 2457 419 2538 post
433 2439 670 2514 Ebroicenses
683 2439 803 2513 denuo
816 2439 1023 2540 conglobati
1037 2457 1134 2526 sunt,

59 2570 97 2628 et
113 2554 280 2630 dolorem
297 2586 401 2631 suum
419 2559 541 2632 ulcisci
569 2560 771 2658 cupientes,
790 2557 1000 2632 Conchense
1024 2559 1138 2629 terri-

61 2674 198 2746 torium
212 2675 411 2774 depraedari
431 2679 585 2777 aggressi
599 2695 695 2749 sunt.
715 2679 818 2749 Tunc
832 2676 1002 2749 liudulfus
1014 2700 1138 2774 perva-

62 2787 177 2863 lidum
194 2818 321 2891 agmen
340 2792 385 2866 de
403 2795 527 2867 suiset
545 2792 589 2866 de
605 2794 739 2865 familia
758 2794 853 2892 regis
870 2791 1014 2878 habuit,
1035 2792 1139 2890 cupi-

59 2906 186 3008 disque
209 2911 387 2983 tironibus
404 2912 498 2985 soras
521 2936 730 3010 erumpere,
756 2909 848 2983 dixit
871 2941 881 2982 ε
906 2912 1135 2998 Armontini,

60 3041 94 3095 et
107 3041 221 3097 estote
233 3029 383 3124 parati,·
397 3028 464 3100 sed
476 3026 524 3100 de
542 3029 741 3099 munitione
757 3053 831 3099 non
847 3027 1004 3116 erectis,
1020 3026 1139 3098 donec

61 3165 127 3236 ego
141 3141 297 3240 jubeam
326 3144 445 3217 uobis.
469 3147 584 3217 Sinite
612 3144 731 3217 hostes
758 3143 892 3245 praeda
916 3147 1079 3233 onerari,
1103 3159 1138 3214 et

61 3257 287 3334 discedentes
316 3289 458 3335 mecum
486 3263 644 3336 viriliter
667 3265 909 3335 insectamini.
935 3261 993 3333 llli
1018 3276 1137 3332 autem

60 3372 218 3474 principi
236 3403 320 3463 suo,
341 3379 404 3478 qui
423 3378 660 3476 probissimus
679 3395 715 3451 et
731 3379 872 3450 militiae
886 3404 1018 3478 gnarus
1035 3391 1134 3462 erat,

62 3489 370 3584 obsecundarunt,
387 3513 424 3568 et
449 3496 620 3570 abeuntes
650 3524 732 3569 cum
764 3497 885 3595 praeda
914 3494 1133 3593 pedetentim

98 3774 136 3843 (ι)
152 3774 286 3848 L'abbaye
300 3775 336 3830 dc
350 3776 539 3832 Salat-Pierre
555 3777 589 3832 de
602 3776 752 3843 castillon,
768 3785 910 3830 attcnante
923 3779 937 3830 a
952 3775 1091 3843 Conches,
1108 3787 1137 3829 ct

66 3862 111 3933 qui
126 3862 189 3917 a’est
203 3864 317 3936 appelee
332 3867 585 3937 posterieurement
600 3865 721 3938 l'abbaye
737 3865 772 3920 dc
787 3866 924 3940 Conchcs.

98 3952 137 4021 (a)
148 3953 257 4007 Fratris
271 3956 414 4010 [sabellis.
429 3958 481 4011 Ms.
495 3955 530 4009 de
544 3956 569 4009 la
582 3956 659 4010 rcine
673 3955 708 4010 de
721 3956 822 4011 Suedc.

99 4039 136 4110 (5)
151 4030 295 4115 Spei-non,
312 4049 326 4100 a
339 4058 437 4120 quatre
451 4046 537 4102 lienes
549 4047 584 4101 do
600 4046 898 4103 Montiort-l’Amauri.

70 4219 91 4271 T
93 4132 138 4273 1εί)
151 4132 191 4187 Cc
205 4135 319 4207 prieurs}
334 4145 376 4191 est
389 4139 462 4192 situi
477 4136 545 4191 dans
562 4155 601 4190 un
616 4136 754 4209 laubourg
770 4140 882 4193 nomme'
897 4137 922 4192 le
937 4137 1029 4210 llourg
1045 4136 1135 4192 Saint-

113 4238 196 4277 omas.
