2888 4934
182 451 223 507 to
455 442 637 537 utstontt
659 438 962 501 Ecctmttsttct
1074 442 1241 522 [tet-tto]

182 575 282 646 Dens
318 573 458 645 dederit
487 571 589 644 nobis
620 587 836 669 potestatem
866 588 904 642 ut
931 596 1040 644 sacra
1069 594 1153 671 quoe
1181 572 1242 646 itio

178 691 389 792 posntinus,
424 693 574 790 sospites
606 692 759 787 recipere
779 695 979 787 possimus,
1006 690 1044 760 in
1068 693 1139 763 doc
1161 691 1241 763 loco

183 804 420 880 venerabilem
449 805 639 877 ecclesiam
672 806 711 875 in
741 804 873 877 honore
905 803 1096 878 Genitricis
1129 811 1241 906 ipsius

183 924 344 995 construi
343 919 510 1019 sisciam.
528 920 592 992 His
604 917 725 1008 dictis,
742 919 860 994 clerici
875 945 1001 992 munus
1013 923 1120 993 sacris
1135 946 1242 1020 appo

183 1053 353 1129 suerunt,
379 1035 439 1110 sed
466 1035 557 1109 nihil
583 1037 823 1135 profecerunt.
854 1037 957 1110 Tunc
985 1039 1106 1137 regina
1135 1038 1242 1110 nimis

183 1172 331 1246 moesta,
351 1181 433 1228 cum
448 1154 612 1252 lucrymis
624 1152 739 1227 aiebut
758 1185 767 1224 :
788 1153 877 1227 Scio
891 1172 1048 1255 peccota
1063 1179 1146 1227 mea
1155 1180 1242 1252 prn-

182 1276 309 1347 meruri
321 1290 361 1345 nt
375 1298 514 1346 servum
530 1273 604 1344 Dei
619 1298 693 1344 non
703 1279 844 1373 possim
862 1273 1110 1370 contemplari.
1129 1273 1242 1344 Arra-

182 1416 285 1479 men,
320 1395 353 1463 si
381 1416 451 1489 per
480 1389 764 1462 intercessionem
797 1393 910 1488 ipsius
941 1387 1071 1459 Sancti
1103 1404 1245 1460 cremor

182 1508 342 1579 omnium
362 1507 465 1578 Dens
484 1531 548 1576 nos
568 1510 779 1603 respexerit,
802 1521 836 1576 et
858 1521 1007 1577 sanctos
1030 1503 1132 1576 nobis
1154 1502 1242 1575 mli-

182 1626 290 1721 quius
311 1620 454 1720 auferre
468 1622 688 1723 permiserit,
706 1619 823 1692 altore
837 1645 1072 1692 mannoruum
1085 1646 1134 1692 ee
1150 1646 1243 1718 prn-

179 1738 485 1840 priis'sumptibus
504 1737 747 1839 proepornbo,
769 1755 803 1809 et
820 1738 934 1809 eidem
938 1733 1091 1835 sociam
1109 1735 1246 1836 deferri

184 1857 314 1928 Beato.
341 1856 501 1955 Cumque
525 1853 571 1926 ab
594 1879 658 1927 ore
681 1853 749 1927 hoc
776 1853 1002 1951 protulisset,
1028 1880 1151 1928 omnes
1180 1880 1242 1928 re-

184 1974 305 2074 liquiae
321 1997 387 2072 per
405 1998 442 2046 se
465 1972 555 2070 ipsas
571 1987 679 2044 motae
697 1986 798 2059 sunt,
820 1998 908 2070 quas
928 1973 1155 2070 accipientes,
1173 1970 1242 2046 ob-

182 2090 279 2163 viam
304 2090 384 2164 viro
410 2089 476 2162 Dei
499 2115 581 2162 cum
603 2085 733 2188 gaudio
756 2106 1016 2186 processerunt.
1042 2089 1122 2159 Jam
1144 2089 1242 2161 euim

182 2206 306 2281 beatus
317 2208 375 2279 vir
390 2205 540 2279 eduum
556 2206 709 2277 imtrum
724 2222 841 2276 turma
856 2204 1041 2295 veniebat,
1053 2223 1092 2278 ct
1106 2231 1187 2278 cum
1198 2229 1243 2278 eo

183 2323 378 2398 multitudo
396 2325 519 2424 populi
535 2324 718 2423 utriusque
731 2348 834 2395 sexus
851 2323 887 2395 in
904 2322 1061 2395 adventu
1077 2323 1169 2422 regis
1181 2321 1243 2393 tri·

183 2441 334 2541 pudieus
345 2440 574 2542 properabat.
588 2441 777 2539 Susceptus
792 2442 909 2539 itaque
921 2465 998 2529 rex,
1009 2466 1075 2539 per
1085 2437 1242 2512 triduum

186 2557 320 2634 ibidem
340 2559 543 2634 demoratus
559 2576 623 2632 est.
644 2559 769 2631 Tertio
785 2573 903 2629 nutem
921 2557 980 2629 dic
996 2556 1064 2629 sub
1079 2559 1245 2656 εἰωθυ-

184 2675 259 2777 pho
281 2701 364 2751 xcrx
380 2677 481 2749 vitias
504 2677 546 2747 B.
572 2674 724 2748 Ebrutso
749 2674 917 2760 tradidit,
935 2701 976 2747 ac
993 2673 1037 2746 nd
1060 2699 1140 2747 suos
1163 2671 1247 2745 inde

188 2792 395 2865 laetuslaoes
407 2793 593 2865 remeavit.

235 2908 372 3007 Regina
393 2932 497 2994 vem,
519 2909 593 2980 voti
614 2907 667 2978 sui
689 2930 844 2992 memor,
870 2909 908 2978 in
932 2905 1044 2990 colle,
1066 2905 1129 3003 qui
1151 2905 1245 2977 inter

187 3022 306 3092 rivum
322 3021 536 3093 Carentonae
556 3038 593 3093 et
607 3022 732 3091 silvam
749 3021 910 3091 consistit
933 3021 1005 3115 (ι),
1027 3021 1246 3090 intemerate

187 3135 252 3207 Dei
271 3135 436 3235 genitrici
455 3136 578 3207 Mariae
606 3134 852 3207 honorabilem
878 3136 1061 3209 ecclesiam
1086 3134 1244 3207 construi

186 3251 289 3341 iecit,
305 3266 342 3323 et
357 3248 469 3322 ultam
485 3273 747 3339 marmoreum,
762 3266 803 3321 ut
817 3250 1077 3348 spoponderat,
1095 3273 1246 3321 vencn-

188 3368 254 3443 bili
267 3371 349 3443 viro
365 3369 579 3452 transmisit,
598 3365 696 3467 quod
711 3368 833 3439 multis
849 3370 952 3441 annis
965 3371 1003 3440 in
1025 3365 1150 3440 codem
1165 3366 1246 3439 loon

188 3485 408 3585 perduravit.
418 3483 860 3584 Deinde,postmnltorum
869 3512 1048 3559 annorum
1057 3483 1245 3567 curricula,

189 3602 335 3703 quidum
347 3602 542 3676 homuncio
558 3618 696 3701 purtem
708 3599 864 3700 ejusdem
876 3602 1064 3675 marmoris
1076 3598 1120 3672 ad
1136 3599 1245 3670 ulium

191 3718 312 3793 locum
337 3721 530 3793 transferre
546 3721 681 3807 uoluit3
708 3716 769 3791 scd
791 3745 875 3792 cusu
892 3719 981 3792 iilud
1003 3743 1069 3817 per
1088 3716 1244 3790 modium

224 4026 267 4097 (ι)
277 4022 844 4098 ι’όςῆπὸεΝουε-ὓαιικ-(Ιυ-Βοίςωιω
852 4024 916 4080 det
926 4026 1013 4079 situie
1021 4040 1070 4076 sur
1078 4040 1117 4075 nu
1127 4020 1243 4094 μείω,

191 4114 244 4168 ¹=i
253 4110 350 4169 teuit
360 4112 422 4169 titre
430 4112 564 4168 autrefois
572 4114 756 4168 cntidrement
767 4117 872 4186 oocupc‘
884 4112 970 4186 paria
980 4111 1063 4167 forit.
1076 4111 1246 4165 Urium

270 4216 294 4259 ι
304 4212 349 4259 est
358 4204 376 4258 t
384 4218 442 4257 ue
454 4202 542 4275 petite
554 4200 687 4256 diuam
