2872 4920
252 436 313 495 520
528 427 713 490 HISTORIA
734 427 1042 492 Ecctssstasrlct.
1059 433 1214 508 [nrocr.
1228 433 1312 507 tout]

252 577 320 639 x11⁰
339 561 506 635 kalendas
528 561 735 636 novembris
750 563 804 660 (1)
814 615 827 661 ,
853 560 1008 636 tentoria
1032 587 1096 634 sua
1117 562 1311 661 coaptavit,

251 705 289 762 et
305 715 325 761 a
341 684 457 760 tribus
474 687 587 784 portis
601 687 782 758 civitatem
800 710 911 786 nsque
930 691 1010 758 111⁰¹¹¹
1027 711 1142 760 nonas
1154 686 1248 786 junii
1265 687 1313 782 (a)

250 806 405 882 viriliter
416 801 570 878 obsedit.
584 803 678 876 Nam
689 804 800 877 altera
813 821 917 903 parte
928 804 985 900 (ὅ)
998 803 1140 879 obsessa
1153 831 1229 878 non
1239 804 1313 891 luit,

250 925 426 1026 quoniam
452 938 525 995 tam
548 922 725 1019 porrectis
753 938 790 994 et
814 921 997 996 inaccessis
1019 921 1316 1022 coangustabatur

250 1041 405 1140 scopulis
422 1056 459 1114 et
473 1038 673 1128 montanis,
694 1057 735 1112 ut
752 1039 872 1112 nullus
884 1039 967 1113 illac
981 1064 1018 1112 se
1034 1039 1318 1114 accommodaret

250 1157 296 1247 ad
310 1157 546 1234 obsidendum
566 1157 678 1232 locus.
700 1156 840 1230 Nimius
856 1159 966 1230 timor
984 1158 1114 1231 invasit
1126 1156 1317 1232 Antioche-

252 1302 318 1353 nos
340 1292 377 1348 et
396 1299 522 1349 omnes
539 1273 834 1374 circumpositos,
852 1291 894 1347 ut
910 1275 1030 1348 nullus
1045 1300 1177 1350 eorum
1193 1300 1317 1374 expeu-

252 1408 330 1465 tare
369 1392 586 1466 cursitorum
619 1390 768 1463 auderet
797 1415 1000 1464 occursum.
1033 1391 1171 1464 Diebus
1207 1392 1317 1492 itaque

250 1508 363 1580 lerme
374 1532 424 1580 xv
436 1506 627 1581 siluerunt.
641 1507 753 1578 Terra
766 1530 872 1590 vero,
888 1532 969 1606 quae
980 1505 1074 1579 circa
1093 1505 1318 1579 Antiochiam

252 1621 452 1724 adjacebat,
473 1639 583 1722 prout
600 1621 702 1695 vallis
718 1637 771 1693 est
791 1621 937 1709 lertilis,
957 1639 1034 1695 erat
1051 1621 1257 1709 uberrima,
1274 1623 1318 1693 vi·

253 1742 345 1815 netis
365 1740 513 1828 referta,
527 1738 704 1813 fructibus
721 1755 758 1811 et
768 1738 931 1839 lrugilaus
944 1739 1114 1840 Jocunda,
1133 1738 1318 1814 arboribus

253 1880 460 1946 nemorosa,
484 1856 598 1929 hortis
611 1857 731 1953 opima
750 1871 787 1928 et
803 1855 940 1955 pascuis
956 1856 1143 1956 opulenta.
1167 1856 1221 1929 De
1235 1856 1317 1929 civi-

253 1990 325 2049 tate
341 1973 505 2048 Armenii
524 1973 629 2047 multi
644 1989 681 2047 et
701 1974 866 2063 Suriani,
892 1973 1096 2063 christiani,
1115 1972 1181 2047 sed
1200 1974 1317 2045 Turcis

252 2089 422 2177 obnoxii,
437 2091 557 2190 lugam
570 2088 790 2181 simulantes,
807 2087 975 2163 audacter
987 2091 1023 2162 in
1035 2104 1151 2161 castra
1164 2087 1314 2176 exibant,

252 2207 509 2296 mendicantes,
526 2208 758 2281 castrensium
768 2232 841 2280 esse
849 2206 1103 2306 explorabant,
1119 2223 1316 2280 etremean

254 2338 319 2412 tes,
335 2325 462 2395 Turcrs
477 2322 711 2412 intimabant,
729 2338 765 2395 et
781 2323 831 2397 sic
846 2323 897 2395 eis
913 2321 1071 2395 multum
1086 2320 1244 2396 oberant
1258 2324 1313 2419 (4).

253 2439 470 2515 Antiocbeni
488 2467 589 2540 ergo,
607 2442 788 2540 patefactis
804 2441 1039 2514 castrensium
1055 2441 1238 2530 consiliis,
1253 2464 1315 2513 coe

254 2576 387 2659 perunt
413 2559 585 2658 paulatim
603 2558 773 2658 intrepidi
792 2557 960 2658 prodire,
986 2575 1022 2631 et
1039 2560 1254 2658 peregrinos
1266 2581 1314 2655 ag·

253 2675 431 2778 gressibus
448 2691 702 2777 coangustare,
723 2692 758 2749 et
775 2676 936 2749 incautos
953 2673 1155 2764 trucidare,
1172 2691 1209 2748 et
1221 2675 1314 2747 latro

253 2795 373 2884 ciniis,
405 2795 553 2894 aliisque
579 2792 947 2867 circumventionibus
975 2819 1186 2893 aggravare.
1214 2793 1269 2865 Sic
1284 2792 1312 2861 in

254 2913 407 2985 circuitu
420 2936 546 2985 omnes
562 2911 635 2982 vias
653 2909 889 2999 obsidebant,
904 2925 942 2984 et
957 2938 976 2983 a
991 2909 1082 2982 mari
1099 2926 1137 2982 et
1154 2936 1173 2982 a
1190 2922 1313 2982 monta·

253 3030 310 3109 nis
332 3029 454 3102 omnia
478 3026 689 3100 Christianis
708 3025 936 3101 claudebant.
962 3026 1065 3124 Pejus
1091 3026 1212 3126 itaque
1235 3021 1312 3097 obsi·

253 3144 431 3220 debantur
458 3146 520 3246 qni
539 3145 765 3234 inviserant,
790 3171 899 3244 quam
916 3143 978 3244 qui
1001 3143 1099 3216 intus
1121 3141 1309 3214 latitabant.

254 3264 307 3338 De
331 3264 499 3363 proximo
515 3262 660 3337 castello
676 3262 758 3334 satis
774 3262 933 3350 munito,
954 3260 1102 3336 nomine
1116 3257 1236 3332 Arecb
1252 3257 1308 3352 (5),

289 3505 300 3576 (
305 3507 329 3576 1)
343 3506 381 3561 Le
393 3503 530 3560 mercredi
544 3519 574 3558 ar
590 3501 704 3557 octobre
722 3517 798 3575 ¹⁰97·
815 3500 932 3555 suivant
946 3496 1109 3554 Gnillaume
1122 3493 1160 3550 de
1172 3495 1240 3567 Tyr,
1252 3491 1311 3565 c'au·

255 3596 310 3657 tait
321 3598 366 3652 ete
379 3595 405 3651 le
420 3594 461 3651 18.

289 3686 328 3755 (a)
342 3686 379 3740 Le
388 3683 469 3757 jeudi
480 3680 498 3738 3
508 3682 573 3755 juin
590 3679 666 3755 1098.

290 3772 329 3846 (3)
343 3773 389 3828 Du
401 3774 463 3830 oble
476 3773 516 3828 du
529 3771 610 3828 midi.

289 3865 329 3933 (l)
342 3864 450 3934 Voyez,
464 3863 533 3918 dans
547 3861 709 3919 Gnillaume
725 3860 760 3917 de
777 3861 845 3933 Tyr,
865 3859 976 3914 l’atroce
991 3857 1161 3930 stratagema
1176 3872 1212 3910 au
1228 3867 1310 3925 moyen

255 3953 359 4029 vluqnel
373 3953 515 4008 Roemoud
528 3953 688 4009 debarrassa
700 3952 812 4007 l'arrnec
825 3949 988 4006 chretienne
1000 3947 1037 4003 de
1048 3964 1094 4002 oea
1104 3946 1224 4020 espiona.

290 4043 329 4115 (5)
342 4044 503 4098 Lechatcau
517 4043 551 4098 de
566 4044 690 4111 Harenc,
704 4043 762 4098 bati
776 4059 824 4097 sur
837 4058 891 4094 une
903 4038 1055 4107 elevation,
1068 4036 1168 4092 adeun
1178 4027 1309 4090 henreda

255 4135 328 4190 Pont
342 4132 377 4187 de
390 4133 453 4198 Fer,
469 4143 548 4205 porte
557 4150 657 4188 encore
667 4130 847 4204 aujourd’lrui
857 4129 882 4183 le
896 4147 959 4184 notu
975 4127 1011 4181 de
1025 4123 1232 4182 Rullo-Keleai
1244 4117 1310 4190 (cbi-

257 4236 319 4282 toau
331 4223 380 4280 des
393 4228 491 4294 jeunes
508 4221 605 4292 fillcs),
623 4241 673 4295 par
689 4221 714 4277 la
731 4220 891 4279 traductioo
906 4215 1012 4290 doquel
1026 4213 1128 4272 athen
1143 4212 1224 4270 ‹t'ltix
1237 4206 1310 4265 letlt‘·
