2872 4920
179 431 288 511 [nas]
562 426 857 490 nasasexrus.
1183 429 1238 488 nr

180 561 296 634 mines
313 558 421 634 etiam
438 555 646 646 submersit,
666 558 933 658 innumerisque
949 554 1112 630 fidelibus
1128 554 1245 629 eccle-

179 677 314 750 siarum
331 675 499 748 introitus
514 675 591 775 ipso
606 673 664 748 die
679 674 821 774 penitus
835 672 1034 776 denegavit.
1054 671 1129 746 Sub
1146 686 1244 745 tanta

182 791 273 867 aeris
287 788 500 890 intemperie
512 791 678 891 proelatus
689 789 894 866 Goislredus
906 790 1075 879 surrexit,
1090 787 1244 862 nivium·

180 934 250 1009 quc
276 908 498 982 nimietatem
518 907 736 1007 postposuit,
756 907 958 1008 jumentum
974 903 1127 1006 panibus
1142 902 1246 978 simi-

182 1023 401 1125 lagineis(1)
424 1024 607 1113 oneravit,
631 1023 804 1098 etlilium
826 1050 931 1098 suum
952 1048 1071 1098 secum
1093 1019 1245 1113 ducens,

182 1138 223 1214 ad
241 1139 508 1215 solemnitatem
530 1140 640 1212 sancti
663 1138 775 1238 patris
795 1136 938 1214 Ebrulli
959 1138 1152 1214 festinavit.
1177 1136 1247 1232 Qui

183 1283 265 1333 cum
277 1257 324 1332 ad
334 1256 526 1358 quamdam
539 1284 683 1359 aquam,
697 1258 844 1334 nomine
861 1258 1015 1332 Riselam
1031 1258 1102 1356 (a),
1115 1279 1248 1356 perve-

183 1376 313 1468 nisset,
336 1400 404 1450 uec
422 1400 522 1467 eam,
542 1375 627 1476 quia
648 1401 740 1475 pons
761 1374 811 1448 ibi
829 1375 949 1450 nullus
969 1390 1066 1465 erat,
1090 1389 1127 1448 ct
1146 1397 1248 1474 aquas

185 1494 446 1583 intumuerant,
464 1491 683 1568 transvadari
696 1493 886 1593 potuisset,
901 1494 1032 1568 timore
1042 1508 1080 1566 et
1092 1507 1250 1566 tremore

185 1611 324 1700 anxius,
337 1608 382 1684 ad
395 1611 609 1689 clementem
626 1610 823 1685 Dominum
841 1610 1049 1711 suspiravit,
1068 1635 1109 1682 ac
1125 1622 1168 1681 ut
1182 1605 1250 1679 sibi

185 1728 440 1830 suffragaretur
460 1729 635 1802 exoravit.
655 1729 721 1802 Pio
741 1728 861 1828 itaque
879 1727 1033 1829 flagrans
1053 1723 1248 1814 desiderio,

185 1843 344 1919 divinam
360 1869 468 1944 opem
482 1845 647 1945 protinus
663 1847 856 1944 persensit,
874 1860 911 1919 et
925 1845 1021 1918 ultra
1038 1843 1155 1942 ripam
1170 1840 1250 1914 abs·

186 1984 252 2061 que
266 1957 402 2034 visibili
413 1958 564 2039 ductore
575 1985 613 2034 se
624 1959 741 2034 solum
752 1960 909 2049 invenit;
924 1958 1039 2032 lilium
1049 1982 1138 2031 vcro
1147 1982 1250 2029 suum

187 2103 265 2151 rum
287 2077 457 2178 jumento
472 2092 510 2151 et
529 2077 667 2150 sarcina
683 2074 892 2151 remansisse
908 2075 946 2149 iu
962 2075 1074 2149 altera
1091 2073 1168 2172 ripa
1185 2097 1251 2146 co-

187 2193 325 2292 gnovit.
347 2191 486 2268 Deinde
502 2192 596 2266 filius
611 2192 686 2293 ejus
703 2192 787 2293 (qui
802 2193 951 2267 forsitan
968 2189 1154 2291 inaequalis
1168 2186 1251 2262 fidei

187 2327 217 2384 et
243 2311 369 2385 meriti
394 2313 491 2410 erat)
515 2309 663 2411 pavidus
689 2334 802 2412 usque
823 2308 869 2383 ad
887 2307 1100 2385 umbilicum
1121 2331 1251 2408 aquam

188 2425 352 2514 intravit,
366 2429 573 2526 jumentum
587 2424 739 2527 panibus
752 2443 922 2502 onustum
937 2452 1055 2501 secum
1070 2424 1197 2515 traxit,
1215 2437 1253 2496 ct

187 2541 269 2621 licet
282 2542 476 2617 difficulter
493 2543 609 2618 salvus
622 2545 723 2618 exiit.
736 2544 843 2618 Panis
857 2542 1050 2644 siquidem,
1066 2543 1129 2644 qui
1141 2541 1252 2616 servis

186 2659 246 2735 llei
270 2657 512 2750 deserebatur,
540 2660 578 2735 in
603 2662 812 2762 aquisierit,
839 2660 900 2735 sed
919 2662 1021 2762 aquis
1042 2661 1195 2734 intactus
1215 2674 1252 2732 ct

187 2775 449 2851 inhumectatus
473 2777 617 2850 mansit.
641 2774 793 2851 Idoneus
814 2778 936 2877 itaque
956 2775 1058 2876 panis
1077 2772 1122 2847 ad
1146 2799 1251 2847 usum

185 2891 401 2967 lamulorum
411 2891 543 2966 Christi
557 2893 701 2967 coelitus
712 2909 872 2967 servatus
884 2908 951 2984 est,
965 2893 1132 2993 miroque
1141 2889 1251 2966 modo

186 3006 294 3082 siccus
317 3006 363 3082 'de
387 3006 514 3082 mediis
537 3005 643 3082 undis
667 3022 846 3082 extractus
871 3023 937 3082 est.
964 3007 1127 3108 Denique
1148 3021 1252 3106 pater

186 3149 265 3200 cum
281 3125 389 3225 prole
407 3123 453 3199 ad
469 3123 684 3199 destinatum
704 3126 825 3200 locum
845 3127 1032 3225 pervenit,
1055 3126 1196 3199 riarum
1214 3140 1253 3199 et

186 3264 360 3343 aquarum
370 3241 528 3340 pericula
544 3242 700 3343 qualiter
712 3243 864 3318 eraserit
878 3243 1035 3344 gaudens
1046 3242 1248 3329 enarravit,

187 3358 392 3459 meritisque
407 3363 519 3433 sancti
537 3359 649 3459 patris
664 3359 808 3434 Ebrulfi
826 3361 945 3460 (cujus
960 3361 1089 3434 festum
1103 3373 1250 3458 expete-

187 3471 263 3574 bat)
278 3473 479 3574 deputarit.
499 3475 624 3566 Multi,
644 3477 706 3577 qui
725 3491 813 3551 tunc
824 3474 870 3550 ad
885 3476 1058 3551 solemnia
1076 3499 1250 3549 couvene-

213 3755 254 3825 (ι)
271 3753 315 3809 De
331 3753 404 3809 fleur
420 3752 457 3808 de
473 3753 562 3809 farine
578 3753 615 3808 de
630 3753 761 3810 imment.
778 3755 833 3810 Des
849 3754 929 3828 pains
945 3753 982 3809 de
996 3773 1028 3810 ce
1045 3772 1130 3828 genre
1145 3755 1249 3812 etaient

189 3840 252 3900 alors
264 3862 306 3898 un
321 3842 410 3917 grand
423 3843 496 3900 luxe.
510 3842 652 3899 Plusieurs
663 3844 759 3900 siecles
771 3845 864 3918 apres,
883 3843 910 3901 la
920 3845 1010 3901 farine
1022 3846 1072 3920 qui
1083 3845 1183 3902 serrait
1195 3849 1210 3901 t
1221 3845 1248 3902 la

190 3927 347 3988 ttrtcation
355 3930 395 3986 du
406 3932 471 4005 pain
481 3933 550 3987 erait
560 3949 661 3987 encore
669 3933 786 4002 tiercee,
799 3932 966 3990 dest-adire
976 3935 1093 3990 extruite
1103 3933 1171 3989 d’uu
1182 3934 1249 3989 tiers

191 4015 368 4090 delromeut,
382 4039 422 4076 un
433 4021 501 4076 tiers
511 4020 547 4076 de
558 4021 644 4095 seigle
656 4039 694 4077 ou
705 4021 814 4095 d'orge,
828 4033 857 4078 et
870 4040 910 4078 un
923 4024 990 4079 tiers
1002 4022 1135 4079 d'avoine.

219 4110 256 4180 (α)
269 4112 306 4166 la
319 4110 407 4167 uiue.
421 4109 445 4165 Il
456 4121 499 4166 est
511 4111 643 4185 probable
655 4130 710 4187 que
721 4113 847 4168 Geoffroi
860 4124 979 4170 traversa
991 4124 1063 4170 cette
1076 4114 1174 4168 riribre
1188 4129 1250 4167 vers

195 4194 385 4256 Saint-llilairc
399 4219 434 4257 ou
449 4201 706 4273 sainte-Columbe,
723 4221 794 4277 pour
808 4221 912 4278 gagner
924 4202 959 4260 dc
972 4202 997 4259 l'a
1010 4191 1178 4259 Ecbaulour.
