2872 4920
181 364 241 426 514
464 359 648 420 lllSTOlllll
670 358 976 421 nectusllsttcl.
1147 362 1235 439 [1097]

181 494 373 596 progressi,
387 491 697 580 obviaverunteis,
711 490 757 565 ad
767 490 1007 566 resistendum
1015 493 1148 593 parati.
1161 493 1241 565 Tan·

181 610 323 700 credus,
342 610 400 681 vir
414 609 581 709 equidem
597 608 789 708 singularis
807 608 1052 699 strenuitatis,
1073 607 1242 683 hostiliter

180 750 361 828 aggressos
379 724 536 798 viriliter
551 723 711 815 caecidit,
730 749 862 825 eosque
877 724 1057 824 fugientes
1071 725 1111 799 in
1128 722 1244 798 urben

180 843 373 945 refugavit,
401 858 438 915 et
462 841 590 917 urbem
616 840 768 916 obsedit.
796 840 912 916 Nocte
937 843 1122 931 insecuta,
1148 843 1245 917 Tusci

179 966 369 1062 sugerunt,
385 977 422 1033 et
434 961 527 1034 cives
545 959 613 1033 sub
630 960 709 1059 ipso
722 960 838 1034 noctis
851 961 1008 1034 articulo
1030 960 1105 1033 ulte
1122 959 1246 1035 cloma-

178 1094 335 1152 veruntz
357 1078 497 1150 Franci
523 1077 800 1178 triumphatores
819 1077 917 1152 orbis
937 1097 974 1150 et
987 1078 1246 1165 dominatores,

184 1198 298 1269 Turci
330 1212 567 1280 recesseram&
603 1194 688 1268 urbs
719 1211 844 1295 patrm
876 1194 1062 1268 accedite!
1091 1195 1247 1285 Currite,

180 1316 317 1387 Franci
343 1312 587 1400 invictissimi,
610 1315 788 1410 recepturi
810 1312 1009 1397 civitatem,
1031 1314 1194 1401 currite,
1211 1336 1250 1383 m

179 1431 391 1505 moremini!
408 1431 485 1502 Cur
497 1427 678 1503 tardatis?
691 1431 778 1503 llaec
789 1453 922 1528 nempe
934 1444 1142 1503 castrorum
1153 1453 1251 1503 excu-

179 1545 316 1621 bitures
333 1544 426 1618 bene
441 1542 648 1618 audierunt.
664 1544 734 1618 Sed
750 1543 925 1645 quoniam
938 1570 1011 1618 nox
1028 1561 1132 1637 erat,
1148 1543 1251 1618 oonu'·

181 1662 271 1736 lium
291 1675 327 1734 et
353 1661 542 1759 negotium
566 1659 655 1732 illud
681 1661 719 1734 in
741 1659 839 1733 diem
854 1660 1006 1735 dilatum
1022 1676 1090 1734 est.
1116 1660 1251 1735 Aaron

183 1779 447 1866 illuscescente,
467 1794 649 1851 venerunt
672 1778 824 1852 civitatis
848 1779 1020 1878 majores,
1038 1803 1151 1880 seque
1177 1804 1252 1852 sur·

181 1921 251 1996 que
276 1894 488 1968 Christianis
513 1893 701 1986 dedentes,
722 1911 759 1968 et
774 1893 1004 1970 Tancredum
1023 1895 1096 1969 sibi
1124 1896 1252 1996 princi·

182 2040 266 2114 pem
278 2014 463 2115 eligentes.
477 2012 532 2086 lbi
547 2015 755 2113 principum
766 2039 895 2115 magna
910 2014 954 2087 lis
965 2031 1094 2088 exorta
1105 2032 1176 2089 est.
1186 2013 1252 2087 llrl·

183 2132 314 2208 duinus
339 2132 455 2224 enim,
481 2134 579 2232 cujus
608 2134 785 2206 exercitus
812 2134 964 2233 majores
989 2150 1098 2207 erant
1125 2132 1250 2233 copie,

184 2265 282 2322 totus
293 2265 371 2321 erat
387 2249 425 2322 in
441 2265 612 2346 penatum
624 2248 924 2347 depopulatione,
940 2250 997 2323 rel
1014 2247 1149 2322 urbem
1160 2247 1253 2321 dini·

185 2363 283 2439 diam
301 2362 497 2439 vindicare.
513 2366 630 2439 Porro
642 2365 866 2456 Tancredus,
888 2382 928 2438 ut
941 2383 1019 2439 erat
1031 2365 1251 2453 moderatur,

188 2483 316 2556 maluit
328 2481 429 2555 urbis
454 2482 642 2557 dominatu
667 2509 808 2575 carere,
830 2511 939 2585 quam
965 2484 1120 2573 civium,
1141 2483 1255 2586 quise

188 2599 395 2701 benigniter
422 2600 539 2674 eidem
574 2602 849 2692 commiserant,
877 2602 1062 2676 facultates
1090 2602 1253 2703 diripere.

189 2717 293 2792 Unde
318 2719 389 2791 suis
405 2719 549 2818 signum
566 2717 685 2810 dedit,
707 2720 876 2821 lituisque
898 2722 1174 2820 clangentibus,
1197 2718 1257 2793 ali·

191 2835 407 2936 quantulum
430 2837 659 2925 amaricatus,
678 2835 863 2927 abscessit,
880 2855 917 2911 et
939 2838 1139 2911 Balduinus
1156 2853 1257 2911 totam

191 2951 344 3026 Tarsum
361 2953 456 3027 solus
472 2952 631 3028 obtinuit
647 2955 716 3054 (1).
740 2955 815 3029 Nec
830 2982 932 3029 mora
942 3011 952 3044 ,
976 2955 1170 3030 Tancredo
1188 2953 1259 3027 due

193 3066 353 3140 civitates
369 3070 517 3167 optimae
532 3101 540 3142 ε
557 3070 666 3143 Azcra
684 3071 740 3170 (a)
762 3086 799 3144 et
815 3071 998 3144 Mamistra
1020 3072 1077 3170 (ὅ)
1087 3126 1098 3161 ,
1118 3069 1259 3142 reddite

230 3342 271 3413 (ι)
289 3341 329 3396 Ce
345 3339 416 3396 recit
433 3340 504 3395 n'est
523 3357 571 3415 pas
588 3341 784 3415 parsaitement
800 3350 887 3396 exact.
905 3338 955 3394 Les
970 3340 1061 3394 Turcs
1078 3340 1264 3394 n’evacuemt

196 3451 245 3505 pas
258 3431 509 3488 clandestinement
523 3433 608 3487 Tarae
622 3431 814 3506 (aujourd'hui
827 3433 971 3502 Tarsous),
983 3432 1054 3485 mais
1062 3429 1098 3486 ils
1107 3429 1265 3485 arborem

196 3520 222 3578 le
233 3522 355 3597 drapeau
368 3523 417 3579 des
430 3524 593 3590 Chretiens,
612 3542 647 3579 en
662 3533 834 3597 promettant
851 3523 927 3579 dese
941 3521 1054 3590 rendre,
1068 3521 1127 3577 s'ils
1141 3519 1266 3576 n’eutent

196 3630 245 3685 pas
262 3629 404 3669 tecourus.
421 3613 461 3668 Ce
479 3611 524 3669 lut
539 3611 686 3668 Baudouin
704 3613 754 3686 qui
769 3612 872 3668 achera
887 3611 923 3666 de
939 3611 977 3667 les
990 3610 1104 3665 chasser
1117 3608 1167 3664 des
1179 3619 1266 3671 torn,

197 3702 279 3776 qu’ils
290 3703 455 3777 occupaicnt
466 3720 582 3771 encore,
595 3703 723 3778 lorsqu’il
733 3714 782 3758 eut
792 3703 931 3778 remplace
942 3699 1090 3758 Tancrede
1102 3700 1172 3756 daus
1182 3699 1269 3754 t’inte

198 3793 274 3848 rieur
286 3792 322 3846 de
335 3793 359 3847 la
372 3794 459 3867 place.

230 3883 271 3954 (a)
284 3881 359 3937 Lisez
373 3906 379 3938 ι
394 3883 511 3938 Adanu.
531 3884 613 3939 Cette
631 3883 694 3938 ville
709 3894 750 3938 est
765 3885 880 3938 situeet
896 3883 960 3938 huit
973 3881 1061 3937 lienes
1073 3890 1117 3935 est
1129 3878 1165 3932 de
1177 3878 1268 3933 Tarne.

198 3972 360 4038 Tancrede,
377 3972 402 4026 la
415 3983 548 4028 trouvant
562 3973 624 4046 deju
641 3977 763 4047 occupc'c
776 3992 825 4047 par
843 3992 880 4027 un
898 3971 1038 4026 chevalier
1055 3969 1267 4041 bourguignon,

198 4064 310 4118 nomme
322 4060 441 4129 Guellc,
455 4079 532 4134 passa
545 4074 640 4132 outre,
655 4066 735 4137 apres
749 4063 786 4135 s’y
800 4063 859 4117 dne
872 4066 971 4134 repose'
983 4071 1012 4115 et
1023 4059 1249 4133 approvisionoe.

228 4151 270 4225 (5)
288 4154 362 4208 Lisci
377 4175 381 4203 ε
399 4152 571 4221 lllulmistra,
589 4153 742 4209 l’ancicnnc
759 4156 939 4225 Mopsuestia.
964 4150 1078 4226 appele'e
1094 4144 1269 4221 aujourd'tui
