2888 4934
563 400 679 463 LIBER
699 401 887 463 OCTAVUS.
1195 400 1257 464 383

188 532 449 608 monasterium
462 530 582 606 Sancti
599 533 779 608 Benedicti
794 535 850 631 (t)
863 532 926 606 diu
939 534 1046 605 rexit.
1062 534 1178 608 Porro
1191 536 1258 607 Lu·

189 647 502 750 donicus‚judicio
517 651 696 750 majorum
722 651 877 751 expulsis
905 650 1087 724 canonicis
1111 649 1156 724 de
1172 652 1259 724 Bal-

189 764 395 857 oberivilla,
413 768 550 866 primus
567 769 803 842 monasticum
817 766 985 841 ordinem
999 794 1083 840 cum
1099 795 1123 842 x
1136 794 1259 842 mona-

188 882 267 960 eltis
298 884 393 984 cepit
419 885 456 957 in
489 884 601 958 sancti
633 883 780 985 Georgii
819 881 1157 981 martyriobasilica
1185 885 1201 983 (
1226 886 1256 984 ).

189 1000 432 1078 Guillebertus
448 1026 536 1075 vero
555 1000 601 1074 de
624 1002 759 1092 Glotis‚
779 1002 836 1074 vir
861 999 993 1074 nobilis
1010 1016 1046 1074 et
1066 1000 1256 1087 facundus,

189 1120 337 1194 Lireuse
351 1117 562 1193 coenobium
576 1118 649 1193 lere
666 1145 691 1192 x
707 1119 811 1193 annis
829 1119 924 1191 rexit
941 1118 994 1216 (ὅ)
1003 1173 1014 1209 ,
1034 1120 1122 1192 etin
1136 1120 1260 1192 multis

187 1234 405 1313 emendavit.
425 1237 608 1312 Uticenses
626 1239 745 1338 itaque
767 1234 993 1312 monachide
1014 1236 1259 1337 penetralibus

187 1351 395 1428 monasterii
421 1353 637 1455 regulariter
662 1353 811 1427 extracti
835 1368 939 1443 sunt,
962 1368 999 1426 et
1015 1351 1059 1425 ad
1075 1353 1257 1452 plurimo-

187 1670 258 1725 erait
270 1667 335 1738 alle,
350 1685 397 1722 sur
409 1684 459 1721 sou
473 1664 632 1739 obligeaute
645 1663 796 1731 demande,
812 1681 905 1738 passer
917 1665 981 1738 cinq
994 1664 1128 1719 semaines
1139 1666 1155 1718 i
1167 1664 1257 1739 Croy-

186 1757 268 1826 lsud,
283 1766 312 1812 et
327 1755 394 1831 qu’il
406 1774 426 1828 y
437 1757 509 1810 uruit
522 1755 604 1823 ecrit,
619 1758 635 1809 i
651 1752 676 1809 la
690 1755 783 1827 priene
797 1752 845 1808 des
857 1755 979 1835 moines,
993 1771 1042 1808 son
1062 1752 1164 1826 abrege
1180 1752 1215 1809 de
1230 1754 1257 1809 la

186 1848 233 1903 rie
241 1846 279 1902 dc
291 1847 364 1901 saint
373 1844 509 1902 Guthlac.
520 1845 602 1901 Cette
618 1844 697 1899 visite
715 1843 783 1899 etait
796 1847 907 1901 recente
919 1844 1031 1919 lorsque
1045 1843 1167 1900 Orderic
1178 1861 1256 1899 com·

186 1952 256 2011 pose
271 1935 298 1990 le
309 1935 464 2008 quatrieme
480 1933 549 1989 livre
566 1933 602 1988 de
618 1951 669 1988 sou
685 1933 810 1989 Histoire
823 1933 1038 2008 ecclesiastique.
1052 1933 1128 1988 liuns
1144 1950 1176 1988 ce
1188 1933 1256 2007 qu'il

186 2044 224 2082 eu
242 2035 368 2092 recente,
390 2022 409 2079 il
429 2023 505 2097 parle
526 2040 627 2078 encore
646 2022 680 2078 de
694 2022 819 2091 Wuffin,
834 2024 940 2096 prieur,
960 2033 989 2078 et
1006 2022 1156 2096 deneget,
1176 2041 1256 2077 sous·

186 2116 285 2191 prieur
297 2114 332 2171 dc
343 2112 475 2187 l’abbaye.
491 2112 531 2168 Μ.
545 2111 688 2187 Stapletou
699 2130 847 2188 remarque
859 2131 914 2188 que
927 2112 953 2168 le
965 2112 1161 2168 continuateur
1173 2130 1256 2186 pseu-

186 2204 308 2278 douyme
318 2202 500 2276 d'lngulplre‚
514 2203 562 2276 qui
578 2201 641 2258 s’est
653 2201 738 2258 cache
754 2218 818 2256 sous
834 2200 861 2257 le
874 2219 941 2257 nom
958 2200 994 2256 de
1011 2199 1106 2256 Pierre
1118 2201 1155 2256 de
1167 2200 1255 2268 blois,

184 2305 216 2353 ct
231 2294 282 2370 qui
297 2293 411 2350 ecrirait
426 2311 462 2348 au
477 2304 537 2348 nn·
553 2292 648 2361 siecle,
667 2291 707 2347 les
723 2291 828 2366 signule
845 2310 955 2347 comme
970 2309 1012 2347 ses
1029 2293 1256 2363 contemporaius

186 2403 294 2460 perun
310 2384 520 2441 anachroniame
537 2383 657 2457 grossier
673 2406 679 2438 :
696 2382 799 2440 Omnes
815 2387 908 2439 uestri
911 2383 1080 2457 familiares
1091 2385 1177 2438 amici
1180 2425 1187 2450 ,
1202 2402 1256 2439 uos

185 2479 329 2532 carrissime
344 2476 514 2542 salutantes,
530 2471 616 2529 tait-il
631 2474 749 2529 dcrired
763 2474 851 2529 Heuri
863 2472 900 2529 de
911 2458 1120 2546 longchampe,
1136 2471 1207 2526 ebbe
1220 2471 1256 2527 de
1350 2528 1353 2534 ,

185 2564 327 2640 Croylaud
340 2568 350 2634 (
356 2563 533 2639 1190-1226).

221 2656 262 2728 (ι)
277 2655 400 2711 Sanctus
412 2653 583 2709 Benedictus
595 2652 632 2707 ele
646 2652 747 2708 Hulmo
754 2695 762 2721 ,
776 2672 825 2708 seu
837 2651 874 2706 de
886 2650 999 2719 Holmo,
1014 2651 1169 2707 coenobium
1180 2651 1255 2708 llut-

186 2763 295 2812 mcnsc‚
308 2742 412 2816 abbaye
424 2724 492 2797 dans
503 2742 530 2797 le
541 2744 633 2798 comte
646 2741 681 2796 de
695 2740 828 2808 Norlollt,
842 2739 944 2795 sondee
956 2758 1007 2813 par
1018 2739 1044 2795 le
1057 2740 1099 2795 roi
1113 2740 1219 2809 Canut,
1239 2743 1255 2796 i

185 2833 330 2907 llorniug,
342 2830 474 2887 hundred
482 2831 518 2886 de
529 2830 683 2886 Tunstead.
701 2831 867 2885 Guillelmus
879 2829 989 2884 Bassus
1002 2827 1177 2900 (Guillaume
1190 2830 1255 2885 Rae·

185 2923 240 2996 set)
254 2920 371 2977 succida
381 2924 397 2976 ὲ
408 2921 519 2977 Conrad
531 2939 566 2976 eu
579 2935 654 2994 1127,
669 2930 698 2975 et
708 2929 822 2975 mourut
833 2937 869 2974 eu
881 2917 1255 2993 1137.lldonnalllichard

185 3010 295 3078 Besset,
310 3026 359 3065 son
371 3019 468 3082 parcnt
480 3011 490 3083 (
496 3009 539 3064 fils
550 3009 585 3064 de
596 3006 687 3063 Raoul
697 3009 804 3077 basset,
818 3018 861 3072 et,
875 3009 954 3081 apres
963 3006 1017 3076 lui,
1029 3006 1157 3078 justicier
1166 3007 1256 3064 d’An·

187 3098 337 3173 gleterre),
352 3098 379 3153 le
395 3099 504 3153 mauoir
518 3098 554 3153 de
567 3097 705 3173 Heigham
717 3116 789 3172 pour
800 3115 829 3152 sa
841 3097 884 3152 vie
896 3097 1015 3166 durant,
1029 3116 1080 3170 par
1092 3115 1147 3153 une
1159 3097 1255 3154 charte

186 3205 248 3243 sans
259 3186 338 3255 date,
351 3186 420 3243 dont
431 3184 471 3242 les
483 3186 602 3242 temoius
613 3196 678 3241 sont
689 3210 695 3240 ι
707 3185 869 3243 Guillaume
881 3184 1087 3253 l’archidiacre3
1100 3186 1255 3242 Fulcuinus

185 3276 222 3333 de
234 3275 384 3344 Fontibus,
398 3279 552 3331 vicecomes
558 3301 566 3339 ,·
586 3275 624 3332 W
621 3276 742 3332 illelmus
745 3277 831 3350 filius
843 3274 981 3330 Richards
985 3301 993 3338 ,·
1011 3273 1172 3331 Osmundus
1183 3276 1255 3331 Bas·

185 3376 242 3436 set,
262 3375 290 3422 et
308 3366 459 3441 Beniamin
477 3370 704 3440 serviensregis.
725 3368 763 3422 Le
782 3385 862 3422 sceau
880 3369 1040 3440 represente
1058 3385 1098 3421 un
1118 3366 1255 3421 chevalier

185 3459 263 3512 acme
273 3465 355 3511 tuaut
365 3475 405 3510 uu
416 3454 523 3529 dragou
539 3457 588 3530 qui
603 3456 705 3511 decore
717 3473 757 3510 uu
773 3456 878 3510 euleut.
894 3460 1005 3510 Autour
1016 3473 1054 3510 ou
1071 3465 1138 3528 peut
1153 3473 1254 3510 encore

184 3544 239 3602 linc
252 3562 349 3602 ..casm
361 3562 440 3600 sss...
453 3545 535 3601 Cette
548 3545 661 3614 charte,
680 3545 728 3620 qui
744 3554 786 3600 est
800 3562 839 3600 uu
857 3544 1043 3618 cyrographe.
1058 3563 1073 3599 a
1090 3546 1134 3599 ete
1153 3547 1253 3617 grave'e

184 3633 255 3689 dens
264 3632 408 3689 l’llistoire
420 3632 459 3688 du
471 3636 563 3689 comte
574 3624 756 3701 de‘Nort‘olk,
771 3653 822 3707 par
834 3632 1006 3689 llloomlield.
1019 3631 1181 3689 Guillaume
1192 3632 1255 3688 l’ar-

184 3722 326 3778 chidiacre
345 3732 387 3777 cst
408 3722 583 3790 Guillaume‚
605 3722 647 3778 fils
665 3723 812 3790 d'Onfroi,
835 3723 881 3778 elu
901 3741 935 3777 eu
953 3727 1029 3790 saul.
1049 3722 1168 3778 Follmiu
1186 3725 1254 3779 tuit

184 3813 304 3868 rioomte
314 3811 364 3868 dea
377 3815 482 3868 comtes
493 3812 529 3867 de
541 3812 654 3885 Surrey,
668 3812 838 3885 Cambridge
849 3823 878 3868 et
889 3812 1084 3887 Huutiugdou.

219 3907 261 3974 (u)
275 3903 370 3971 louis,
384 3904 506 3976 premier
517 3903 556 3958 du
569 3919 650 3972 nom,
666 3902 736 3958 abbe·
751 3903 787 3957 dc
803 3902 1023 3978 saint-Georges
1035 3901 1071 3958 de
1083 3902 1253 3959 Bocherrille

183 3994 316 4065 (trel-m
329 3994 443 4048 octobre
457 3991 549 4067 1157).

218 4081 260 4155 (3)
281 4082 438 4151 Gislebem,
461 4082 583 4156 premier
602 4082 642 4137 du
661 4101 743 4149 nom,
763 4083 798 4138 de
819 4083 1092 4158 Glos-sous·Laigle,
1115 4102 1254 4157 gouverua

183 4173 309 4246 l‘sbbaye
322 4173 358 4228 de
370 4175 433 4229 Lite
445 4175 567 4248 pendant
579 4176 643 4248 pres
655 4172 690 4227 de
702 4172 749 4226 dix
762 4192 817 4228 aus,
836 4242 839 4247 .
