2888 4934
183 397 294 474 [1090]
554 395 670 454 risun
692 395 882 456 ouranos.
1159 450 1161 454 .
1196 399 1256 459 aaa

185 525 282 598 tibus
304 524 349 597 ad
369 526 630 625 Calcegiensem
658 543 797 624 portam
826 529 879 623 (i)
907 529 1128 625 properavit.
1154 531 1258 603 Tunc

184 643 354 716 Conanus
370 642 462 715 dixit
478 644 548 715 suis
569 675 577 714 :
600 645 747 743 Sargite
768 643 957 743 confestim
983 663 1016 715 et
1040 652 1255 740 armamini,

185 764 276 860 quia
295 779 435 862 tempas
455 779 595 833 nonest
613 763 1034 862 alterinspra’stolandi.
1058 765 1120 835 En
1141 792 1165 836 a
1182 793 1255 836 me-

183 879 279 950 rrdie
296 886 445 951 ueniant
465 879 583 951 liostes
606 907 672 953 nos
693 883 928 979 impugnare,
948 898 982 952 e!
999 884 1049 953 ab
1074 885 1261 957 occidente

169 993 358 1097 ferventes
375 1001 467 1072 socii
482 1026 546 1069 noa
570 997 960 1098 arlp'uvarejestinant.
981 1003 1085 1096 Ergo
1088 1000 1261 1098 fortiori-

185 1115 253 1188 bus
266 1133 300 1187 et
314 1118 484 1204 inimicia,
504 1134 541 1188 at
558 1117 674 1206 decet,
692 1123 885 1206 occurrite,
906 1119 1049 1190 aditam
1067 1120 1260 1194 sodalibus

184 1238 324 1332 aperite
330 1293 341 1325 ,
362 1252 395 1305 et
413 1234 575 1306 tosn'bas
598 1237 711 1305 armis
730 1238 863 1307 acriter
880 1235 1051 1308 obserate.
1077 1238 1163 1309 Pars
1191 1239 1260 1337 igi-

186 1367 247 1424 tur
264 1353 398 1425 civium
415 1354 575 1425 cucurrit
592 1370 633 1424 ut
649 1353 893 1425 Gislebertum
911 1382 994 1426 cum
1011 1359 1080 1427 suis
1103 1358 1260 1456 repelle·

184 1486 262 1558 ret,
283 1486 319 1542 et
334 1471 400 1542 alia
419 1498 501 1568 pars
519 1488 645 1543 cariata
661 1486 714 1543 est
728 1469 988 1544 occidentalem
1005 1489 1148 1570 portam
1170 1500 1263 1547 rese-

185 1615 287 1676 rare,
305 1605 345 1659 ut
363 1587 575 1660 Rainaldum
601 1616 683 1660 cum
699 1589 770 1660 suis
791 1590 1064 1662 intromitteret.
1082 1591 1261 1665 Praetcrea

180 1703 399 1803 jampridem
414 1704 560 1803 quidam
579 1704 624 1776 de
644 1705 751 1802 regiis
770 1704 981 1777 satellitibus
996 1707 1032 1778 in
1051 1705 1180 1779 urbem
1203 1710 1262 1780 in-

187 1821 384 1908 troierant,
407 1836 443 1891 et
461 1821 593 1918 parati,
615 1819 854 1893 rebellionem
871 1822 977 1895 tacite
995 1823 1260 1920 praestolantes,

187 1936 372 2020 seditionis
389 1964 531 2010 moram
549 1964 645 2036 aegre
659 1936 836 2010 serebant.

236 2055 412 2153 Denique,
428 2053 513 2125 dum
530 2055 696 2126 militaris
713 2071 750 2126 et
765 2055 879 2128 civilis
892 2057 1067 2130 tumultus
1081 2059 1260 2147 exoritur,

188 2172 321 2244 nimius
340 2171 425 2245 hinc
450 2189 486 2244 et
504 2171 586 2244 inde
614 2174 753 2246 clamor
777 2174 972 2262 attollitur,
992 2193 1029 2246 et
1048 2192 1122 2248 tota
1140 2176 1264 2249 civitas

187 2292 338 2388 pessime
363 2290 610 2380 confunditur,
629 2309 666 2364 et
683 2293 719 2364 in
743 2320 802 2364 sua
826 2294 961 2365 viscera
987 2294 1181 2368 crudeliter
1197 2293 1264 2367 de-

186 2406 396 2480 bacchatur.
414 2410 539 2481 Plures
564 2412 662 2481 einim
682 2411 815 2482 civium
840 2429 966 2485 contra
984 2428 1156 2513 cognatos
1180 2412 1265 2485 vici-

187 2551 325 2626 nosque
348 2554 429 2599 suos
451 2527 494 2599 ad
518 2545 709 2626 utramque
739 2545 884 2626 portam
913 2528 1150 2616 dimicabant,
1177 2529 1264 2601 dum

186 2643 352 2743 quaedam
367 2673 449 2744 pars
461 2645 557 2734 (luci,
573 2648 735 2719 etaltera
750 2649 826 2746 regi
839 2647 1019 2720 favebant.
1037 2650 1117 2721 Dux
1129 2666 1262 2737 autem,

186 2760 249 2834 ubi
269 2761 444 2850 furentes,
463 2780 502 2835 ut
519 2761 746 2850 dictumest,
770 2765 805 2836 in
824 2765 968 2836 civitate
986 2764 1161 2851 advertit,
1181 2791 1264 2837 cum

186 2881 349 2954 Henrico
385 2884 497 2953 fratre
535 2908 601 2955 suo
635 2898 672 2953 et
711 2882 1079 2980 commanipularibus
1112 2884 1182 2954 suis
1221 2882 1265 2955 de

186 3023 270 3071 arce
285 3001 341 3097 (2)
366 2999 522 3097 prodiit,
543 3001 685 3100 suisque
703 3000 877 3073 velociter
896 3000 1083 3099 sull'ragari
1099 3001 1262 3099 appetiit.

186 3113 271 3200 sat,
287 3114 374 3188 dum
390 3117 676 3216 perturbationis
695 3120 820 3217 ingens
838 3119 1013 3190 tumultus
1029 3135 1157 3191 cuncta
1175 3145 1266 3192 con-

184 3230 374 3323 funderet,
395 3252 430 3306 et
448 3235 647 3307 nesciretur
661 3262 768 3335 quam
786 3237 937 3336 quisque
954 3236 1087 3309 civium
1102 3235 1169 3307 sibi
1187 3263 1267 3333 par·

187 3445 414 3454 u———....

208 3570 314 3640 ¹(1)La
332 3582 412 3643 porte
429 3573 597 3639 Carachoise,
615 3591 670 3646 que
684 3591 753 3627 nous
766 3591 921 3646 supposons
935 3573 1011 3625 avoir
1028 3574 1072 3625 ete
1088 3571 1177 3625 situee
1194 3569 1266 3624 alors

189 3659 259 3714 dans
279 3660 499 3733 l’emplacernent
518 3662 558 3715 du
579 3663 810 3735 Grae-Horloge.
834 3662 977 3735 Quelques
999 3661 1087 3734 lignes
1107 3661 1169 3733 plus
1191 3660 1266 3729 loin,

189 3762 270 3804 notre
279 3751 511 3823 auteurl’appelle
523 3752 545 3805 la
558 3764 637 3824 porte
646 3753 827 3807 occidentale.
840 3754 917 3806 ll'ous
928 3769 1046 3823 pensons
1056 3769 1111 3824 que
1121 3750 1267 3806 l'euceiute

190 3839 393 3912 rectaugulaire
411 3841 446 3894 de
461 3840 486 3894 la
503 3840 564 3895 ville
580 3841 615 3895 dc
628 3842 726 3896 Roueu
741 3842 837 3895 n’etait
851 3840 924 3894 alors
936 3842 1034 3911 percee
1049 3857 1104 3912 que
1118 3839 1153 3892 de
1167 3850 1267 3913 quatre

190 3939 298 4001 portes,
314 3930 382 3984 dans
397 3931 421 3985 la
434 3931 572 3986 direction
587 3932 635 3986 des
648 3943 746 4006 quatre
762 3933 856 4004 points
870 3930 1031 3984 cardinaux.

225 4023 265 4092 (2)
277 4023 317 4077 Ce
330 4023 447 4076 chiteau
460 4022 495 4076 de
507 4022 607 4078 Roueu
618 4024 748 4094 occupait
759 4021 859 4094 l'auglc
872 4022 898 4075 S.
912 4022 942 4074 E.
955 4020 991 4074 de
1002 4020 1149 4074 l’euceinte
1161 4031 1267 4075 rectan-

193 4111 298 4181 gulaire
309 4111 379 4166 dont
390 4131 459 4167 nous
472 4131 575 4167 venons
588 4114 623 4167 de
633 4114 733 4186 parler.
746 4113 821 4168 C’est
833 4130 864 4165 ee
875 4112 959 4184 qu'on
969 4110 1075 4183 appelle
1085 4111 1264 4180 aujourd'hui

194 4197 216 4252 la
230 4200 437 4257 vieille-Tour.

265 4316 318 4362 nr.
1071 4295 1114 4362 23
