2888 4934
549 456 666 517 LIBER
687 456 873 516 OCTAVUS.
1187 453 1246 515 441

182 590 308 687 arguti
316 586 525 689 philosophi
537 613 584 660 ac
597 589 745 660 dicaces
756 588 977 674 scholastici,
992 588 1026 657 si
1037 590 1253 659 renunciant

181 704 316 777 soeculo
323 760 335 791 ,
348 721 526 801 cogantur
537 704 721 776 seruilibus
732 723 765 776 et
777 705 1001 801 incongruis,
1017 729 1113 772 more
1125 704 1253 774 uilium

182 824 470 919 mancipiorum,
502 823 630 894 studiis
658 848 719 892 seu
751 821 936 893 laboribus
961 825 1145 918 occupari.
1181 823 1255 892 Pro

183 941 287 1013 uictu
294 945 448 1040 proprio
461 939 609 1012 decima
616 939 786 1039 fidelium
809 939 866 1010 vel
883 938 1081 1009 oblationes
1093 938 1257 1033 generali

184 1060 403 1128 auctoritate
417 1058 663 1129 conceduntur
675 1057 815 1128 clericis
826 1075 860 1127 et
871 1058 944 1127 Dei
957 1057 1143 1142 ministris,
1162 1056 1256 1127 sicut

187 1174 331 1246 Paulus
347 1175 531 1274 apostolus
547 1178 601 1246 ait
616 1173 814 1246 Corinthiis
835 1202 843 1243 :
861 1173 928 1264 Qui
948 1174 983 1243 in
1003 1172 1157 1244 sacrario
1174 1196 1259 1269 ope-

185 1308 327 1379 rantur,
348 1319 428 1391 quae
447 1291 490 1363 de
508 1292 662 1364 sacrario
681 1308 778 1379 sunt,
796 1288 921 1361 edunt.
936 1290 1003 1381 Qui
1019 1289 1123 1361 altari
1143 1287 1258 1359 deser·

184 1409 310 1495 viunt,
332 1437 414 1481 cum
430 1410 532 1480 altari
555 1409 818 1507 participantur
840 1408 910 1505 (t).
935 1415 995 1479 Ita
1018 1423 1052 1478 ct
1075 1408 1257 1478 Doniiuus

185 1528 367 1599 ordinauit
378 1527 453 1616 ln's,
474 1532 538 1626 qui
550 1529 797 1623 Euangelium
812 1529 1057 1614 annunciant,
1077 1525 1123 1594 de
1137 1525 1259 1595 Euan-

184 1645 285 1742 gelio
308 1647 437 1716 virere.
464 1646 544 1718 Nos
571 1661 692 1717 autem
720 1660 753 1714 et
780 1645 908 1715 ordine
932 1658 967 1714 et
991 1642 1110 1738 officio
1137 1641 1260 1712 clerici

187 1788 332 1849 sumus,
360 1782 392 1835 et
415 1764 583 1835 clericale
608 1764 789 1835 seruitium
814 1787 954 1833 summo
975 1760 1165 1861 pontffici,
1196 1761 1261 1857 qui

183 1883 388 1981 penetrauit
416 1881 544 1970 caelos,
564 1882 769 1977 offerimus,
790 1897 827 1949 ut
845 1895 974 1950 sortem
1001 1903 1168 1977 supernae
1197 1876 1260 1947 lie-

190 2000 372 2088 reditntis,
395 2004 476 2100 ipso
492 2000 712 2099 adjurante,
732 1997 971 2069 obtineamus.
992 1996 1261 2068 Ecclesiastico

191 2115 305 2213 rpitur
327 2116 498 2215 beneficia
516 2117 604 2215 jure
621 2117 873 2215 possidemus,
895 2130 928 2184 et
948 2115 1128 2185 communi
1146 2137 1261 2183 sanc-

192 2235 287 2302 tione
312 2259 452 2331 semper
473 2252 592 2304 tenere
613 2232 853 2304 decerm'mus.
885 2233 987 2319 Hoc,
1023 2258 1042 2301 o
1075 2228 1262 2302 reverende

188 2366 310 2451 pater,
334 2353 524 2423 sanctitati
538 2369 667 2423 uestree
691 2350 939 2423 indubitanter
958 2368 1081 2421 notum
1097 2352 1160 2436 sit,
1180 2374 1263 2447 quoe

192 2496 217 2539 a
226 2468 405 2566 prioribus
416 2468 619 2558 coerzobitis,
632 2471 698 2568 qui
705 2469 874 2567 religiose
882 2471 1072 2556 vixerunt,
1083 2465 1263 2538 seruanda

192 2587 418 2676 didicimus,
456 2614 502 2659 ac
541 2602 579 2658 ut
613 2587 759 2659 lieredes
791 2587 931 2658 ordinis
964 2603 997 2657 et
1025 2583 1262 2687 professionis

192 2703 380 2777 babemus.
414 2704 594 2805 Quandiu
621 2704 899 2792 Cluniacenses,
920 2707 992 2774 siue
1015 2703 1260 2786 Turonenses,

192 2819 328 2919 aliique
347 2821 531 2919 regulares
554 2821 643 2906 oiri,
662 2846 706 2891 en
723 2816 989 2915 nactifiterint,
1014 2843 1089 2890 non
1106 2817 1264 2886 dimitte-

194 2964 292 3021 mus,·
307 2964 386 3026 nec,
401 2956 441 3010 ut
457 2941 637 3009 temerarii
653 2940 850 3009 novitatum
863 2937 1128 3024 adinventores,
1148 2932 1264 3030 afra-

194 3057 305 3127 tribus
323 3065 453 3128 nostris
472 3056 577 3154 lange
596 3060 736 3155 lateque
754 3055 994 3127 condemnari
1010 3054 1191 3125 uolumus.

244 3173 329 3244 Haec
353 3188 389 3243 et
415 3173 519 3268 plura
543 3171 596 3242 his
621 3171 748 3243 similia
772 3170 957 3243 monachis
978 3185 1184 3242 constanter
1205 3166 1264 3239 di-

195 3287 372 3375 centibus,
388 3288 510 3375 abltas,
528 3289 563 3359 iu
573 3316 632 3359 sua
645 3290 727 3359 satis
740 3288 905 3385 pertinax
922 3289 1110 3373 sententia,
1123 3287 1266 3357 recessit

195 3406 327 3495 abeis,
349 3435 430 3479 cum
446 3407 634 3479 duodecim
652 3408 717 3478 sibi
741 3405 1013 3479 assentientibus
1035 3409 1108 3501 (2);
1133 3402 1265 3502 diuque

232 3712 271 3779 (1)
288 3711 301 3762 I
319 3713 389 3776 Car„
408 3728 448 3775 tx,
468 3708 508 3764 13.

232 3801 270 3871 (a)
283 3803 327 3854 Aa
338 3799 394 3853 lieu
408 3800 443 3853 dc
456 3799 556 3866 douze,
574 3798 637 3853 lisez
653 3822 658 3851 ε
675 3799 715 3852 six
729 3817 766 3851 ou
780 3799 868 3870 vingt.
883 3795 989 3850 Robert
1002 3795 1088 3868 partit
1100 3795 1134 3849 de
1148 3793 1266 3850 Molime

197 3907 262 3944 avec
272 3891 312 3944 six
323 3890 457 3960 religieux
468 3889 633 3949 seulement,
646 3887 716 3941 dont
728 3886 863 3940 l'lristoire
874 3905 888 3938 a
902 3887 1031 3939 conserve
1041 3884 1080 3938 les
1090 3902 1183 3950 noms‚
1196 3902 1267 3956 pour

197 3977 266 4041 aller
279 3989 390 4031 trouver
404 3978 593 4050 l'archevieque
605 3975 639 4029 de
653 3977 742 4047 Lym,
759 3974 832 4047 legat
846 3974 884 4027 du
897 3993 980 4047 pape3
997 3975 1076 4046 aptes
1088 3972 1155 4046 quoi
1169 3971 1187 4025 il
1202 3990 1266 4026 ren·

198 4078 241 4122 tra
256 4068 323 4122 dans
338 4087 365 4122 sa
379 4069 587 4133 communaute',
607 4076 634 4120 et
648 4064 672 4118 la
686 4066 777 4138 quitta
788 4064 823 4118 de
839 4082 979 4131 nouveau,
995 4063 1064 4117 snivi
1081 4072 1153 4117 cette
1167 4061 1218 4116 sois
1232 4060 1267 4114 tle

199 4160 278 4232 vingt
294 4159 444 4233 religieux,
458 4157 553 4231 quand
568 4156 588 4210 il
604 4166 653 4210 eut
671 4174 737 4229 recu
750 4166 779 4210 et
797 4155 891 4210 notitie'
909 4154 934 4209 la
948 4153 1030 4210 lettre
1044 4154 1092 4227 qui
1106 4152 1266 4208 l'autorisait

201 4252 215 4303 t
229 4267 258 4302 se
271 4251 380 4314 retirer,
395 4266 466 4320 pour
478 4250 554 4303 creer
567 4266 605 4301 un
619 4245 718 4301 nouvel
731 4245 945 4301 &tablissemeat
