2888 4934
182 384 270 467 [ott]
570 380 687 444 trouu
708 368 866 444 sextus.
1209 391 1247 447 95

182 517 400 617 legationem
415 513 620 586 Bernurdus
635 513 724 587 duos
747 515 878 586 milites
899 514 995 588 ittico
1012 518 1247 614 praeparavit,

182 648 218 706 et
239 658 308 705 rex
334 632 521 730 imperiosa
543 630 657 719 dictu,
685 657 766 732 quae
788 632 931 731 Hugoui
955 631 1154 722 deterrent,
1180 635 1252 706 iilis

182 749 355 851 injunxit.
381 748 506 820 Nuntii
534 774 621 822 vcro
646 751 835 849 Hugoncm
863 751 1071 822 festinanter
1092 753 1250 849 expetie-

181 885 292 961 runt,
311 884 347 942 et
363 865 471 940 verba
488 868 581 964 regis
596 882 802 940 constanter
818 868 847 938 ci
868 867 1137 939 nuntiaverunt.
1155 868 1252 940 Aba·

182 987 413 1076 minobiiem,
432 987 620 1086 inquiunt,
638 987 875 1057 temeritatem
887 988 1173 1086 praesumpsisti,
1190 992 1255 1086 qui

183 1105 385 1178 dominium
407 1104 547 1176 domini
567 1108 619 1174 tui
642 1105 735 1202 regis
757 1103 987 1174 Francorum
1011 1104 1192 1191 invasisti,
1220 1122 1253 1176 ct

182 1223 363 1327 oppidum
384 1223 598 1310 Oaimense,
625 1221 687 1293 ubi
697 1226 851 1321 propria
870 1221 973 1292 sedes
989 1222 1070 1320 ejus
1087 1220 1134 1292 ab
1151 1224 1252 1292 anti-

183 1342 267 1442 quis
285 1339 502 1441 temporibus
522 1356 573 1410 est
590 1340 663 1436 (ι),
689 1365 787 1409 nune
807 1336 990 1410 obsedisti.
1014 1338 1129 1411 Nunc
1146 1365 1256 1439 super

183 1458 258 1532 bac
281 1482 321 1529 re
338 1474 562 1559 prrcceptum
579 1457 659 1555 ejus
682 1455 792 1542 audi,
819 1471 852 1527 et
873 1481 941 1558 per
948 1455 1068 1553 fidem
1091 1481 1201 1555 quam
1221 1459 1256 1527 ei

185 1568 314 1659 debes,
334 1575 412 1642 sine
428 1594 529 1642 ntora
546 1570 664 1642 obedi.
686 1573 783 1641 Ante
800 1570 889 1642 solis
903 1595 1075 1642 occasum
1093 1569 1144 1641 ab
1160 1569 1255 1642 obsi-

185 1685 298 1760 dione
313 1687 457 1776 recede,
478 1703 511 1757 et
524 1713 595 1787 pro
612 1701 717 1757 reatu
735 1690 941 1758 temeritatis
962 1687 1000 1757 in
1023 1712 1144 1785 regem
1152 1744 1166 1777 ,
1177 1685 1256 1783 foc

187 1802 242 1875 itt·
263 1820 399 1877 rectum
418 1803 523 1903 apud
547 1803 766 1876 laudunum
788 1822 943 1905 tempore
969 1829 1041 1902 quo
1064 1804 1256 1878 decreuerit

189 1920 287 2020 ipse,
320 1921 534 2020 optimatum
558 1920 707 2020 judicio
738 1937 772 1991 et
800 1926 1048 2020 persuasione.
1082 1921 1256 2020 Alioquin

187 2052 344 2136 paratus
358 2054 432 2110 esto
446 2063 528 2110 cum
547 2040 617 2109 tuis
631 2037 685 2109 ad
696 2038 879 2138 praelium.
895 2036 996 2108 Nam
1009 2062 1074 2107 ree
1090 2037 1258 2108 dominus

191 2170 286 2240 tuus,
298 2157 336 2227 si
352 2172 385 2226 te
397 2154 458 2227 bic
469 2157 657 2243 invenerit,
675 2159 713 2225 in
728 2153 799 2225 bac
815 2154 1021 2252 septimana
1036 2168 1153 2226 tecum
1169 2156 1257 2225 uiri-

193 2270 256 2345 bus
271 2273 500 2345 Francorum
516 2289 551 2344 et
567 2272 860 2344 Normannorum
876 2269 1076 2343 dimicabit.

235 2389 325 2462 fleo
334 2386 494 2479 audieus,
507 2388 612 2488 lingo
626 2385 857 2460 vehementer
870 2387 979 2459 iratus
988 2402 1054 2478 cst,
1071 2402 1107 2459 et
1119 2413 1195 2486 prae
1206 2388 1257 2459 ira

194 2503 419 2594 furibundus,
434 2507 484 2579 sic
498 2531 578 2579 suos
588 2506 714 2579 affatus
731 2522 807 2578 est:
827 2505 932 2578 [inde
950 2504 1122 2578 stolidum
1138 2533 1257 2606 regem

196 2639 297 2697 tanta
321 2626 456 2697 invasit
481 2624 683 2712 dementia,
710 2640 750 2696 ut
775 2623 862 2696 mibi
889 2625 971 2696 totis
997 2622 1134 2696 viribus
1157 2625 1259 2695 illum

197 2745 393 2844 adjuvanti
406 2743 601 2817 mandaret
620 2741 740 2816 talia?
758 2742 997 2814 Normanniae
1009 2735 1259 2842 principatum

198 2886 267 2935 non
283 2863 498 2962 concupivi,
523 2887 639 2961 neque
652 2877 796 2962 partem
816 2859 978 2960 aliquam
994 2858 1041 2930 ab
1059 2858 1123 2930 iilo
1139 2865 1262 2959 requi-

199 2978 276 3064 sivi,·
296 2978 363 3051 sed
379 2987 457 3080 ipse
481 2995 592 3052 totam
612 2979 792 3077 regionem
812 2981 902 3048 citra
920 2975 1130 3076 Sequanam
1151 3004 1264 3075 usque

199 3094 249 3189 ad
271 3120 375 3167 mare
395 3094 486 3167 ultro
512 3095 603 3166 mibi
626 3094 774 3183 obtulit,
804 3093 1059 3193 auxiliumque
1082 3120 1202 3165 meum
1227 3111 1265 3165 ut

200 3210 396 3299 indomitos
404 3213 555 3314 piratas
574 3211 777 3302 adornaret,
791 3215 975 3312 poposcit.
992 3211 1128 3284 Nonne
1144 3216 1265 3283 mani-

194 3328 292 3417 sata
303 3331 446 3403 emetis
463 3333 611 3404 insania
622 3331 795 3429 patescit,
816 3329 918 3429 quod
929 3329 1014 3402 inde
1026 3356 1166 3402 mecum
1178 3355 1265 3402 con-

194 3441 325 3546 stigen
346 3445 527 3535 decernit,
552 3446 649 3519 unde
661 3442 832 3546 famulor
857 3446 930 3535 itti,
958 3451 1051 3518 sicut
1076 3449 1154 3546 ipse
1176 3445 1268 3516 mibi

198 3559 402 3663 praecepit?
424 3564 539 3637 Miser
559 3579 612 3636 est
636 3566 701 3663 qui
722 3564 830 3636 servit
856 3564 998 3663 iniquo,
1025 3580 1057 3633 et
1079 3560 1268 3634 imbecillis

202 3685 264 3780 qui
268 3676 515 3787 fraudulento
529 3681 710 3781 subigitur
723 3697 756 3753 et
771 3680 894 3754 stulto.
915 3682 1145 3751 Festinanter
1162 3680 1270 3752 modo

235 3901 276 3972 (ι)
287 3899 371 3956 Cette
382 3899 562 3956 substitution
575 3899 703 3954 d’Exmes
718 3903 733 3952 'a
751 3899 858 3971 Buyenx
875 3908 917 3952 cst
935 3897 973 3952 du
991 3897 1058 3954 chet
1071 3897 1106 3953 de
1120 3909 1199 3953 notre
1219 3917 1269 3953 an-

202 3999 277 4058 tem,
296 3990 374 4064 qnia
392 4008 491 4045 crocu
509 3991 585 4045 avoir
601 3990 697 4046 besoiu
714 4006 786 4062 pour
799 3990 916 4045 mutiret
931 3988 956 4043 la
971 3991 1101 4062 presence
1120 3989 1155 4044 de
1171 3989 1273 4061 lingue

203 4095 257 4133 anx
263 4079 395 4134 euris-uus
403 4078 439 4133 de
448 4067 664 4134 Sciat-Ermuit.
677 4079 750 4134 C'est
759 4076 929 4132 encoreiiui
940 4077 1025 4152 qu‘on
1038 4077 1097 4133 doit
1108 4077 1271 4132 l’eiivation.

203 4180 284 4226 toute
298 4170 432 4242 gratuite,
447 4169 574 4223 d'Exmet
590 4188 625 4223 au
639 4186 708 4241 rung
722 4167 756 4222 de
770 4168 911 4223 residence
924 4167 1025 4239 royaie.
