2888 4934
305 466 365 530 596
579 462 766 524 HISTORIA
790 460 1095 524 tcctssslasttca
1169 467 1274 541 [torro
1291 462 1389 545 1099]

301 603 401 700 juxta
437 595 657 669 civitatulam
695 596 847 682 emicat,
886 593 948 667 ubi
984 595 1187 693 pretiosum
1221 597 1383 696 ejusdem

303 716 446 789 athletae
460 740 589 812 corpus
612 715 811 815 quieverat.
832 715 957 803 Hunc,
975 736 1084 813 quem
1102 709 1310 787 Christiani
1326 716 1383 787 vi·

303 832 432 907 derant
450 830 487 905 in
504 829 602 904 bello
622 829 852 904 Antiocheno
868 818 1133 929 praeambulum
1151 844 1191 900 et
1213 855 1382 928 praecur-

304 973 445 1037 sorem,
479 963 515 1019 et
547 963 673 1020 contra
704 962 850 1047 gentem
879 970 1068 1019 erroneam
1098 945 1261 1019 validum
1293 974 1380 1047 pro-

304 1080 557 1167 pugnatorem,
569 1063 860 1137 volebantetiam
872 1061 1073 1162 promereri
1085 1087 1234 1162 semper
1244 1067 1378 1140 socium

304 1199 341 1256 et
361 1182 596 1255 defensorem.
626 1180 812 1253 Basilicam
837 1182 910 1279 ejus
937 1194 1147 1251 reverenter
1170 1178 1379 1255 honorave-

307 1315 413 1390 runt,
446 1315 482 1372 et
511 1299 738 1395 episcopum,
772 1314 812 1370 ut
840 1296 1014 1387 diximus,
1046 1295 1213 1370 Ramulae
1243 1301 1379 1374 conati-

307 1432 468 1490 tuerunt.

355 1532 535 1606 Divinitas
559 1532 715 1619 accensi,
740 1529 901 1604 diluculo
922 1529 1051 1630 egressi
1073 1546 1178 1619 sunt,
1205 1532 1377 1630 signoque

305 1646 409 1738 dato,
432 1648 527 1721 viam
557 1648 593 1720 in
614 1647 812 1719 Jerusalem
833 1647 1071 1720 accelerantes
1095 1645 1252 1745 ingressi
1279 1663 1374 1734 sunt;

306 1779 343 1835 et
367 1761 458 1834 sicut
482 1762 545 1834 diu
573 1761 879 1851 desideraverant,
905 1788 945 1834 ea
971 1762 1028 1835 die
1049 1764 1104 1860 (1)
1126 1762 1170 1835 ad
1198 1766 1376 1837 civitatem

307 1903 418 1980 usque
439 1896 696 1977 pervenerunt.
720 1879 919 1952 Jerusalem
943 1880 1041 1952 enim
1063 1907 1082 1952 a
1102 1881 1260 1954 Romula
1282 1881 1375 1981 quasi

308 2022 395 2070 xxiv
409 1996 586 2069 milliariis
601 1995 720 2089 distat.
739 1998 936 2096 Postquam
952 1996 996 2070 ad
1010 1997 1133 2070 locum
1146 2015 1302 2071 ventum
1309 2013 1374 2085 est,

308 2113 404 2188 unde
418 2114 585 2187 turritam
599 2114 801 2187 Jerusalem
811 2113 933 2187 videre
946 2130 1145 2212 potuerunt
1153 2169 1165 2202 ,
1183 2140 1230 2187 ex
1245 2115 1376 2214 ingenti

309 2229 440 2329 gaudio
452 2231 707 2328 ploraverunt,
724 2231 979 2322 substiterunt,
992 2231 1108 2303 Deum
1118 2230 1376 2317 adoraverunt,

310 2361 347 2416 et
364 2345 459 2417 ssexo
478 2347 618 2444 poplite
634 2363 793 2420 sanctam
812 2364 947 2421 terram
961 2348 1157 2423 deosculati
1174 2367 1274 2422 sunt.
1293 2351 1377 2423 Om-

311 2486 372 2533 nes
388 2459 492 2533 nudis
508 2461 657 2559 pedibus
674 2462 920 2555 ambularent,
940 2465 1008 2536 nisi
1028 2482 1144 2537 metus
1163 2492 1225 2538 eos
1243 2465 1379 2539 hostilis

309 2593 465 2650 armatos
483 2576 649 2650 incedere
665 2579 892 2677 praeciperet.
909 2578 1015 2652 Ibant
1031 2597 1067 2652 et
1088 2580 1249 2669 flebant,
1270 2583 1376 2681 etqui

311 2691 438 2789 orandi
461 2694 575 2792 gratia
594 2712 860 2783 convenerant,
879 2698 1075 2796 pugnaturi
1093 2698 1197 2794 prius
1218 2699 1378 2798 properis

313 2837 411 2883 arma
431 2809 651 2883 deserebant.

362 2927 447 3002 XV.
462 2926 689 3000 Obsederunt
701 2943 782 3001 v111⁰
796 2928 873 3001 idus
879 2930 971 3029 junii
988 2931 1042 3028 (a)
1052 2931 1256 3003 Jerusalem
1271 2929 1378 3002 Chris»

314 3042 424 3131 tiani,
457 3069 531 3115 non
562 3059 731 3141 tanquam
762 3068 956 3117 novercam
985 3044 1168 3144 privigni,
1199 3044 1262 3117 sed
1288 3045 1377 3146 quasi

314 3172 467 3229 matrem
490 3157 567 3229 lilii.
589 3156 705 3230 Amici
731 3184 810 3231 eam
831 3174 868 3230 et
890 3156 955 3231 filii
981 3159 1321 3250 circumdederunt,
1344 3175 1378 3230 ut

350 3429 389 3501 (r)
403 3428 468 3484 Ceci
480 3439 522 3483 est
534 3446 590 3482 une
603 3447 710 3483 erreur.
725 3429 775 3483 Les
786 3428 887 3484 emises
897 3430 1039 3502 pascerent
1050 3428 1077 3484 la
1091 3432 1156 3485 nuit
1166 3430 1207 3484 du
1221 3432 1238 3484 5
1250 3450 1287 3485 au
1296 3430 1314 3484 6
1321 3431 1378 3502 juin

315 3534 350 3569 au
369 3516 467 3589 village
483 3515 636 3570 d’Anathot
656 3517 784 3587 (nomme
802 3515 856 3571 mal
868 3519 884 3570 a
896 3533 999 3590 propos
1011 3516 1144 3572 Emmaiis
1157 3538 1210 3591 par
1226 3519 1379 3575 Guillanme

315 3602 350 3657 de
367 3603 455 3676 Tyr),
470 3613 498 3657 et
513 3602 546 3657 ils
559 3623 577 3675 y
591 3614 690 3657 curent
707 3602 733 3656 le
750 3603 884 3676 spectacle
903 3603 986 3658 d‘une
1005 3603 1105 3677 eclipse
1124 3604 1160 3660 de
1179 3605 1259 3662 lune.
1277 3606 1317 3662 Ce
1330 3602 1380 3658 lieu

315 3700 396 3760 porte
413 3691 585 3745 maintenant
602 3691 628 3744 le
647 3708 713 3744 nom
731 3690 766 3745 de
785 3691 1011 3747 Satn-terente.
1029 3692 1070 3747 Ce
1086 3710 1122 3746 ne
1140 3693 1185 3747 sut
1203 3712 1260 3767 qne
1277 3690 1380 3748 dansle

315 3795 397 3832 cours
410 3779 482 3835 dela
491 3780 611 3852 joarnee
619 3781 758 3847 suivante,
772 3781 856 3854 qu'ilc
867 3781 1020 3837 arriverent
1033 3799 1098 3837 sous
1111 3782 1155 3838 l'es
1165 3802 1247 3839 murs
1256 3784 1291 3839 de
1305 3785 1379 3838 Jem-

317 3867 410 3922 salem.

352 3958 391 4027 (a)
407 3959 441 4013 Le
455 3958 534 4014 lundi
546 3959 645 4032 6juin,
657 3976 765 4015 comme
775 3978 845 4016 nous
859 3979 962 4016 venons
974 3960 1009 4015 de
1022 3959 1048 4016 le
1058 3959 1136 4028 dirc3
1152 3962 1224 4016 mais
1238 3962 1257 4017 il
1269 3973 1313 4018 est
1324 3978 1380 4035 pm·

315 4045 397 4102 bable
409 4048 714 4121 qucl’investissement
730 4051 806 4106 n'eut
824 4050 880 4106 lieu
895 4070 949 4127 que
968 4050 994 4107 le
1013 4050 1173 4106 lendcmain
1193 4052 1300 4121 mardi,
1318 4070 1379 4106 con·

316 4139 484 4192 termement
499 4157 533 4192 au
553 4140 624 4194 recit
641 4139 676 4195 de
692 4140 853 4196 Guillaume
873 4141 909 4196 de
920 4141 988 4214 Tyr.
1010 4141 1049 4197 ce
1067 4139 1138 4195 n’est
1156 4159 1216 4214 que
1235 4161 1265 4197 ce
1280 4138 1382 4212 jourll

317 4246 371 4301 que
383 4228 480 4284 Pierre
492 4226 647 4283 Tudebode
658 4228 698 4283 les
711 4230 886 4285 latrantres.
