2888 4934
273 374 334 434 560
480 371 668 431 HISTORIA
690 370 1000 433 tectestasTlca.
1025 375 1241 449 [xxrnrsuan
1260 373 1354 449 1098]

270 502 426 576 Coelitus
450 501 519 576 hoe
543 504 712 602 apparuit
739 505 817 576 aliis
849 503 893 576 ad
913 504 1186 592 confusionem,
1208 502 1292 575 aliis
1311 503 1353 575 ad

272 621 436 693 instantis
454 620 631 720 triumphi
647 624 903 695 ostensionem.

319 738 479 813 Gentiles
514 765 533 812 e
566 742 715 838 regione
750 728 859 813 maris
898 728 1117 840 pugnantes,
1156 755 1353 840 postquam

270 856 410 957 pondus
434 856 520 930 belli
539 857 716 929 sustinere
742 859 1004 958 nequiverunt,
1031 859 1123 930 sicut
1144 856 1354 930 Curbaran-

218 973 221 981 ‘
270 1002 336 1047 nus
359 974 585 1063 condixerat,
613 975 734 1073 ignem
765 976 800 1047 in
829 973 980 1048 herbam
1008 976 1203 1049 miseruut.
1242 974 1353 1073 Signo

269 1109 407 1178 autem,
423 1091 520 1193 quod
534 1091 707 1181 diximus,
725 1095 893 1192 cognito,
913 1094 975 1194 qui
991 1094 1027 1165 in
1045 1094 1217 1167 tentoriis
1232 1110 1349 1180 erant,

268 1211 432 1308 pernices
449 1227 485 1283 et
504 1210 689 1309 irrequieti
712 1209 988 1309 confugiebant,
1005 1227 1043 1283 et
1059 1209 1211 1282 tremuli
1232 1209 1350 1306 supel-

269 1328 424 1401 lectilem
454 1329 706 1427 pretiosiorem
731 1327 966 1426 diripiebant.
993 1329 1109 1402 Porro
1129 1325 1351 1414 Christiani,

268 1447 329 1547 qui
348 1472 391 1517 ex
405 1444 553 1518 adverso
569 1443 798 1545 pugnabant,
814 1448 888 1543 jam
903 1445 946 1518 ad
967 1446 1121 1518 tentoria
1142 1446 1352 1517 Tureorum

267 1591 427 1663 pugnam
457 1561 703 1650 divertebant,
733 1562 795 1633 ubi
820 1564 995 1662 majorem
1017 1588 1145 1635 eorum
1176 1563 1351 1633 virtutem

268 1680 478 1755 remansisse
492 1679 664 1752 sciebant.
687 1680 797 1752 Turei
815 1678 931 1752 adhuc
945 1679 1140 1752 obstabant
1152 1695 1232 1751 tota
1244 1679 1352 1752 obsti·

269 1800 415 1872 natione
441 1824 510 1898 qua
537 1814 716 1896 poterant.
743 1798 815 1870 Atii
835 1798 1012 1900 siquidem
1031 1798 1269 1899 pugnabant,
1292 1797 1347 1869 alii

269 1913 385 1989 tendis
403 1913 597 2013 spoliandis
625 1913 861 1987 intendebant
880 1917 950 2014 (t).
981 1917 1060 1988 Dux
1083 1932 1209 1988 autem
1233 1913 1348 1987 Gode·

266 2035 405 2122 fredus,
431 2050 467 2104 et
493 2031 697 2106 Rodbertus
722 2032 969 2122 Flandrensis,
990 2051 1026 2106 et
1052 2035 1161 2132 Hugo
1178 2037 1342 2131 Magnus,

261 2155 364 2254 juxta
381 2149 516 2225 llumen
531 2150 742 2250 equitabant
757 2153 833 2250 (a),
855 2153 916 2224 ubi
934 2180 1055 2225 rursus
1069 2153 1269 2224 maximam
1282 2178 1342 2248 pu·

265 2268 456 2367 guantium
478 2267 617 2364 copiam
643 2284 832 2341 noverant.
853 2269 921 2354 Hi,
949 2285 1159 2342 constanter
1184 2266 1342 2340 ethnicos

181 2446 183 2450 ,
266 2382 442 2484 aggressi,
471 2382 690 2454 unanimiter
714 2385 951 2482 repellebant.
979 2386 1169 2457 Instabant
1196 2384 1341 2485 gentiles

264 2499 513 2599 pertinaciter,
544 2516 580 2570 et
603 2499 774 2599 utrinque
796 2501 1031 2599 praeliabatur
1055 2505 1106 2598 (ὃ)
1135 2501 1340 2574 irremedia-

250 2616 401 2721 biliter.
422 2617 651 2690 Resonabant
665 2645 774 2690 aerreae
791 2619 960 2710 cassides,
976 2638 1148 2720 tanquam
1168 2646 1337 2719 percusse

265 2736 423 2810 incudes.
456 2737 662 2808 Minutatiru
690 2735 909 2808 scintillabat
943 2739 1053 2836 ignis,
1079 2737 1339 2809 mutilabantur

264 2881 377 2930 enses.
404 2856 503 2927 Eliso
528 2853 701 2942 cerebro,
729 2852 828 2925 humi
850 2853 1141 2952 procumbebant
1162 2853 1335 2928 homines.

263 2972 402 3044 Loricae
416 2967 693 3068 rumpebantur,
709 2986 788 3041 exta
801 2969 1057 3059 fundebantur,
1071 2972 1156 3070 equi
1168 2969 1337 3042 sudabant

262 3091 484 3176 fatiscentem
504 3114 571 3159 nec
589 3089 707 3187 equis,
730 3113 795 3160 nec
812 3088 994 3188 equitibus
1011 3089 1083 3161 ulla
1098 3088 1336 3187 praestabatur

264 3206 416 3307 requies.
447 3203 602 3302 Agmina
621 3220 784 3275 conserta
806 3205 903 3275 tenui
922 3230 1107 3276 armorum
1131 3203 1337 3277 discrimine

263 3327 323 3398 xix
350 3353 368 3394 a
393 3322 514 3421 seipsis
539 3320 733 3392 distabant.
762 3319 833 3392 Atii
860 3320 1037 3421 siquidem
1058 3322 1148 3395 alios
1174 3323 1336 3394 eominus

264 3440 531 3541 impingebant,
559 3454 596 3509 et
614 3463 741 3510 manus
767 3437 954 3529 manibus,
976 3437 1083 3537 pedes
1104 3439 1277 3537 pedibus,
1304 3456 1337 3511 et

1085 3618 1332 3628 --—.—-...--

296 3729 335 3798 (r)
354 3725 529 3801 Tendebuat.
546 3723 599 3777 Ms.
615 3723 650 3776 de
664 3710 884 3777 Saint-l2v1·0ult.

296 3818 335 3887 (a)
353 3817 453 3870 C'etait
468 3833 540 3886 pour
553 3814 631 3867 venir
647 3831 682 3866 au
699 3831 811 3867 secours
825 3812 859 3866 de
877 3812 1019 3867 B0e'1nond
1038 3812 1119 3866 etde
1136 3831 1188 3866 sou
1207 3831 1290 3885 corps
1304 3812 1337 3864 dr

262 3910 382 3973 reterre,
397 3907 534 3959 virenrent
547 3906 653 3978 presses
667 3923 717 3975 par
730 3903 756 3957 le
770 3902 860 3958 sultan
872 3903 906 3958 de
921 3904 1021 3977 Damas
1035 3914 1062 3957 ct
1075 3903 1167 3957 l'enrir
1180 3903 1217 3959 de
1230 3906 1338 3959 Jc'rusa-

261 3999 330 4061 lem,
348 3996 397 4068 qui
416 3995 536 4060 avaient,
556 4012 664 4047 comme
682 4010 752 4047 nous
769 3991 795 4046 lc
809 3991 904 4047 disous
920 3993 1070 4060 cidessus,
1090 3998 1223 4049 remonte
1240 3994 1264 4048 la
1283 3994 1337 4048 rire

260 4089 351 4142 droite
366 4083 401 4138 de
416 4083 546 4137 l‘Oronte
562 4102 633 4154 pour
645 4102 749 4155 couper
763 4082 787 4137 la
803 4083 916 4137 retraitc
930 4102 982 4137 aux
995 4083 1155 4139 Chretiens.

296 4177 333 4249 (5)
348 4176 544 4248 Pugnabutnr.
563 4175 615 4228 llls.
630 4174 665 4228 de
679 4162 898 4229 saint-Evtoult.
