2872 4920
182 412 242 473 556
386 409 573 469 HISTORIA
596 406 905 470 Ecctesttsttcu.
933 411 1149 486 [xxvnr‘rnnu
1164 411 1245 487 1098]

181 544 290 614 simus
303 567 421 615 comes
430 595 440 628 ,
458 568 542 614 cum
560 570 596 616 iv
610 541 771 614 millibus
781 510 1069 615 Tedtonicorum
1082 555 1120 612 et
1135 541 1248 640 Bajoa·

181 663 335 733 riorum.
351 662 393 732 ln
408 677 504 733 sexta
521 659 743 750 Tuncredus,
761 687 843 734 cum
855 685 892 732 iv
907 658 1070 731 millibus
1084 657 1248 757 Apuiicn·

180 779 287 849 sium.
308 780 348 850 in
367 779 517 878 septima
535 778 784 868 Buemundus,
804 777 879 850 dux
895 776 1058 875 Aputioe,
1079 804 1164 850 cum
1181 803 1245 851 xxx

135 918 140 928 ·
181 894 342 968 millibus
354 895 681 996 Langobardorum
691 912 728 968 et
741 895 1104 969 ItalorumUltimus
1116 892 1247 967 exiitde

181 1013 292 1102 urbe,
312 1031 353 1086 ut
380 1012 549 1086 omnibus
567 1012 794 1112 provideret,
816 1029 853 1086 et
876 1011 1108 1112 singulorum
1131 1013 1168 1084 in
1188 1036 1247 1084 no-

181 1131 401 1204 cessitatibus
426 1148 522 1204 totus
548 1130 696 1204 adesset.
724 1128 1246 1228 RaimundusTolosanus(1)

181 1277 262 1321 eum
276 1276 325 1323 xx
336 1250 497 1322 millibus
508 1249 552 1322 ad
564 1249 836 1329 custodiendam
853 1247 984 1321 urbem
1001 1248 1192 1334 remansit,
1206 1271 1245 1321 ne

181 1369 349 1467 gentiles,
378 1395 537 1470 quorum
561 1369 676 1441 multa
702 1369 817 1441 millia
840 1384 997 1441 castrum
1020 1367 1145 1439 Sancti
1160 1365 1244 1438 Petri

181 1512 279 1559 secus
293 1514 417 1560 muros
435 1486 628 1576 tenebant,
648 1484 779 1559 urbem
796 1484 1021 1558 invaderent.
1046 1483 1245 1556 Christianis

181 1603 469 1703 egredientibus,
487 1604 643 1703 episcopi
675 1620 711 1677 et
736 1603 935 1702 presbyteri
959 1601 1245 1676 sermocinaban-

183 1735 255 1808 tur,
282 1736 319 1791 et
340 1720 513 1807 orabant,
539 1739 575 1792 et
599 1720 704 1818 signo
727 1717 936 1793 reverendae
959 1719 1097 1806 crucis,
1124 1716 1160 1790 in
1179 1714 1245 1789 edi-

184 1834 337 1907 tioribus
352 1851 485 1907 stantes
499 1836 601 1921 lucis,
621 1860 746 1908 omnes
760 1833 1038 1934 consignabant.

231 1951 326 2022 Dum
344 1950 509 2025 ordinate
523 1978 587 2052 per
604 1967 768 2051 portum,
785 1977 867 2051 quae
883 1966 1037 2023 estante
1054 1948 1243 2024 Machome·

182 2227 220 2280 Iu
232 2226 400 2298 quintasuit
418 2226 598 2293 Tancredus,
611 2225 847 2297 murciiisifilius,
860 2234 887 2277 et
902 2225 1007 2278 Gustus
1022 2223 1057 2277 de
1072 2223 1181 2291 Bearu,
1191 2240 1242 2276 cum

183 2334 235 2368 sua
244 2324 340 2386 geute,
354 2324 380 2368 et
390 2334 452 2368 cum
463 2325 545 2387 gente
554 2317 741 2370 Pictaviensis
751 2316 870 2382 comitis,
881 2313 924 2367 dit
934 2313 1031 2367 Pierre
1041 2311 1202 2367 Tudebode.
1209 2308 1242 2366 (¹ae

183 2402 252 2474 qu’il
269 2421 287 2474 y
305 2403 379 2455 avait
396 2400 585 2456 d’Aileniands
600 2412 629 2457 et
644 2402 679 2457 dc
695 2403 825 2475 Francais
841 2403 986 2456 orientaux
1005 2400 1099 2454 iaisait
1116 2395 1242 2473 partierit

183 2491 402 2563 corpsd'armee
421 2490 456 2546 de
473 2490 619 2547 Godeiroi.
636 2493 676 2547 Cc
696 2511 731 2547 ne
748 2493 791 2546 sut
805 2509 860 2566 que
876 2491 938 2564 plus
954 2489 1031 2557 tard,
1047 2501 1076 2545 et
1089 2495 1105 2544 ii
1120 2491 1144 2544 la
1158 2507 1202 2543 vue
1212 2486 1242 2540 dn

184 2581 248 2652 plau
264 2581 300 2635 dc
319 2581 431 2635 batailie
449 2581 498 2636 des
515 2582 689 2637 Musulmuns
704 2583 768 2656 (qui
787 2581 894 2637 teudait
906 2585 920 2636 d
933 2599 1040 2653 couper
1055 2592 1135 2635 toute
1148 2579 1244 2635 rctrrite

183 2691 236 2726 aux
253 2673 371 2739 croises,
389 2674 443 2727 soit
461 2691 520 2726 vers
539 2673 693 2740 Antioche,
713 2672 765 2727 soit
779 2691 840 2727 vers
852 2672 878 2726 le
894 2672 962 2726 Port
979 2672 1201 2738 Sciet-Simeon,
1216 2687 1244 2722 eu

183 2782 283 2836 moyen
302 2763 368 2817 d‘un
388 2782 469 2836 corps
485 2763 608 2818 d'armee
625 2763 717 2836 dirige
734 2763 783 2818 des
800 2763 886 2819 hords
900 2763 935 2817 de
950 2763 976 2817 la
990 2782 1052 2817 mer
1069 2782 1132 2817 veis
1148 2763 1173 2816 le
1188 2768 1244 2834 pont

183 2853 365 2918 d’Antioche,
387 2855 412 2908 le
430 2856 496 2925 long
514 2854 549 2908 dc
569 2854 593 2908 la
607 2856 665 2909 rive
679 2854 772 2908 druite
785 2854 819 2908 dc
834 2853 994 2925 l'Oronte),
1011 2855 1099 2927 qu'on
1113 2850 1244 2926 improvisi

185 2963 222 2997 un
236 2948 369 3018 septiemc
380 2964 460 3018 corps
473 2945 610 3012 d‘armce,
627 2946 716 2999 forme
726 2964 778 2999 aux
790 2944 894 3018 de'pens
907 2943 941 2998 de
954 2963 1024 2998 ceux
1036 2944 1072 2997 dc
1084 2943 1213 2999 Godcfroi
1224 2949 1247 2993 et

184 3032 288 3088 duduc
299 3034 334 3089 de
348 3035 534 3101 Normaudic‚
549 3036 597 3108 qui
610 3035 656 3090 fut
668 3034 833 3089 commende
843 3053 892 3106 par
903 3034 929 3088 le
938 3044 1031 3087 comte
1042 3033 1078 3087 de
1091 3031 1173 3087 Toul.
1186 3030 1246 3086 C’ett

183 3140 215 3175 ce
233 3140 288 3195 que
308 3133 389 3176 notre
408 3134 508 3176 auteur
527 3121 675 3177 lui-meme
695 3141 726 3175 va
743 3140 814 3175 nous
830 3122 903 3189 dire,
920 3122 989 3174 inuis
1005 3141 1041 3174 en
1060 3120 1161 3174 faisant
1176 3119 1207 3174 de
1221 3136 1246 3172 ce

184 3212 275 3266 menie
290 3222 381 3266 comte
398 3211 471 3266 deux
489 3231 689 3286 persouuages,
708 3212 778 3267 dont
796 3212 815 3267 it
835 3213 889 3266 citc
905 3211 963 3265 l'un
980 3229 1046 3265 avec
1063 3211 1205 3282 beaucoup
1217 3206 1246 3262 de

185 3313 306 3376 respect,
327 3302 419 3356 tundis
433 3303 501 3376 qu'il
520 3304 602 3358 truite
618 3303 716 3360 l’autre
734 3322 798 3358 avec
816 3321 871 3357 une
887 3303 1009 3376 legeret&
1026 3303 1083 3356 tres
1101 3303 1201 3356 voisiuc
1216 3296 1247 3351 dn

184 3392 288 3465 mepris
305 3392 475 3466 :quemdam
491 3392 678 3447 Rar'uardum.
695 3395 837 3448 Personue
852 3393 896 3446 n’a
913 3390 1003 3446 reudu
1020 3411 1058 3445 un
1073 3401 1184 3464 compte
1198 3388 1248 3462 pius

184 3484 252 3538 clair
270 3483 319 3538 des
336 3495 528 3537 mouvements
548 3485 732 3557 stratc'giques
749 3482 785 3537 dc
802 3494 875 3537 cette
889 3481 1000 3536 batailte
1014 3499 1069 3554 que
1090 3481 1206 3535 l'auteur
1217 3474 1249 3531 du

185 3575 262 3629 Belli
274 3577 357 3630 Sacri
367 3575 492 3630 Historia
504 3602 510 3628 :
524 3575 633 3630 Deinde
645 3575 728 3629 divisi
738 3585 804 3630 sunt
821 3575 924 3628 'I'urci.¹
941 3592 1081 3644 unapars
1095 3572 1156 3626 ibat
1167 3578 1251 3625 contre

186 3684 274 3733 mare,
290 3677 316 3719 ct
326 3667 377 3720 alii
387 3675 524 3720 steterumt
535 3667 604 3733 illic,
617 3676 750 3737 putantes
763 3687 814 3721 uos
828 3664 971 3719 includere
983 3667 1058 3717 iuter
1069 3682 1141 3718 sese.
1158 3659 1249 3715 Viden·

187 3763 227 3807 tes
240 3759 330 3809 nostri
341 3756 404 3823 line,
411 3755 548 3828 fecerunt
560 3758 696 3811 similiter.
713 3758 780 3812 Illic
782 3756 848 3829 suit
859 3754 993 3809 ordinata
1006 3763 1126 3826 septena
1142 3755 1210 3806 acies
1220 3765 1251 3803 ex

184 3849 243 3898 ucic
260 3845 339 3900 ducis
358 3847 525 3921 Guttffredi,
545 3858 572 3901 et
588 3851 695 3903 comitis
710 3847 744 3901 de
760 3848 953 3908 Normannia,
975 3854 1001 3898 et
1014 3853 1102 3916 caput
1120 3839 1251 3914 illiussuit

185 3955 275 3990 comes
288 3937 456 3993 Raiuuldus.
475 3938 556 3994 Hanc
571 3939 775 3993 mandaverunt
789 3938 898 3993 obvium
913 3946 1011 3992 contra
1024 3937 1088 3990 illos
1105 3938 1156 4008 qui
1166 3933 1249 3988 venre·

187 4027 256 4081 bant
270 4046 287 4079 u
301 4032 381 4081 muri.

219 4118 258 4188 (ι)
274 4118 310 4170 Lc
330 4128 420 4171 cointe
440 4121 474 4174 dc
494 4121 634 4175 't'ouluusc
655 4121 719 4175 ctait
743 4131 841 4175 rctruu
859 4123 873 4172 ii
895 4117 1032 4172 Antioche
1052 4134 1102 4188 par
1123 4113 1161 4169 lcs
1179 4112 1249 4166 sutus

185 4208 270 4265 d'uuc
286 4209 408 4264 bicssurc
