2888 4934
559 466 675 529 ttutu
695 468 853 532 SEXTUS.
1219 473 1238 533 3

175 602 372 700 nipotentis
394 601 608 699 imperantes
630 600 803 674 dominati
828 617 932 691 sunt,
950 604 1026 702 jam
1048 629 1128 676 cum
1155 626 1239 704 rege

172 743 251 806 suo,
264 743 417 817 superna
432 716 598 790 mercede
609 720 729 816 potiti,
740 718 857 790 felices
869 719 904 790 in
917 720 1013 791 coelo
1025 722 1238 794 consistunt.

172 840 397 911 Successores
413 854 533 910 autem
550 863 695 926 eorum,
715 839 776 938 qui
791 839 973 936 potestatis
991 840 1127 937 apicem
1143 839 1238 913 obti-

174 971 282 1042 nent,
315 970 351 1026 et
378 954 496 1027 Rubbi
522 957 739 1044 vocitantur,
765 971 871 1055 atque
901 980 1007 1054 super
1034 956 1239 1030 cathedram

174 1069 288 1167 Moysi
307 1068 482 1157 resident,
501 1068 730 1142 secularibus
747 1072 886 1169 pompis
899 1087 934 1142 et
946 1068 1079 1143 divitiis
1094 1072 1240 1172 (quibus

175 1186 338 1286 plerique
360 1189 513 1259 nimium
536 1185 696 1282 inhiant)
720 1187 969 1283 multipliciter
998 1188 1139 1284 pollent
1148 1219 1160 1279 ;
1180 1188 1240 1263 sed

173 1303 305 1375 merito
321 1303 535 1390 sanctitatis,
556 1302 789 1401 potentiaque
805 1302 980 1372 virtutum
997 1319 1033 1374 et
1053 1303 1241 1405 prodigio-

174 1444 255 1491 rum
272 1444 349 1493 nou
367 1444 469 1519 aeque
486 1419 657 1492 renitent.
672 1420 725 1492 De
740 1445 844 1491 cursu
863 1434 981 1491 tamen
998 1421 1119 1493 saeculi
1133 1437 1169 1493 et
1186 1445 1241 1494 re·

173 1535 239 1610 bus
248 1536 414 1610 humanis
426 1538 601 1610 veraciter
611 1535 842 1610 scribendum
852 1552 916 1623 est,
930 1553 1036 1638 atque
1045 1536 1090 1609 ad
1098 1537 1240 1612 laudem

173 1654 354 1728 Creatoris
376 1671 412 1728 et
426 1656 588 1728 omnium
605 1679 727 1727 rerum
750 1655 836 1754 justi
860 1653 1113 1753 gubernatoris
1131 1655 1239 1730 cbro·

174 1773 370 1872 nographia
387 1772 571 1873 pangenda
598 1789 663 1845 est.
682 1773 852 1844 AEternus
875 1775 969 1845 euim
987 1772 1155 1847 conditor
1175 1801 1240 1847 us·
1340 1819 1344 1831 ι
1417 1762 1426 1781 ’

173 1888 367 1989 quemodo
383 1905 568 1988 operatur,
589 1905 626 1960 et
637 1889 757 1961 omnia
775 1889 867 1960 mire
881 1886 1060 1987 disponit3
1080 1888 1125 1961 de
1143 1893 1240 1991 cujus

172 2007 340 2104 gloriosis
356 2002 494 2079 actibus
517 2008 667 2107 quisque
688 2031 757 2104 pro
781 2032 845 2078 suo
870 2005 976 2079 libitu
1002 2023 1038 2078 et
1059 2033 1160 2107 posse
1181 2010 1239 2107 pie

171 2140 332 2221 promat,
350 2124 446 2225 quod
463 2125 495 2197 ei
512 2123 683 2196 divinitus
699 2124 908 2221 inspiratum
927 2124 1054 2196 luerit!

221 2240 267 2312 11.
288 2239 399 2315 Anno
413 2240 460 2313 ab
475 2243 722 2314 incarnatione
742 2241 889 2313 Domini
906 2255 948 2311 ΜΟ
962 2253 1021 2312 nx⁰
1036 2254 1102 2327 v10,
1123 2239 1238 2315 iudic-

173 2356 1239 2459 tionequinta,GuillelmusduxNormannorum‚deficiente

172 2476 311 2548 strenui
323 2477 416 2576 regis
429 2475 561 2576 Edguri
576 2475 700 2575 stirpe,
716 2500 797 2576 quae
816 2473 943 2548 idonea
957 2492 1045 2548 esset
1056 2475 1100 2548 ad
1117 2492 1239 2550 tenen-

172 2589 259 2664 dum
271 2607 452 2691 sceptrum
466 2595 598 2693 regale,
614 2619 697 2668 cum
708 2592 830 2665 multis
842 2592 1002 2666 millibus
1016 2610 1238 2667 armatorum

170 2707 215 2780 ad
230 2707 368 2809 Anglos
382 2709 637 2798 transfretavit,
652 2726 689 2782 et
704 2711 741 2782 iu
755 2735 882 2806 campo
897 2710 1023 2781 S'enlac
1037 2711 1239 2782 invasorem

171 2825 1238 2926 regniAlbionisllaraltlumbelloperemit.Deinde,Fraucis
1281 2860 1287 2872 ¹

170 2958 207 3013 et
230 2942 359 3042 Anglis
375 2942 668 3042 peroptantibus,
698 2944 734 3015 in
750 2941 807 3015 die
830 2941 964 3015 Natalis
980 2944 1125 3016 Domini
1143 2944 1237 3043 apud

170 3059 539 3133 Guestmouasterium
556 3060 602 3133 ab
620 3059 800 3134 Adelredo
819 3059 1036 3134 Eboracensi
1056 3061 1238 3160 archiepi-

170 3203 281 3276 scopo
298 3203 362 3252 rex
379 3195 692 3266 consumemus,
715 3203 898 3279 regnoque
919 3178 1074 3279 Anglico
1098 3203 1146 3251 xx
1168 3205 1236 3251 an-

170 3296 226 3367 nis
252 3311 289 3368 et
318 3321 386 3370 vnr
411 3295 596 3369 mensibus
625 3323 665 3368 ac
693 3320 753 3369 xvr
779 3294 904 3368 diebus
929 3297 1073 3368 sortiter
1102 3297 1236 3395 potitus

168 3427 223 3483 est
245 3414 317 3510 (r).
348 3411 583 3486 contumaces
610 3414 713 3513 regni
740 3412 831 3486 filios
861 3412 1055 3511 confregit,
1085 3412 1236 3485 vinculis

169 3528 314 3628 injecit,
334 3527 581 3620 exheredavit,
600 3530 757 3630 expulit,
773 3547 808 3602 et
825 3547 923 3602 extra
942 3530 1094 3602 limitem
1109 3528 1235 3603 natalis

169 3645 235 3718 soli
246 3645 425 3745 dispersit.
439 3647 594 3732 Clientes
608 3673 694 3722 vero
706 3674 787 3722 suos
802 3664 838 3720 et
850 3648 1004 3721 lautores
1013 3647 1232 3746 sublimavit,
1336 3646 1340 3655 ”

167 3765 307 3862 magnis
319 3763 517 3840 bonoribus
530 3766 777 3865 locupletavit,
793 3767 966 3865 regnique
980 3765 1131 3865 negotiis
1144 3790 1234 3864 prae·

168 3881 291 3955 ficiens
306 3884 559 3984 magnificavit.
578 3884 633 3957 Ex
656 3883 710 3956 his
735 3884 840 3984 Hugo
867 3882 1133 3956 Abrincatensis
1154 3882 1230 3983 (2),

167 3996 309 4071 Ricardi
326 4001 541 4100 cognomine
553 4001 627 4074 Goz
646 4000 756 4087 filius,
779 4000 872 4071 inter
890 4016 1037 4072 caeteros
1054 4014 1233 4097 magnates

165 4153 334 4163 *φ*
735 4153 831 4161 -ηιυ-
1036 4150 1223 4160 ——--——·-

202 4225 241 4294 (r)
254 4224 290 4277 25
302 4220 450 4279 decembre
467 4221 568 4297 10669
580 4219 737 4294 septembre
754 4219 831 4292 1087.

203 4317 244 4388 (a)
255 4320 300 4372 Aa
313 4313 386 4387 sujet
398 4312 434 4369 de
446 4331 478 4369 ce
491 4312 632 4385 seigneur,
646 4326 727 4383 voyez
740 4307 875 4364 ci-dessus
889 4317 908 4361 t.
923 4307 967 4373 ΙΙ,
980 4323 1008 4378 p.
1023 4321 1084 4377 2¹9·
