2872 4920
186 402 226 460 50
458 394 640 455 HISTORIA
662 392 962 454 Ecctffitasutcs.

184 530 358 602 inutiliter
382 525 607 615 diffundunt,
626 528 701 598 sine
719 525 830 600 dubio
845 526 944 598 velut
967 550 1056 624 aqua
1082 523 1242 598 defluens

184 642 494 719 irremediabiliter
518 659 715 716 transeunt.
742 643 812 714 Alii
837 667 944 732 vero,
969 642 1031 742 qui
1055 640 1243 716 heredibus

182 763 252 833 suis
268 761 430 860 ingentes
451 786 549 860 gazas
568 775 700 859 augent
720 775 755 831 et
777 775 979 847 reservant,
1000 745 1241 856 prohdolor!

180 893 411 977 augmentum
430 877 577 949 malitiae
603 876 824 976 miseriaeque
843 874 909 947 sibi
935 875 1117 948 multoties
1133 901 1243 949 accu-

180 994 340 1080 mulant,
360 1009 532 1092 natosque
545 1019 625 1065 suos
641 991 685 1065 ad
698 992 895 1064 multorum
906 990 1119 1063 detrimenta
1133 990 1244 1063 soler·

181 1125 237 1180 ter
253 1107 419 1181 educant.
448 1108 517 1206 lpsi
535 1107 632 1179 enim
651 1106 754 1179 furtis
775 1122 811 1178 et
831 1103 1101 1204 rapacitatibns,
1118 1102 1243 1177 multi·

179 1223 366 1326 modisque
376 1225 546 1325 nequitiis
555 1250 783 1323 summopere
798 1223 1011 1312 inserviunt,
1026 1223 1241 1323 meritoque,

179 1344 411 1444 malignitatis
421 1370 494 1416 snae
506 1343 624 1441 dignis
636 1341 834 1416 ultionibus
844 1341 1018 1429 mulctati,
1030 1338 1242 1439 depereunt.

181 1461 239 1533 Sic
256 1485 385 1560 nempe
402 1460 444 1532 fit
460 1476 501 1531 ut
519 1484 585 1532 nec
610 1459 726 1548 coelo,
751 1483 818 1532 nec
842 1474 937 1530 terra
957 1456 1057 1556 digni
1075 1455 1245 1556 judicen-

181 1593 254 1665 tur,
277 1591 314 1648 et
329 1576 467 1673 amplos
492 1576 645 1648 honores
663 1576 794 1673 ingrati
812 1598 1024 1646 successores
1040 1571 1246 1670 adipiscan-

180 1709 255 1783 tur,
273 1709 310 1765 et
325 1709 582 1779 antecessores,
599 1693 659 1792 qui
677 1691 796 1789 pravis
811 1688 999 1763 heredibus
1015 1690 1143 1762 nimias
1159 1714 1248 1789 opes

177 1815 475 1909 procuraverint,
497 1838 516 1882 a
535 1811 657 1882 multis
672 1809 945 1881 maledicantur.

228 1923 373 1997 Providi
396 1922 564 2023 sophistas
586 1924 630 1996 de
658 1950 861 1996 mammona
893 1923 1088 2022 iniquitatis
1113 1921 1248 1995 amicos

181 2042 247 2115 sibi
275 2043 430 2131 faciunt3
455 2044 538 2142 qui,
562 2043 648 2114 dum
670 2043 823 2114 carnalia
848 2065 974 2114 eorum
998 2039 1042 2111 ad
1060 2039 1250 2137 praescutis

180 2161 264 2232 vitoe
277 2160 573 2231 sustentationem
590 2160 809 2257 percipiunt,
825 2159 961 2231 meritis
974 2175 1011 2229 et
1023 2154 1250 2233 orationibus

181 2274 379 2373 spiritualia
392 2273 679 2347 benefactoribus
695 2274 765 2346 suis
783 2274 821 2347 in
837 2290 1013 2345 aeternum
1033 2270 1246 2370 rependant.

183 2391 383 2491 Bajocensis
395 2389 568 2464 Ebrnllus
582 2416 808 2489 summopere
821 2392 887 2463 sibi
904 2390 1115 2490 perquisivit
1139 2388 1250 2463 debi-

186 2524 281 2582 tores
305 2505 572 2608 hujuscemodi3
599 2506 643 2579 de
667 2509 764 2607 cujus
780 2509 855 2607 jam
880 2506 987 2580 rebus
1013 2509 1049 2578 in
1078 2508 1247 2604 praesenti

185 2625 357 2724 opusculo
368 2622 525 2723 plurima
541 2624 662 2697 retuli.
683 2623 825 2697 Amodo
840 2624 884 2697 de
902 2624 978 2722 ipso
995 2638 1095 2722 patre
1108 2622 1245 2711 ordiar,

185 2756 221 2812 et
233 2741 307 2841 ejus
319 2755 434 2840 gesta,
450 2740 543 2812 sicut
559 2766 579 2812 a
594 2739 719 2838 priscis
737 2740 871 2836 scripto
895 2765 955 2814 seu
975 2738 1151 2812 relatione
1171 2755 1250 2812 tru-

186 2857 336 2946 duntur,
360 2853 521 2928 breviter
544 2881 754 2957 prosequar,
776 2872 812 2928 et
829 2856 939 2928 vitam
961 2857 1034 2954 ejus
1052 2856 1106 2954 (ι)
1127 2853 1174 2928 ad
1188 2879 1251 2931 re-

189 2973 381 3044 lectionem
400 2971 597 3071 legentium
614 2971 672 3045 liic
685 2972 733 3046 ita
750 2973 907 3046 inserere
919 2973 1029 3044 nitar.

242 3088 307 3159 tx.
329 3117 348 3156 a
367 3088 590 3161 Venerabilis
607 3089 716 3188 igitur
731 3105 833 3186 pater
848 3088 1039 3176 Ebrullus‚
1058 3087 1252 3163 admodum

228 3442 267 3510 (ι)
279 3439 359 3496 Cette
367 3437 485 3510 legende
494 3436 530 3493 (le
539 3438 611 3492 saint
623 3425 736 3495 Erroult
746 3450 788 3494 est
798 3439 863 3494 hieu
876 3439 1025 3495 iuferieune
1037 3459 1100 3495 sous
1112 3440 1140 3496 le
1151 3440 1256 3499 double

195 3540 310 3603 rapport
321 3528 356 3584 de
370 3528 552 3585 l'aucieunete
566 3538 594 3583 et
606 3526 641 3583 de
654 3528 680 3584 la
692 3529 823 3603 critique,
838 3532 853 3585 e
867 3528 934 3585 celle
943 3548 997 3604 que
1011 3529 1145 3586 Mabillon
1167 3551 1182 3586 a
1201 3551 1255 3607 pu·

194 3619 266 3674 bliee
284 3619 353 3673 dans
366 3617 404 3673 les
421 3621 497 3674 Acta
513 3619 564 3674 SS.
586 3617 655 3672 ord.
678 3619 707 3674 S.
726 3619 884 3688 Benedicti,
901 3618 990 3673 saecul.
1013 3637 1035 3686 1,
1054 3619 1163 3692 d’apres
1182 3619 1257 3678 deux

196 3708 359 3762 manuscrits
372 3707 411 3762 du
430 3709 483 3762 Bec
500 3719 529 3763 et
549 3707 584 3761 de
598 3708 732 3763 Conches.
746 3708 812 3763 C’en
823 3719 864 3763 est
878 3709 1032 3782 cependant
1043 3708 1069 3762 la
1085 3711 1165 3783 copie
1178 3711 1254 3768 litte-

197 3796 253 3851 rale
264 3813 336 3868 pour
347 3805 410 3850 tous
421 3796 459 3851 les
469 3799 561 3870 points
570 3799 608 3852 οὺ
617 3797 682 3852 elles
695 3815 724 3852 se
733 3809 921 3854 rencontrent.
935 3799 998 3854 Afin
1009 3798 1045 3853 de
1056 3800 1194 3857 mettrele
1203 3801 1258 3859 let·

198 3896 260 3941 teur
272 3886 393 3956 eportee
406 3885 441 3940 de
452 3885 608 3960 distinguer
618 3887 657 3942 du
670 3888 790 3961 premier
802 3906 874 3962 coup
890 3888 966 3943 d'oail
979 3889 1019 3945 les
1031 3889 1258 3966 interpolatione,

197 3992 267 4029 nous
285 3972 426 4048 placerons
447 3986 526 4031 entre
538 3977 610 4032 deux
624 3977 780 4053 guillemets
800 3978 843 4034 les.
853 3980 1038 4054 paragraphes
1050 3986 1258 4054 apparteuaute

197 4065 223 4119 la
235 4064 351 4138 legende
367 4064 502 4137 originale
516 4077 545 4122 et
559 4085 627 4122 nous
640 4070 800 4140 separemus
813 4088 863 4142 par
871 4069 921 4124 des
932 4071 1110 4143 parentheses
1124 4070 1164 4127 les
1179 4071 1258 4129 adei·

199 4156 272 4211 tium
283 4173 320 4209 ou
333 4153 372 4209 les
384 4155 520 4210 variantes
536 4173 590 4230 que
604 4174 647 4212 ces
662 4158 765 4214 memes
778 4160 962 4232 paragraphes
974 4163 1179 4233 presentarunt.
