2888 4934
231 391 294 453 566
502 388 687 449 HISTORIA
708 388 1019 452 ECCLESIASTICA.
1047 396 1201 471 [intonso
1214 395 1314 472 1097]

232 520 276 595 ed
298 534 442 619 portam
467 520 620 593 civitatis
643 523 820 620 persecuti
837 539 934 595 sunt.
957 522 1094 599 Deinde
1108 524 1312 601 Balduinus

233 639 331 712 illico
344 637 415 710 suis
428 637 531 737 jussit
546 652 587 709 ut
606 638 738 711 ibidem
757 641 913 713 tentoria
930 639 1103 739 figerent,
1123 657 1162 715 et
1177 641 1312 716 urbem

233 755 455 831 obsiderent.
473 757 515 829 In
532 755 624 833 urbe
641 782 728 831 vero
753 759 888 831 multus
908 784 995 832 mox
1010 760 1183 859 strepitus
1203 786 1314 835 exor-

234 891 290 948 tus
308 891 376 961 est,
394 890 431 948 et
452 874 607 974 populus
623 874 791 948 inunum
808 876 966 977 undique
981 894 1225 978 congregatus
1241 897 1310 953 est.

282 994 385 1066 Tunc
399 992 543 1084 Tobios,
559 992 608 1068 de
618 993 844 1092 primoribus
857 994 1011 1068 civitatis
1022 996 1216 1084 maximus,
1232 998 1283 1074 ait
1299 1026 1311 1070 s

238 1110 270 1183 0
287 1111 372 1184 boni
389 1117 500 1201 cives,
512 1112 711 1213 paulisper
724 1113 917 1211 quiescite,
933 1139 1075 1213 quceso,
1093 1132 1130 1185 et
1140 1138 1214 1212 ego
1228 1141 1313 1187 cum

234 1228 349 1302 tribus
362 1228 624 1302 contribulibus
638 1231 728 1302 meis
740 1229 849 1302 modo
865 1232 1030 1304 Francos
1046 1230 1178 1322 adibo,
1195 1248 1233 1303 et
1246 1259 1315 1304 cur

235 1346 282 1418 ab
295 1345 369 1418 illis
385 1346 598 1418 obsidemur
611 1343 815 1445 indagabo.
835 1345 998 1439 Quatuor
1017 1347 1130 1447 igitur
1146 1348 1314 1445 optima-

235 1479 288 1538 tes
305 1462 407 1536 urhis
425 1462 555 1562 egressi
574 1479 676 1551 sunt,
695 1479 730 1536 et
755 1489 895 1536 seusam
920 1480 994 1536 tam
1013 1464 1219 1561 repentinae
1240 1462 1316 1538 ob-

234 1578 382 1654 sidionis
409 1580 664 1680 inquisierunt.
687 1577 882 1652 Balduinns
905 1577 1093 1677 respondit
1120 1609 1130 1651 :
1157 1580 1315 1652 Fratres

234 1723 333 1771 meos
358 1715 392 1769 et
413 1701 552 1770 amicos
569 1715 603 1769 et
619 1696 776 1770 nobilem
794 1699 997 1770 exercitum
1016 1696 1316 1770 Christianorum

237 1817 276 1887 in
297 1815 432 1890 Cilicia
446 1814 576 1886 dimisi
588 1831 622 1886 et
640 1841 724 1887 cum
740 1839 799 1886 coc
814 1814 989 1886 militibus
1005 1816 1162 1911 egregiis
1180 1817 1319 1887 servire

236 1931 342 2007 vobis
356 1931 428 2005 hue
441 1933 592 2022 adveni,
613 1950 647 2004 ct
659 1930 763 2004 uobis
775 1931 934 2033 ducique
950 1948 1069 2005 uestro
1082 1933 1122 2003 in
1137 1931 1313 2004 omnibus

234 2065 490 2152 propugnator
492 2048 626 2144 fidelis
643 2049 762 2120 extiti.
787 2049 991 2120 Christiani
1004 2075 1071 2146 pro
1088 2073 1216 2120 amore
1233 2075 1312 2120 meo

238 2165 370 2238 limites
382 2184 515 2238 vestra
533 2167 697 2265 regionis
714 2165 926 2264 contingere
943 2165 1164 2249 ueritisunt,
1184 2163 1313 2237 nulla-

237 2283 438 2381 quemodo
469 2283 647 2355 damnum
678 2282 831 2388 aliquod
853 2282 961 2355 uobis
988 2281 1198 2356 intulerunt.
1225 2283 1313 2381 Ego

239 2427 321 2473 cum
349 2404 436 2472 meis
465 2415 594 2473 contra
609 2401 794 2498 finitimos
818 2399 934 2472 hostes
960 2401 1095 2472 acriter
1111 2399 1311 2499 praliatus

239 2544 341 2607 sum,
358 2533 393 2588 et
408 2517 456 2592 de
474 2518 635 2589 inimicis
650 2520 782 2590 vestris
790 2576 801 2608 ,
821 2517 876 2589 ad
888 2534 1046 2591 uestram
1057 2543 1192 2618 pacem
1206 2532 1242 2587 et
1259 2542 1312 2587 se·

240 2639 429 2709 caritatem
437 2689 450 2722 ,
454 2633 717 2734 frequentibus
740 2633 926 2735 triumphis
937 2637 1076 2735 potitus
1100 2660 1195 2707 sum.
1218 2634 1312 2706 Hac

238 2752 371 2853 procul
386 2750 500 2825 dubio
518 2778 585 2825 uos
607 2752 678 2852 ipsi
691 2752 837 2824 uldistis
844 2808 857 2841 ,
878 2767 913 2824 et
931 2778 997 2824 uos
1013 2753 1171 2824 veridici
1182 2751 1313 2823 horum

240 2870 362 2959 nobis,
393 2886 432 2941 ut
460 2874 604 2971 opinor,
634 2869 893 2968 astipulatores
918 2872 1028 2943 eritis.
1062 2870 1170 2969 Quid
1201 2873 1315 2966 igitur

241 3014 330 3088 rgo,
351 2990 513 3082 sociique
531 2991 602 3057 mei
620 2984 728 3058 hodie
736 2984 1001 3083 peccavimus?
1023 2987 1123 3058 Dum
1152 2985 1211 3072 ad
1232 3012 1312 3057 ues-

243 3118 336 3192 tros,
357 3102 455 3173 sicut
466 3099 545 3172 heri
559 3118 593 3177 et
611 3102 747 3174 nudius
762 3103 906 3189 tertius,
926 3100 1022 3172 lares
1036 3102 1107 3171 tuti
1122 3100 1314 3201 repedare-

243 3246 324 3292 mus
333 3275 344 3307 ,
366 3236 400 3289 et
416 3219 680 3290 commilitones
693 3219 825 3306 nostri,
842 3243 889 3288 ec
905 3218 1087 3317 insperato
1099 3219 1236 3290 strictis
1247 3243 1312 3289 nos

244 3337 298 3412 ad
313 3363 437 3410 necem
449 3339 678 3436 impetierunt
687 3334 831 3435 gladiis
847 3353 881 3407 et
893 3336 1102 3409 missilibus.
1119 3335 1200 3408 Sed
1211 3336 1314 3408 nobis

243 3458 404 3526 intanta
426 3453 638 3523 necessitate
656 3450 918 3540 resistentibus,
937 3468 972 3524 et
991 3451 1203 3523 Christiano
1219 3477 1319 3522 more⁴

243 3573 364 3657 Deum
382 3569 630 3642 invocantibus
636 3625 648 3658 ,
675 3569 854 3658 Christus,
872 3576 970 3641 Deus
984 3584 1118 3657 noster,
1138 3572 1202 3668 qui
1218 3593 1314 3639 sem-

241 3689 390 3788 persuis
398 3704 588 3789 promptus
601 3687 832 3786 adjutorest,
846 3687 948 3761 nobis
962 3686 1009 3759 de
1022 3685 1112 3757 caelo
1124 3686 1313 3757 aue-ilium

240 3804 542 3905 praestolantibus
548 3803 709 3877 celeriter
716 3806 926 3876 auxiliatus
935 3821 1000 3878 est.
1013 3803 1316 3904 Commonipulu·

246 3948 302 3997 res
312 3927 436 4009 nostri,
449 3925 513 4021 qui
522 3949 586 3994 nos
598 3922 774 3995 hostiliter
784 3927 950 4022 aggressi
959 3938 1057 4012 sunt,
1068 3947 1177 3994 arma
1189 3938 1317 3995 nostra

245 4065 311 4140 pro
334 4038 528 4119 animabus
554 4042 682 4112 nostris
708 4058 834 4113 exerta
856 4057 1126 4142 persenserunt,
1152 4056 1187 4110 et
1212 4056 1317 4138 terga

248 4155 587 4255 dantesfugerunt,·
606 4187 653 4228 ea·
669 4158 801 4255 qru‘bus
815 4159 1007 4249 nonnulli,
1034 4175 1072 4231 ut
1093 4157 1218 4232 videre
1236 4183 1316 4258 po-
