2888 4934
184 428 292 509 [rosor
569 425 685 487 non
705 427 864 489 sexsus.
1059 495 1061 498 ,
1207 430 1246 489 ss

183 558 282 658 quasi
295 573 481 632 mortuum
491 555 721 658 jomdeflere.
737 558 820 633 Ana
833 578 920 633 voce
935 558 1031 633 reiut
1042 585 1163 633 amens
1179 561 1248 634 cla·

183 675 319 762 mebot,
334 691 467 749 etcum
480 675 604 749 munis
616 674 758 750 fletibus
770 677 919 778 ejulans,
934 675 1076 750 dicebas
1088 707 1096 748 ι
1109 678 1189 751 Fili
1198 688 1248 751 mi

182 791 368 888 Raduffe,
395 793 539 893 qualem
557 798 697 896 eoepistt'
710 821 786 869 non
803 793 991 884 militiam,
1012 794 1079 868 sed
1098 795 1249 870 demen-

133 968 136 978 .
184 913 277 987 tiam
289 909 482 985 exercere?
495 910 778 987 Detestabilibus
789 909 998 1014 pedagogis
1010 940 1141 1013 prove,
1157 917 1248 1014 proh

183 1028 308 1104 dolor!
330 1031 506 1128 agitarit,
530 1055 681 1129 quorum
704 1028 874 1130 Ietinsen's
892 1031 1173 1133 sophismatibus
1191 1039 1250 1107 in-

184 1145 283 1221 sulse
310 1173 410 1220 nune
435 1146 642 1239 seduceris,
673 1165 707 1220 et
725 1147 1012 1252 inhoratinum
1036 1150 1251 1250 perditionis

183 1263 437 1339 miserabiliter
458 1262 625 1337 tmheris.
657 1262 690 1337 Ο
712 1291 825 1363 quam
848 1267 947 1338 triste
967 1264 1058 1338 milri
1077 1271 1250 1341 nuncium

185 1382 315 1454 nnsisti
324 1434 335 1469 ,
358 1407 537 1482 quamque
556 1380 727 1457 acerbum
745 1381 836 1455 milti
854 1408 1038 1456 rnoerorem
1058 1388 1251 1484 peperisti!

188 1499 346 1601 Decepte
363 1502 503 1600 juvenis
509 1555 522 1588 ,
553 1499 647 1598 quid
671 1499 739 1572 tibi
763 1499 918 1574 dt'eom?
947 1501 1123 1600 Nequiter
1148 1505 1253 1604 inju-

187 1616 320 1691 riando
346 1622 516 1691 inermem
532 1614 727 1717 jamnium
754 1618 908 1709 Christi,
936 1615 1159 1719 mortfferam
1190 1621 1256 1694 tibi

187 1733 425 1834 dejectiorwm
441 1737 682 1836 promeruisti.
699 1736 780 1808 Fiti
797 1739 850 1808 mi
870 1735 1057 1835 Radrtfir,¹
1076 1736 1166 1839 quid
1184 1739 1254 1812 de-

189 1852 405 1928 bacchando
408 1851 560 1953 jecisti,
578 1857 644 1954 qui
656 1853 861 1953 primordia
877 1872 950 1927 ture
966 1857 1107 1928 militia
1129 1874 1256 1930 contra

192 1970 477 2072 Omnipotentem
488 1971 715 2046 exercuisti?
731 1973 825 2045 Nori
834 1977 1030 2047 certissime
1043 1974 1145 2074 quod
1157 1973 1258 2046 breve

188 2086 370 2183 gaudium
387 2106 423 2161 et
442 2089 589 2185 longam
611 2091 796 2163 tristitiam
815 2089 985 2162 habitunt
1006 2118 1088 2164 sum
1101 2116 1174 2192 pm
1194 2105 1257 2163 tuo

177 2200 368 2303 facinore.
397 2205 531 2303 Nonne
554 2233 678 2281 omnes
699 2206 862 2280 doctores
879 2212 1020 2308 pariter
1038 2223 1256 2296 consonant,

190 2339 223 2395 et
242 2348 324 2395 -una
352 2350 443 2397 voce
460 2327 605 2425 passim
628 2324 842 2426 prredioant
860 2323 961 2424 quod
986 2324 1197 2398 Altissimus
1221 2329 1259 2397 in

192 2438 341 2513 Sanctis
365 2442 442 2513 suis
466 2438 630 2533 habitat,
658 2458 692 2514 et
718 2467 802 2515 eum
829 2445 880 2513 eis
906 2441 992 2514 lata
1017 2440 1078 2513 oel
1104 2438 1260 2513 adverso

187 2556 249 2658 pie
281 2556 442 2632 tolerat?
474 2562 674 2650 Succurre,
703 2576 826 2661 pater,
864 2560 1061 2632 insanienti
1082 2556 1169 2661 filio
1179 2613 1192 2646 ,
1229 2573 1262 2628 et

191 2675 291 2748 omni
321 2674 473 2748 elaboro
502 2676 623 2748 studio
653 2693 692 2748 ut
724 2675 844 2748 ablati
873 2673 1085 2775 cornipedes
1118 2670 1264 2768 lugubri

192 2790 395 2864 redduntur
415 2790 618 2880 monadum·
640 2819 686 2864 ne
705 2797 832 2865 unicus
842 2791 949 2890 filius
974 2807 1057 2862 tuus
1076 2803 1263 2888 protento

191 2906 327 3005 scelere
345 2915 470 2981 statim
494 2909 664 2981 tradatur
687 2908 885 2981 doemonio.
910 2907 968 2980 sic
991 2903 1160 3009 prudenti
1182 2928 1263 2975 ma-

191 3018 299 3115 trona
319 3049 388 3121 pro
415 3025 528 3099 salute
545 3023 610 3098 filii
637 3026 878 3124 supplicante,
898 3022 1186 3123 monachumque
1198 3019 1264 3094 de-

189 3140 350 3215 toietnm
378 3140 534 3217 fideliter
568 3143 727 3218 mulcere
750 3158 952 3244 satagente,
977 3141 1147 3216 Albertus
1181 3164 1263 3213 cum

190 3258 294 3331 omni
308 3259 444 3331 familia
460 3285 520 3332 sua
533 3278 735 3335 commotus
752 3262 992 3351 contremuit,
1012 3260 1145 3333 mulam
1164 3283 1263 3330 suam

190 3369 557 3468 monacho'tradidit,
574 3379 843 3478 armigerosque
854 3404 935 3451 suos
943 3376 1025 3451 cuni
1039 3376 1103 3450 illo
1115 3371 1265 3467 Breher·

190 3491 355 3590 vallum(
361 3492 397 3590 ι)
410 3490 623 3584 destinavit,
636 3491 822 3593 filiumque
833 3519 956 3583 suum,
968 3508 1010 3563 ut
1023 3494 1055 3563 ei
1073 3492 1150 3563 sine
1161 3514 1263 3561 mora

191 3630 349 3710 quoeque
365 3607 483 3682 ablata
499 3606 643 3684 fuerant
664 3610 849 3699 redderet,
870 3609 1025 3682 terribili
1042 3606 1264 3710 adjuratione

192 3723 415 3814 obtestatus,
442 3728 671 3802 constrinxit.
698 3726 940 3801 Guitmundus
970 3727 1088 3828 itaque
1114 3723 1266 3823 receptis

193 3842 295 3941 equis
306 3842 475 3917 Pnoeium
487 3845 678 3931 remeavit,
702 3844 852 3918 Alberto
871 3861 908 3918 et
925 3843 1031 3917 uxori
1045 3844 1119 3944 ejus
1134 3838 1265 3942 gratias

194 3959 288 4059 egit,
304 3987 323 4032 a
340 3984 415 4062 quo
432 3974 585 4064 uterque
596 3963 736 4035 veniam
749 3986 819 4061 pro
834 3962 1024 4035 commisso
1038 3960 1267 4057 reatnpostu·

234 4219 394 4289 (Miseret.

277 4334 334 4383 ιιι.
1099 4314 1119 4383 3
