2888 4934
295 448 356 507 sse
573 443 760 504 rusroun
783 441 1092 503 recensuerim.
1164 445 1264 520 [amo
1284 444 1370 520 roua]

296 576 576 650 Alexandrotam
606 579 662 676 (ι)
691 590 903 662 secesserat,
935 571 1209 648 convalescendi
1231 574 1367 672 gratia.

293 695 405 793 liujus
416 692 573 766 reditum
584 718 709 765 omues
723 690 973 790 expectabant,
986 706 1111 789 utpote
1122 714 1237 790 quem
1249 714 1370 762 omnes

293 814 447 911 majores
469 811 598 884 ducem
622 827 658 883 et
680 804 927 885 consiliarium
949 808 1017 881 sibi
1041 809 1318 907 praefecerant(
1340 810 1368 906 ).

293 929 384 1002 Erat
407 929 505 1002 enim
522 927 712 1015 facundus,
739 945 775 1001 et
797 927 988 1027 singularis
1008 926 1182 1000 scientiae.
1204 927 1293 1014 llic,
1312 924 1369 997 ubi

293 1048 431 1120 Turcos
456 1047 638 1120 civitatem
666 1046 951 1119 circumvallasse
969 1044 1125 1134 audivit,
1144 1043 1189 1116 de
1208 1043 1370 1116 Alexan-

293 1164 414 1254 dreta,
444 1193 525 1266 quae
554 1192 630 1238 nou
657 1165 813 1238 multum
845 1163 892 1235 ab
916 1162 1108 1236 Antiochia
1133 1178 1280 1235 remota
1299 1178 1367 1249 est,

295 1297 468 1353 montana
487 1281 641 1353 latenter
660 1279 889 1369 conscendit,
907 1296 942 1352 et
960 1280 1150 1350 innumera
1164 1279 1369 1350 Turcorum

294 1400 473 1485 tentoria,
505 1401 668 1499 ipsosque
691 1399 790 1470 velut
813 1424 961 1470 arenam
987 1399 1096 1470 maris
1126 1422 1193 1495 per
1217 1397 1367 1494 plurima

294 1515 404 1590 stadia
428 1515 580 1589 diffusos
606 1515 715 1605 vidit,
739 1533 775 1589 et
790 1517 972 1589 civitatem
990 1514 1275 1602 circumdatam,
1293 1541 1368 1585 ma-

293 1659 455 1733 numque
487 1660 636 1731 parvam
668 1631 956 1706 Christianorum
995 1632 1169 1705 inclusam
1208 1633 1365 1730 agnovit.

295 1751 416 1824 Nimio
433 1752 543 1850 igitur
556 1768 655 1823 metu
667 1776 750 1822 cum
763 1751 833 1822 suis
847 1750 1081 1848 perterritus,
1098 1750 1237 1821 cursim
1250 1748 1367 1847 sugam

294 1869 394 1958 iniit,
411 1885 446 1940 et
463 1871 674 1942 festinanter
697 1869 939 1942 clandestinus
956 1867 1134 1954 discessit,
1158 1866 1364 1939 castellum-

291 2013 362 2085 que
384 2014 487 2058 suum
513 2013 677 2059 reversus
705 1987 885 2085 sppliavit.
913 1987 1067 2085 Fugiens
1101 1986 1224 2084 itaque
1245 1982 1366 2055 Alexio

292 2102 524 2201 imperatori,
548 2105 609 2203 qui
630 2130 714 2175 cum
735 2129 866 2201 magno
878 2103 1038 2175 exercitu
1055 2103 1240 2199 suppetias
1256 2099 1367 2173 obses-

291 2221 336 2289 sis
355 2220 542 2308 veniebat,
562 2218 606 2291 ad
622 2221 873 2292 Philomenarn
894 2219 1024 2292 urbem
1044 2222 1095 2315 (ὅ)
1112 2218 1297 2305 obviavit,
1315 2219 1365 2290 ei-

291 2359 382 2432 que,
412 2360 572 2406 seorsum
605 2352 752 2421 vocato,
784 2335 906 2407 dixit:
929 2334 1166 2407 Antiochiam
1187 2351 1364 2434 procerte

293 2469 442 2551 captam
452 2450 582 2545 juisse
599 2455 740 2525 noueris
764 2481 789 2524 a
809 2451 1040 2525 Christianis.
1063 2453 1142 2524 Sed
1159 2453 1360 2538 castellam,

292 2569 394 2665 quod
414 2572 699 2642 munitissimum
723 2573 902 2670 proauiae!
924 2569 1003 2642 urbi
1011 2629 1022 2660 ,
1051 2570 1124 2641 sibi
1147 2575 1362 2640 retinuerant

295 2685 422 2757 Tusci.
440 2688 490 2758 lie
502 2713 585 2758 ecce
597 2705 736 2759 nostros
750 2692 788 2758 in
803 2687 889 2758 urbe
902 2687 1065 2759 obsident
1077 2701 1112 2758 et
1126 2701 1358 2784 expugnant,

291 2807 502 2902 ιςειιηιαὸνὶε,
517 2821 655 2893 utreor,
662 2807 747 2902 jam
755 2821 1069 2906 expugnaverunt,
1083 2819 1251 2874 etouvnes
1259 2801 1363 2873 nostri

287 2924 487 3017 perierunt.
511 2923 669 2993 Consule
685 2948 772 3021 ergo
788 2915 875 3009 tibi,
885 2939 918 2992 et
931 2924 1035 3020 genti
1047 2947 1158 3018 qrtnm
1174 2921 1359 2992 conducis.

340 3035 1362 3136 Guido,Buamundilrater,aliiquemultiFrancorumet

326 3314 364 3382 (r)
386 3312 480 3381 Voyrz
497 3311 648 3376 ci-dessus,
670 3329 698 3382 p.
713 3308 775 3365 536.
791 3310 1002 3375 Alexandrette,
1020 3309 1135 3382 appeler
1157 3329 1209 3382 par
1227 3310 1265 3364 les
1281 3311 1363 3364 Turcs

289 3402 484 3468 Scanderoun,
502 3401 595 3456 donne
609 3420 659 3454 son
674 3419 739 3454 nom
754 3419 789 3454 au
805 3401 877 3474 golle
892 3421 927 3455 au
939 3401 1008 3456 fond
1021 3400 1126 3474 duquel
1141 3400 1194 3455 elle
1209 3411 1254 3455 est
1267 3401 1361 3461 situde,

289 3510 326 3547 en
342 3492 408 3566 dcciv
423 3491 598 3545 d‘nnrioche.
614 3491 654 3545 Ce
669 3491 761 3544 devait
775 3492 834 3545 dtrc
851 3510 889 3544 un
907 3491 961 3544 lieu
979 3509 1052 3546 assez
1069 3490 1123 3545 mal
1137 3492 1229 3546 choisi
1246 3511 1315 3564 pour
1329 3490 1363 3560 s'y

291 3581 406 3635 retablir
419 3581 502 3634 ‹l'nne
516 3580 643 3635 nraladic.
658 3581 846 3651 Aujonrd¹hui
860 3580 885 3634 lo
898 3582 1038 3653 voisinage
1052 3581 1087 3635 de
1101 3582 1203 3635 urarais
1217 3582 1364 3636 insalubres

291 3671 316 3725 la
331 3672 401 3726 rand
418 3673 507 3727 vndme
523 3672 684 3726 tout-alsit
697 3671 868 3726 inhabitable
882 3671 1006 3745 pendant
1020 3671 1059 3725 les
1073 3671 1204 3727 chaleurs
1218 3672 1254 3727 de
1265 3672 1336 3725 l'ete'.

326 3764 364 3831 (a)
378 3763 456 3816 Num
465 3766 560 3816 cuncti
565 3765 707 3833 principes
718 3765 809 3816 nostri
814 3806 819 3824 ,
835 3766 976 3817 contmuni
986 3763 1101 3817 consilio
1114 3765 1201 3817 totius
1216 3765 1362 3821 everritur,

225 3884 229 3891 ‹
292 3869 334 3903 ure
347 3849 490 3904 (lentinum
503 3873 596 3919 sumn,
612 3862 695 3924 atque
709 3855 831 3905 nazarium
844 3862 955 3906 actuum
968 3872 1081 3907 suorum
1092 3855 1266 3923 provisorem
1279 3860 1304 3904 et
1316 3869 1363 3923 gn-

293 3939 481 4003 bernalorem,
499 3946 581 3996 aliam
604 3964 645 3997 me
669 3945 793 4011 nolente,
816 3947 1029 3998 corastituerunt.
1050 3943 1187 4016 Stephani
1202 3944 1316 3999 Caruot.
1335 3959 1363 3992 ac

293 4029 411 4085 lllrscns.
428 4035 537 4086 comitis
552 4034 669 4106 cpistola
681 4035 716 4088 ad
731 4034 847 4089 rldclanr
862 4053 986 4090 rixorcur.

328 4117 366 4188 (3)
379 4122 593 4188 Plrilornrliuvn,
613 4128 674 4194 pilu
689 4125 876 4179 :lulloclrctlc
