2888 4934
187 424 246 484 lll
466 423 649 482 utstottlt
673 423 981 484 ECCLESlAS'llCA.
1046 427 1258 506 [1993-1094]

185 559 299 647 laute,
323 580 490 655 guerram
515 556 675 643 iteravit,
699 572 735 627 et
756 557 998 630 munitionem
1023 558 1061 631 in
1085 559 1257 633 coenobio

184 673 468 761 monachorum,
501 672 597 773 quod
624 674 800 772 Rogerius
829 671 874 744 de
900 673 1022 746 lbreio
1051 676 1090 748 in
1119 674 1256 750 honore

183 808 316 864 sauctae
337 791 461 862 llariae
479 805 728 862 construxerat
745 792 817 887 (r),
839 789 1015 862 militibus
1030 793 1104 863 suis
1120 795 1256 865 cousti-

184 912 265 983 tuit.
284 911 400 981 Porro
418 908 582 993 Goellus,
601 909 663 1008 qui
682 933 801 979 arcem
819 907 984 996 tenebat,
1006 910 1153 1007 copiam
1168 911 1257 984 mili·

184 1047 262 1102 tum
289 1027 481 1114 conduxit,
513 1025 556 1097 ad
588 1026 823 1117 coenobium,
850 1027 948 1128 quod
976 1045 1065 1101 tuuc
1088 1030 1256 1127 spelunca

183 1147 387 1231 latronum,
405 1141 637 1243 prohdolor!
654 1142 823 1215 ellectum
837 1147 971 1234 luerat,
992 1146 1257 1246 appropinqua

182 1265 247 1350 vit,
260 1280 296 1336 et
308 1262 439 1335 aestivis
452 1260 642 1334 ardoribus
655 1263 749 1333 circa
765 1262 999 1335 Pentecosten
1013 1262 1253 1352 torrentibus,

184 1381 315 1452 acriter
329 1379 567 1478 impugnavit,
587 1380 707 1477 ignem
725 1378 860 1478 injecit,
876 1395 912 1450 et
926 1377 1094 1451 edacibus
1107 1379 1258 1452 flammis

183 1499 366 1572 basilicam
394 1515 431 1572 et
451 1498 544 1570 aedcs
566 1496 830 1569 monachorum
854 1525 937 1569 cum
961 1499 1178 1596 supellectili
1200 1525 1256 1572 sua

183 1616 417 1714 consumpsit.
442 1616 545 1686 Tuuc
567 1613 782 1685 Guillelmus
804 1614 880 1685 Alis
902 1615 976 1711 (a),
998 1629 1035 1687 et
1052 1613 1254 1705 Ernaldus,

184 1734 367 1832 Popeliuae
392 1732 486 1803 filius
512 1733 587 1828 (ὅ),
616 1732 751 1832 aliique
775 1748 858 1805 octo
882 1732 1015 1804 milites
1037 1734 1136 1832 eapti
1160 1748 1257 1819 sunt,

183 1849 246 1951 qui
265 1847 326 1921 diu
345 1848 462 1922 Goelli
484 1846 736 1920 crudelitatem
758 1850 794 1920 in
815 1852 889 1946 ejus
906 1874 1051 1921 carcere
1072 1850 1183 1920 nimis
1199 1874 1259 1922 ex-

184 1968 277 2066 perti
294 1984 391 2038 sunt.
412 1966 626 2038 Guillelmus
642 1982 763 2037 autem
780 1967 1004 2039 Britoliensis
1016 1965 1194 2066 fugiendo
1205 1968 1260 2040 rix

183 2088 310 2174 evasit,
329 2087 577 2184 ultionemque
590 2082 634 2155 de
648 2084 757 2155 tantis
773 2085 913 2184 injuriis
925 2109 1068 2157 summo
1083 2086 1167 2156 uisu
1181 2110 1259 2158 con·

185 2205 333 2302 cupivit.
344 2203 450 2275 Dives
464 2200 585 2288 herus,
602 2202 817 2272 intrinsecus
829 2200 1081 2274 uimiodolore
1092 2217 1256 2301 punctus,

183 2320 402 2393 irascebatur
418 2318 516 2417 quod
536 2319 646 2389 homo
668 2344 751 2389 suus
768 2334 894 2390 contra
922 2343 958 2389 se
977 2333 1077 2389 tanta
1099 2318 1136 2388 vi
1160 2341 1257 2418 gras·

183 2437 341 2525 sabatur,
367 2453 403 2508 et
424 2437 517 2508 vires
537 2438 610 2534 ejus
629 2461 694 2534 per
715 2454 786 2507 tres
807 2463 921 2508 annos
946 2433 1257 2534 redemptionibus

184 2571 394 2654 captorum,
425 2553 619 2652 spoliisque
645 2555 854 2652 pagensium
882 2553 988 2624 nimis
1015 2552 1254 2652 augebantur.

217 2876 256 2943 (t)
272 2872 405 2943 L’abbaye
417 2871 514 2937 d'Ivri,
533 2869 634 2924 sondec
646 2888 681 2923 en
698 2889 774 2944 1071,
790 2889 840 2943 par
852 2869 947 2944 Rogcr
958 2871 1056 2937 dunt,
1072 2871 1214 2926 echanson
1225 2868 1255 2925 de

183 2961 579 3033 Guillaume-le-Couqucrant
594 2971 622 3013 et
638 2960 742 3030 geudre
758 2960 793 3014 de
807 2961 912 3033 Hugue
925 2961 960 3015 de
973 2960 1196 3018 Greutemesnil.

218 3053 257 3121 (α)
271 3050 433 3104 Guillaumc
447 3049 520 3116 Alis,
538 3049 623 3103 rassal
637 3049 685 3102 des
702 3051 846 3122 seigneurs
861 3051 895 3104 de
911 3051 1043 3105 Breteuil.
1060 3054 1145 3107 Cette
1159 3050 1253 3107 latnille

182 3144 254 3195 avait
268 3141 362 3195 donoc
376 3159 427 3195 sou
442 3158 506 3194 nom
520 3159 554 3194 au
570 3139 677 3194 ruoulin
691 3141 763 3206 Alis,
782 3142 853 3196 situe'
865 3140 933 3195 dans
948 3140 973 3196 le
984 3144 1129 3198 territoire
1144 3141 1181 3197 de
1192 3142 1252 3197 Bre-

182 3232 259 3288 teuil.
274 3233 351 3286 Nous
364 3232 469 3285 scrions
480 3234 556 3285 teutc'
564 3230 599 3285 de
611 3231 636 3285 la
647 3232 737 3286 croire
751 3231 895 3305 identique
904 3250 968 3286 avec
978 3231 1045 3286 celle
1057 3232 1108 3287 des
1117 3234 1251 3305 seigneuts

182 3323 217 3378 dc
229 3321 432 3396 Sacqueuville,
448 3341 494 3375 car
506 3323 612 3375 ceux-ci
630 3321 803 3393 posse'daieut
820 3325 835 3376 a
853 3322 1045 3391 Carentoune,
1061 3326 1128 3396 prbe
1145 3324 1249 3387 Bermi,

183 3433 220 3468 uu
229 3425 309 3468 autre
319 3412 425 3467 moulin
434 3412 515 3485 qu'ils
523 3412 663 3485 appellent
671 3414 753 3475 aussi,
766 3413 834 3467 dans
844 3433 899 3468 une
907 3416 1004 3468 charte
1014 3414 1049 3468 de
1059 3415 1143 3491 1267:
1156 3416 1250 3470 molen·

182 3505 279 3559 diuum
288 3505 372 3578 Alys.
384 3503 461 3557 Nous
471 3521 591 3576 pensons
602 3522 657 3576 que
669 3502 832 3557 Guillaurne
842 3503 901 3558 Alis
912 3516 952 3558 est
966 3505 990 3558 le
1002 3505 1094 3559 rueme
1106 3508 1156 3580 qui
1170 3506 1249 3578 ligure

181 3595 250 3649 dans
264 3597 290 3649 lc
306 3594 470 3667 Douresday
485 3594 562 3649 Book
575 3613 684 3648 comme
699 3605 796 3648 tenens
809 3599 838 3649 iu
851 3599 950 3667 capite.
968 3597 1023 3651 Sur
1036 3615 1068 3650 cc
1084 3611 1249 3670 personnage

181 3696 209 3740 ct
222 3697 294 3740 cctte
310 3686 427 3750 sarnille,
444 3705 526 3758 voycz
541 3685 689 3752 ci-‹lessus,
706 3696 725 3738 t.
740 3685 783 3752 ll,
800 3707 828 3757 p.
845 3691 906 3760 407.

216 3776 254 3847 (5)
273 3781 361 3831 Autre
376 3778 459 3830 vassal
475 3777 523 3831 dcs
538 3778 681 3847 seignours
698 3775 732 3828 do
750 3776 882 3830 llretouil.
899 3776 946 3831 On
961 3777 1019 3829 voit
1035 3776 1142 3849 figuret·
1157 3781 1172 3830 t
1187 3777 1249 3830 deor

184 3868 315 3939 repriseS,
338 3866 406 3920 daus
423 3866 447 3920 la
470 3867 574 3939 grande
594 3868 690 3921 clrartr
709 3868 744 3921 ‹lc
767 3868 841 3927 lire.
867 3867 1249 3939 E1·naud‚srls‹lePopeliue

182 3955 411 4028 (probablerucnt
424 3959 489 4028 pere
503 3955 537 4009 dc
551 3946 694 4026 celui-ci),
710 3977 817 4011 couuue
831 3958 969 4011 donateur
982 3957 1017 4010 dc
1029 3956 1134 4029 l'e'glise
1146 3959 1181 4012 de
1193 3958 1250 4011 Cor

182 4046 274 4109 ueuil,
295 4045 329 4100 dc
348 4045 373 4099 la
394 4046 469 4101 ‹ttme
486 4047 524 4100 du
544 4048 731 4102 Bois-Pautou
746 4059 774 4101 ot
789 4047 823 4102 de
844 4047 913 4102 cello
934 4048 972 4101 du
990 4043 1248 4121 Champ-Donainel.

184 4137 260 4191 Nous
274 4153 392 4208 pensons
406 4154 461 4208 quc
474 4155 517 4190 ces
527 4138 641 4191 Ernaud
652 4150 717 4193 sont
727 4139 766 4192 les
776 4139 880 4193 menies
890 4140 938 4211 qui
950 4150 1000 4192 ont
1009 4139 1127 4210 possede‘
1140 4138 1166 4191 le
1182 4137 1248 4191 Bois-

183 4226 298 4281 Aruautl
313 4226 323 4295 (
331 4225 438 4280 Boscus
453 4228 482 4280 E
484 4227 616 4299 raaudi),
634 4238 661 4282 ct
678 4227 716 4280 lui
732 4239 783 4282 out
797 4227 890 4281 donne
903 4226 964 4281 leur
979 4245 1055 4280 noni.
