2888 4934
182 442 348 519 [tlt-560]
566 437 857 500 tinsnsaxrns.
1200 448 1235 506 51

185 569 298 643 nobili
321 584 421 643 ortus
444 570 626 668 prosapia,
642 569 855 668 Bajocasinae
877 569 976 641 urbis
997 571 1170 644 oriundus
1185 576 1240 672 (i)

184 688 316 760 extitit.
329 687 444 778 Quem
454 702 618 784 parentes
630 687 737 758 nimia
750 686 938 758 educantes
951 715 1046 773 cura,
1058 688 1242 765 catholicas

185 802 266 876 fidei
279 804 483 902 magisterio
495 802 731 875 tradiderunt.
743 803 809 895 Qui
823 804 915 876 mira
927 803 1114 877 velocitate
1123 806 1242 880 divina

187 937 224 993 et
240 920 393 992 bumana
410 919 603 1017 diligenter
621 945 834 1017 percurrens
851 919 982 1008 studia,
1002 921 1109 993 etiam
1131 922 1245 996 adhuc

188 1061 277 1134 puer
292 1038 385 1135 ipsos
395 1035 582 1135 magistros
592 1035 724 1108 dicitur
737 1036 952 1132 praecessisse
968 1035 1145 1110 doctrina.
1165 1039 1247 1111 Coe·

190 1153 284 1226 lestis
301 1153 398 1225 enim
418 1152 549 1250 gratia,
574 1179 655 1252 quoe
671 1151 736 1225 sibi
755 1177 836 1223 eum
861 1153 1043 1251 religionis
1063 1153 1245 1228 doctorem

189 1272 352 1344 lutumm
364 1268 597 1368 praeviderat,
618 1269 653 1340 in
671 1268 838 1341 omnibus
851 1269 1085 1342 efficacissime
1098 1270 1250 1343 docilem

192 1387 408 1462 reddiderat.
422 1387 546 1486 Neque
559 1412 602 1458 ex
617 1388 803 1460 insolentia
822 1387 837 1482 (
843 1403 881 1458 ut
898 1412 976 1459 mos
988 1404 1041 1459 est
1058 1387 1160 1483 hujus
1173 1406 1253 1460 aeta·

196 1506 258 1597 tis)
276 1505 427 1603 superbe
445 1504 580 1604 aliquid
599 1502 757 1603 agendo,
773 1519 881 1575 tantae
898 1503 1027 1577 indolis
1040 1505 1253 1603 dignitatem

197 1619 388 1695 inficiebat.
414 1621 526 1694 Vultu
549 1619 722 1719 siquidem
744 1618 947 1716 spectabilis
968 1636 1004 1691 et
1025 1619 1175 1717 (allatu)
1200 1622 1255 1718 (al

195 1734 326 1824 dulcis,
346 1738 435 1809 nulli
448 1737 591 1809 levitate
607 1736 725 1834 aliqua
740 1733 911 1806 existebat
926 1736 1055 1832 gravis.
1068 1735 1135 1827 Qui
1151 1735 1256 1832 (sicut

196 1851 414 1949 dictumest)
432 1851 628 1925 nobilitatis
645 1850 806 1948 lampade
819 1850 952 1936 clarus,
969 1850 1180 1923 immortalis
1191 1852 1255 1924 Dei

194 1970 268 2067 jam
285 1984 390 2042 notus
402 1968 655 2067 praescientiae,
674 1993 759 2039 mox
776 1967 934 2038 innotuit
947 1967 1165 2065 (clothario)
1181 1971 1256 2067 regi

200 2085 296 2182 (lilio
325 2085 514 2170 Clodovei,
543 2086 603 2185 qui
631 2084 768 2182 primus
797 2107 840 2156 ex
865 2083 1008 2182 regibus
1035 2084 1259 2156 Francorum
1347 2164 1350 2170 ,

200 2198 419 2274 Christianus
437 2200 547 2272 lactus
566 2215 637 2286 est,
662 2213 699 2271 et
719 2225 737 2271 a
761 2198 867 2271 beato
882 2198 1047 2297 Remigio
1063 2200 1261 2273 Remorum

201 2317 467 2415 archiepiscopo
481 2344 562 2389 cnm
580 2316 695 2389 tribus
708 2314 884 2389 nobilium
894 2314 1055 2388 millibus
1065 2315 1261 2414 baptizatus

201 2436 289 2532 est).
307 2433 376 2525 Qui
393 2432 616 2529 comperiens
630 2432 730 2530 quis,
751 2431 806 2502 vel
823 2432 920 2529 cujus
938 2429 1135 2506 nobilitatis
1154 2447 1259 2518 esset,

203 2551 301 2623 illico
315 2550 521 2648 praesentari
536 2547 601 2621 sibi
617 2574 699 2621 eum
710 2548 825 2647 jubet,
840 2547 1059 2646 condignum
1072 2551 1149 2623 sore
1166 2548 1263 2648 diju-

202 2665 341 2751 dicans,
361 2682 518 2761 utquem
534 2667 665 2736 mentis
680 2665 777 2736 nitor
789 2664 984 2750 extulerat,
1004 2662 1183 2763 regalibus
1195 2665 1263 2735 mi-

203 2782 359 2855 nisteriis
371 2779 579 2853 deserviret.
590 2780 659 2851 Per
673 2778 882 2855 humilitatis
892 2795 1014 2851 autem
1023 2780 1178 2853 officium
1189 2797 1265 2851 tan-

205 2913 276 2971 tam
306 2899 339 2970 ei
368 2923 543 2995 supernus
572 2898 769 2994 imperator
804 2896 956 2967 contulit
990 2897 1142 2996 gratiam
1172 2897 1265 2995 apud

204 3033 405 3103 terrenum,
415 3016 594 3116 quatinus,
610 3013 747 3091 caeteris
757 3013 939 3111 praelatus,
955 3014 992 3086 in
1005 3013 1138 3112 palatio
1152 3016 1265 3087 maxi-

204 3160 305 3207 mum
319 3132 502 3206 obtineret
516 3132 648 3208 locum.
668 3130 829 3203 Oratoris
844 3131 977 3230 quippe
992 3131 1154 3205 facundia
1168 3159 1266 3231 prae·

204 3249 319 3336 ditm,
344 3247 388 3320 ad
412 3247 562 3346 agendas
583 3273 701 3320 causas
719 3248 813 3318 inter
832 3247 966 3320 aulicos
986 3247 1163 3320 residebat
1178 3247 1267 3321 doc-

208 3368 371 3439 tissimos.
401 3369 452 3437 lta
475 3382 592 3438 tamen
615 3362 842 3438 saecularibus
867 3363 1075 3436 intendebat
1095 3365 1265 3462 negotiis,

208 3503 248 3556 ut
263 3509 448 3583 nunquam
462 3482 637 3554 relaxaret
653 3482 813 3553 animum
824 3478 870 3551 ab
884 3497 1026 3578 aspectu
1045 3483 1196 3552 internae
1213 3480 1269 3552 di-

209 3600 383 3675 lectionis·
400 3630 420 3669 u

242 3801 281 3869 (s)
304 3799 380 3853 C’est
396 3815 451 3850 une
472 3796 659 3850 circonstance
683 3792 874 3867 remarquable
899 3811 953 3865 que
974 3791 1051 3847 l'etat
1072 3792 1210 3849 llorissant
1235 3796 1270 3851 de

211 3887 311 3961 l'eglise
331 3887 368 3942 de
388 3886 497 3958 Bayeux
509 3885 631 3958 pendant
644 3884 668 3938 la
682 3884 818 3956 premiere
831 3883 927 3937 moitie'
944 3883 983 3936 du
1002 3897 1041 3935 vr
1053 3883 1147 3951 siecle,
1165 3887 1271 3959 epoque

212 3981 246 4032 οὺ
258 3977 309 4033 elle
321 3975 505 4051 produisitles
517 3975 589 4031 deux
600 3975 735 4047 premiere
747 3971 823 4027 cheli
832 3971 1077 4059 d’etablissements
1086 3977 1271 4049 monastique·

213 4066 297 4140 qu'ait
309 4066 416 4119 tournis
434 4074 513 4118 notre
529 4064 676 4136 province:
693 4061 765 4116 saint
775 4060 898 4115 Marcoul
910 4071 938 4116 et
950 4062 1022 4116 saint
1035 4062 1157 4117 Erroult.
1173 4063 1272 4118 Mobil-

213 4156 258 4210 lon
271 4156 348 4228 place
362 4154 387 4209 la
398 4155 537 4208 naissance
549 4153 584 4207 de
595 4153 667 4207 saint
678 4139 792 4207 Enoutt
803 4170 837 4205 en
849 4149 911 4225 517.

247 4251 286 4314 (a)
300 4245 425 4321 Affectu
441 4246 450 4315 (
456 4245 520 4299 tiss.
536 4243 616 4297 Becc.
630 4252 659 4296 et
672 4242 793 4311 Consti.)
