2888 4934
429 386 545 446 LIBER
567 387 752 447 octavus.
1063 390 1122 452 445

54 518 214 590 lucentes
233 517 270 588 in
288 517 484 615 caliginoso
507 519 607 605 loce,
636 519 809 589 renitent.
829 517 934 590 Omni
962 534 1124 616 tempore

54 635 199 707 silentio
228 633 394 722 student,
423 635 547 706 sucatis
577 634 732 707 restibus
762 638 816 733 (i)
844 662 918 707 non
950 653 1121 724 utuntur,

54 750 221 823 manibus
234 752 391 849 propriis
405 751 590 840 laborant,
606 753 812 851 victumque
828 751 893 823 sibi
908 769 943 824 ct
956 755 1121 826 vestitum

55 869 253 942 vindicant.
283 870 458 941 Omnibus
478 870 621 958 diebus,
645 888 778 969 praeter
799 872 1029 945 Dominicnm
1042 927 1052 960 ‚
1078 871 1124 944 ab

57 985 174 1058 idibus
189 987 398 1084 septembris
413 989 466 1085 (2)
485 1015 594 1086 usque
608 989 652 1060 ad
666 988 795 1060 Pascha
809 991 984 1088 jejunant.
1000 990 1126 1063 Aditus

56 1131 140 1178 suos
156 1106 239 1177 satis
255 1104 442 1194 obserant,
462 1123 498 1176 et
514 1123 647 1178 secreta
666 1134 726 1178 sna
745 1132 971 1204 summopere
992 1109 1123 1181 celant.

56 1220 207 1292 Nullum
224 1222 369 1292 alterins
385 1223 541 1293 ecclesiae
558 1221 774 1294 monachum
793 1223 829 1294 in
847 1225 917 1294 suis
938 1225 1128 1322 penetrali-

57 1335 126 1408 bus
150 1336 365 1425 admittunt,
391 1364 457 1410 nec
482 1340 517 1410 in
535 1340 734 1411 oratorium
754 1338 798 1410 ad
818 1341 958 1410 missam
979 1340 1036 1411 vel
1059 1342 1126 1413 alia

58 1453 203 1525 servitia
241 1479 360 1523 secum
402 1453 539 1551 ingredi
582 1455 810 1551 permittunt.
847 1455 953 1526 Multi
988 1454 1127 1528 nobiles

57 1569 204 1642 athietae
234 1587 270 1642 et
298 1570 464 1666 profundi
494 1569 660 1668 sophistae
690 1571 733 1643 ad
763 1572 842 1644 illos
873 1598 939 1668 pro
969 1574 1128 1646 novitate

58 1687 315 1786 singularitatis
336 1705 621 1776 concurrerunt,
646 1706 681 1760 et
703 1689 906 1760 inusitatam
927 1688 1127 1761 districtio-

59 1828 145 1875 nem
172 1805 270 1875 ultro
299 1805 584 1901 complexantes,
617 1807 652 1875 in
678 1805 735 1875 via
764 1821 859 1876 recta
887 1805 957 1875 laeti
984 1805 1127 1878 Christo

60 1917 212 2016 hymnos
241 1921 376 1992 laetitiae
402 1920 573 1992 modulati
599 1923 758 1992 suerunt.
784 1923 824 1992 ln
851 1921 998 1993 desertis
1022 1937 1129 2020 atque

59 2037 281 2109 silvestribus
304 2039 391 2111 locis
412 2039 625 2111 monasteria
649 2041 799 2137 proprio
816 2039 940 2112 labore
957 2037 1130 2112 condide-

59 2170 166 2243 runt,
187 2171 222 2226 et
234 2182 330 2227 sacra
347 2156 416 2226 iltis
430 2158 575 2227 nomina
592 2157 713 2227 solerti
730 2156 936 2253 provisione
950 2157 1129 2254 imposue-

60 2288 169 2361 runt,
189 2288 229 2343 ut
245 2289 296 2344 est
313 2273 447 2347 Domus
464 2274 549 2363 Dei,
567 2274 792 2362 Ciaravaliis,
816 2275 936 2346 Bonus
953 2274 1076 2363 Mons,
1095 2290 1132 2346 et

59 2389 294 2487 Eleemosyna
313 2393 383 2486 (3),
408 2407 442 2463 et
462 2391 528 2462 alia
546 2392 649 2489 plura
667 2390 891 2491 hujusmodi,
912 2390 1042 2492 quibus
1062 2418 1129 2463 au-

60 2507 196 2581 ditores
226 2509 302 2581 soio
331 2510 488 2581 nominis
520 2525 662 2582 nectare
693 2511 893 2582 invitantur
922 2511 1130 2583 festinanter

61 2623 218 2721 experiri
245 2639 377 2722 quanta
404 2625 448 2694 sit
474 2623 520 2695 ibi
549 2623 752 2711 beatitudo,
778 2651 859 2724 quae
884 2640 957 2694 tam
987 2625 1129 2721 speciali

59 2737 253 2813 denotetur
272 2738 460 2812 vocabulo.

98 3006 138 3075 (ι)
151 3005 315 3058 Vetements
328 3005 421 3059 teints.

100 3097 141 3164 (2)
157 3095 193 3147 Le
212 3092 241 3148 13
256 3094 421 3166 septembre.

101 3183 141 3254 (3)
156 3184 192 3238 La
209 3185 416 3250 Maisan-Dico,
432 3183 530 3255 depuis
543 3181 655 3256 appelee
667 3183 792 3246 Noirlac,
808 3202 955 3237 commune
967 3185 1001 3238 de
1011 3184 1035 3239 la
1047 3183 1135 3240 Celle-

67 3274 190 3344 Bruybre
211 3273 320 3343 (Cher)
336 3297 340 3325 :
356 3274 462 3326 Damus
481 3273 537 3326 Bel
554 3293 640 3343 supra
663 3275 778 3333 Carum.
800 3284 896 3346 postea
915 3274 1007 3345 Niger
1026 3275 1132 3342 Laeua,

66 3363 172 3436 abbaye
186 3363 220 3417 de
233 3362 334 3417 l’ordre
349 3363 383 3415 dc
400 3363 529 3429 eneam,
546 3361 646 3417 i'ondee
661 3382 721 3417 vers
737 3362 816 3429 1136,
833 3375 862 3416 et
875 3381 929 3417 non
944 3383 991 3436 pas
1003 3382 1037 3418 en
1054 3363 1133 3432 1150,

66 3471 178 3508 comme
188 3452 214 3508 le
229 3455 323 3506 Gallia
337 3453 533 3506 matitunale
545 3453 601 3519 dit,
615 3456 630 3506 ’a
643 3463 712 3518 tort,
727 3453 834 3525 d’apres
844 3451 869 3505 la
879 3452 942 3506 date
955 3452 989 3506 de
1003 3453 1028 3506 ia
1041 3454 1137 3509 clrarte

67 3542 104 3597 de
119 3543 323 3596 confirmation.
338 3542 458 3607 Robert,
475 3561 562 3596 neven
574 3541 609 3596 de
624 3543 695 3595 saint
708 3541 845 3607 Bernard,
862 3559 897 3594 en
914 3541 957 3594 sut
972 3541 999 3594 ie
1016 3544 1138 3614 premier

104 3719 264 3786 Claimanx,
280 3720 364 3774 fonde
377 3741 411 3774 en
429 3722 510 3789 1115,
526 3740 574 3793 par
587 3722 658 3774 saint
671 3719 807 3786 Bernard,
822 3718 890 3773 dans
903 3738 941 3773 un
955 3719 1011 3774 lieu
1025 3728 1138 3779 nomme

67 3808 95 3863 le
106 3809 151 3863 ra}
163 3809 338 3864 d‘Absinthe.

105 3898 245 3970 L'abbaye'
254 3900 288 3954 de
302 3902 455 3966 bonmoot,
472 3899 526 3953 fille
540 3898 575 3952 de
587 3898 748 3967 Clairvanx,
763 3898 851 3952 situee
865 3897 932 3952 dans
945 3898 969 3951 le
982 3897 1090 3956 diocese
1103 3902 1138 3960 de

70 3990 198 4060 Genese,
214 4004 243 4047 et
254 3993 354 4046 foodee
369 3993 395 4046 le
408 4012 423 4066 7
435 3993 498 4062 juin
516 3987 590 4044 1131.

108 4080 277 4149 L’Aumbne,
292 4100 329 4136 ou
338 4081 363 4135 le
375 4080 594 4144 Petit-Citeaur,
608 4077 708 4132 sondee
718 4094 778 4131 vers
793 4094 868 4145 1121,
879 4097 928 4150 par
938 4079 1070 4135 Thibaud
1084 4083 1136 4152 IV,

70 4181 164 4225 comte
178 4170 213 4224 de
227 4172 314 4239 Blois,
330 4174 343 4224 a
360 4182 458 4243 quatre
472 4170 556 4223 lienes
564 4165 599 4224 'S.
614 4169 642 4223 S.
657 4169 688 4222 E.
703 4167 737 4221 de
750 4168 944 4224 Chiteaudun.
