2888 4934
78 458 162 532 [usto
182 456 274 530 1098]
471 450 586 510 LIBER
607 451 745 511 NONUS.
1081 456 1146 517 535

78 583 173 658 bona
186 581 376 655 detulerat.
387 581 610 679 Frequenter
621 581 744 680 igitur,
756 605 823 680 per
834 581 923 654 fidos
935 584 1147 682 interpretes

78 716 115 774 et
130 715 215 773 nota
230 700 446 796 intersigna,
463 696 704 797 loquebantur
716 697 760 770 ad
778 698 944 772 invicem.
963 701 1069 772 llunc
1086 700 1150 773 ali·

79 814 222 917 quando
238 813 467 888 Bnamundus
485 814 529 887 ad
546 813 851 891 Christianitatsm
869 814 1063 907 incitabat,
1081 815 1149 888 ali-

81 933 226 1032 quando
243 932 288 1006 ad
304 931 522 1007 reddendam
538 933 718 1006 civitatem
730 930 953 1006 multimodis
967 931 1150 1031 pollicita-

80 1050 239 1125 tionibus
252 1051 439 1140 suadebat,
459 1067 514 1136 et,
532 1067 573 1122 ut
583 1051 641 1122 vir
652 1050 803 1138 callens,
823 1050 914 1123 nihil
932 1052 1150 1123 intentatum

81 1165 324 1267 relinquebat.
344 1167 450 1241 Nunc
467 1192 549 1240 eum
574 1191 643 1265 pro
661 1166 866 1240 infortuniis
882 1166 1016 1240 civitati
1035 1166 1151 1240 immi·

81 1284 250 1359 nentibus
266 1283 490 1373 deterrebat,
507 1310 603 1356 nunc
620 1307 702 1355 eum
721 1308 790 1382 pro
806 1284 964 1383 praemiis
976 1283 1148 1382 copiosis,

81 1403 276 1502 quaeaDeo
287 1401 684 1501 gloriosedestinantur,
696 1399 952 1474 Christianitati
961 1399 1149 1473 alliciebat.

84 1517 245 1589 Tandem
255 1518 379 1589 Pirrus
390 1520 524 1591 lamoso
535 1519 651 1589 amico
662 1541 840 1590 assensum
849 1515 1019 1616 praebuit,
1031 1532 1066 1588 et
1078 1533 1152 1588 tres

85 1635 116 1706 ci
130 1650 245 1706 turres
256 1660 333 1705 suas
343 1633 475 1707 obtulit
487 1636 556 1731 (ι),
572 1633 757 1732 filiumque
769 1660 873 1705 suum
882 1631 1043 1706 obsidem
1052 1632 1152 1705 datu-

87 1774 168 1819 rum
189 1773 225 1820 se
242 1748 452 1846 spopondit,
471 1765 508 1821 ct
523 1764 565 1820 ut
583 1749 786 1848 incoeptum
804 1764 1030 1823 maturarent
1044 1771 1152 1846 nego-

87 1865 194 1951 tium,
214 1888 440 1962 summopere
458 1864 657 1937 admonuit.
678 1862 840 1937 Prudens
858 1861 1087 1935 Buamundus
1102 1863 1152 1933 in-

87 1980 251 2052 testinam
281 1980 443 2053 laetitiam
476 1997 577 2053 caute
607 1980 759 2070 celavit,
785 1979 927 2052 vultum
955 1995 991 2050 et
1028 2003 1069 2052 os
1108 1975 1151 2049 ad

86 2110 226 2190 tempus
255 2095 485 2191 compescuit.
519 2093 716 2191 Optimates
743 2091 872 2165 deinde
902 2092 1078 2165 allocutus
1107 2091 1152 2163 de

85 2209 293 2283 difficultate
311 2209 491 2310 capiendae
515 2208 633 2299 urbis,
656 2208 700 2282 dc
727 2209 865 2308 ingenti
895 2206 1004 2280 taedio
1033 2208 1151 2306 longae

85 2326 301 2414 obsidionis,
321 2325 365 2399 de
381 2325 550 2400 laudabili
569 2327 768 2400 constantia
785 2326 987 2398 victoriosae
1005 2323 1154 2424 expedi-

87 2443 212 2531 tionis,
233 2445 339 2515 suasit
355 2461 395 2515 ut
411 2444 559 2516 cuilibet
576 2470 724 2516 suorum
740 2442 786 2514 ab
802 2441 971 2517 omnibus
988 2442 1155 2515 concede·

87 2575 188 2633 retur
206 2561 427 2659 principatus
450 2560 671 2648 Antiochiae,
697 2563 759 2659 qui
779 2561 917 2658 pretio,
935 2585 996 2631 sen
1021 2560 1073 2648 vi,
1097 2559 1152 2631 vel

85 2677 260 2765 amicitia,
279 2701 339 2747 seu
364 2675 529 2774 quolibet
552 2677 699 2774 ingenio
721 2692 839 2772 posset
863 2700 942 2747 eam
970 2672 1150 2746 obtinere.

85 2794 189 2864 Tunc
215 2795 371 2864 seniores
388 2792 420 2863 ei
441 2818 516 2865 non
542 2790 802 2891 adquieverunt
809 2846 819 2880 ,
840 2788 900 2862 sed
923 2814 1153 2863 communem

73 2891 163 2979 ¹eam
178 2907 348 2980 omnibus
364 2933 436 2979 esse
454 2906 585 2979 debere
607 2907 795 2990 dixerunt,
814 2908 897 3005 quia
916 2906 1074 3006 generali
1099 2932 1154 2979 co·

85 3041 172 3097 natu
197 3050 321 3097 omncs
339 3025 388 3096 ibi
407 3024 676 3098 laboraverunt.
703 3026 849 3123 Sapiens
867 3024 972 3097 heros
990 3022 1158 3122 pluribus

85 3139 213 3211 auditis
235 3143 433 3230 conticuit,
449 3158 487 3213 et
503 3143 813 3240 opportunitatem
836 3142 949 3240 optati
967 3143 1082 3214 exitus
1098 3166 1155 3213 ex·

86 3256 253 3352 pectavis.
267 3256 378 3327 Paulo
390 3273 483 3354 post,
494 3259 599 3346 lama,
616 3283 774 3356 praesaga
787 3257 887 3344 mali,
896 3255 1104 3354 percrebuit
1117 3256 1151 3328 in

87 3374 228 3458 castris,
258 3374 415 3462 Turcos,
442 3373 657 3448 Publicanos
683 3375 757 3473 (2),
786 3372 988 3474 Agulanos,
1016 3371 1154 3443 Azimi-

119 3587 159 3655 (r)
172 3586 212 3639 Ce
225 3586 357 3640 n'etaient
369 3605 417 3658 pas
430 3587 499 3641 trois
512 3598 588 3642 tours
600 3605 655 3661 que
669 3587 791 3641 Phirouz
804 3585 873 3640 livra
885 3603 939 3639 aux
952 3586 1068 3653 croises,
1084 3587 1154 3641 mais

85 3674 112 3728 la
125 3685 190 3728 tour
201 3673 249 3746 des
263 3677 470 3743 Trois-Soeurs,
486 3677 555 3731 dont
567 3676 592 3730 la
606 3676 690 3748 garde
702 3676 742 3730 lui
755 3675 823 3730 etait
833 3674 955 3745 confiee,
968 3685 1063 3729 etune
1076 3685 1155 3730 autre

87 3775 152 3820 tour
165 3766 283 3831 voisine,
298 3767 336 3820 οὐ
348 3767 536 3821 commandait
548 3785 598 3823 son
612 3768 694 3822 frere.
709 3767 762 3823 Ces
776 3766 849 3819 deux
863 3775 955 3832 tours,
970 3764 1041 3820 dont
1053 3765 1091 3820 les
1104 3765 1154 3820 de·

86 3853 144 3907 bris
156 3857 275 3909 existent
286 3873 401 3922 encore,
416 3857 548 3910 n’etaient
560 3874 607 3928 pas
618 3856 689 3910 aussi
704 3855 807 3909 elevees
820 3872 875 3927 que
888 3854 968 3909 celles
980 3853 1020 3909 du
1032 3865 1156 3928 rempart

85 3945 264 4009 meridional,
280 3956 309 3998 ct
324 3944 379 3999 l’on
393 3946 506 4017 pouvait
519 3946 558 4000 les
576 3944 714 4000 escalader
731 3962 793 4001 sans
809 3945 844 3999 de
862 3944 979 4017 grandes
997 3943 1154 4000 difficultes.

85 4031 162 4088 Celle
181 4032 229 4087 des
248 4034 439 4088 Trois-Socors
459 4044 501 4088 est
517 4034 543 4088 la
565 4035 701 4106 premiere
718 4052 753 4088 an
771 4032 840 4086 midi
862 4031 896 4087 de
917 4032 943 4087 la
962 4044 1042 4106 porte
1060 4033 1154 4089 Saint-

84 4122 227 4194 Georges,
242 4134 270 4177 et
283 4125 381 4179 l’autrc
394 4133 435 4178 est
449 4124 475 4178 la
488 4125 614 4178 seconde.

121 4212 159 4280 (a)
173 4213 248 4265 Lisez
259 4214 433 4283 Populr'cam'.
449 4214 549 4274 C’ritait
560 4232 598 4266 nn
611 4211 850 4267 ‹lc'nrcrnbrcurent
862 4210 897 4264 de
912 4211 936 4263 la
952 4220 1023 4264 secte
1036 4209 1084 4262 des
1097 4226 1155 4262 rua-
