2888 4934
68 400 190 472 [ravin⁰
203 414 281 453 toan
301 396 392 472 1098]
467 392 584 453 LIBER
606 394 746 456 NONUS.
1084 398 1144 457 557

69 526 182 611 riam,
216 523 260 597 de
286 524 379 596 urbe
403 524 545 597 exirent
570 526 645 623 (r),
672 542 708 599 et
724 526 909 598 clementis
935 526 1000 597 Dei
1022 528 1144 601 efficax

69 641 242 714 auxilium
260 639 467 712 medullitus
487 640 745 739 implorarent,
766 642 943 740 pluviola,
971 660 1143 743 tanquam

69 755 206 830 roscida
222 755 335 845 stilla,
350 756 522 829 divinitus
534 757 681 848 cecidit;
696 784 776 858 qnoe
785 813 795 845 ,
811 759 910 858 quasi
925 785 985 832 ros
998 761 1143 831 matuti-

70 903 136 948 nns
146 930 156 964 ,
184 875 359 947 irroratos
377 899 487 972 equos
503 890 540 946 et
556 875 693 975 equites
710 874 919 947 laetificavit.
939 874 1043 948 Unde
1059 878 1142 976 eqni

68 995 169 1067 velut
185 991 375 1064 exhilarati
393 990 539 1064 hinnire
557 1010 770 1091 coeperunt,
787 1009 824 1065 et
846 994 1010 1092 equitum
1033 994 1143 1065 animi

68 1111 260 1184 dulciorati
287 1111 486 1208 vegetiores
504 1126 539 1182 et
563 1111 756 1184 alacriores
772 1113 940 1198 suerunt,
958 1127 995 1183 et
1018 1137 1144 1184 omnes

68 1231 201 1328 seipsos
218 1229 461 1327 promptiores
476 1245 512 1300 et
535 1226 773 1327 expeditiores
790 1245 992 1303 senserunt.
1019 1229 1141 1302 Pluvia

69 1363 190 1421 tamen
205 1346 264 1419 illa
283 1361 355 1417 tam
370 1345 512 1418 subtilis
535 1362 571 1418 et
588 1345 729 1419 modica
743 1348 828 1434 snit,
845 1363 886 1418 ut
901 1347 960 1418 vix
982 1346 1143 1445 pluviam

69 1489 149 1538 eam
165 1463 343 1551 dixerint,
360 1462 420 1535 sed
437 1462 609 1562 quasdam
623 1465 781 1563 guttulas
796 1480 960 1536 rorantes
973 1465 1053 1566 pius
1066 1490 1144 1537 sen·

68 1583 183 1656 serint
200 1609 309 1681 quam
328 1581 499 1654 viderint.
519 1582 597 1654 Hoc
615 1607 746 1679 nempe
763 1610 782 1655 a
799 1583 923 1656 multis
939 1579 1157 1679 probabili-v

68 1699 136 1773 hus
150 1700 256 1788 viris,
272 1701 335 1800 qui
355 1701 617 1788 interfuerunt,
635 1701 790 1773 relatum
807 1716 873 1774 est.

119 1816 395 1906 Curbaranuus,
421 1816 465 1889 ad
488 1817 626 1891 bellum
643 1817 879 1917 procedentes
898 1833 939 1889 ut
954 1818 1045 1891 vidit
1064 1819 1139 1916 (2),

68 1933 185 2007 dixit:
214 1934 303 2006 Plus
322 1934 377 2007 ad
392 1932 536 2033 fugam
567 1935 604 2006 iu'
622 1953 846 2034 properant,
872 1961 984 2032 quam
1003 1934 1056 2007 ad
1070 1962 1144 2034 pu-

66 2077 196 2149 gnam.
219 2048 337 2119 Sinite
362 2075 422 2120 eos
439 2049 510 2120 duc
530 2077 641 2148 usque
658 2049 854 2138 accedere,
879 2066 917 2120 ut
944 2048 1054 2121 libere
1075 2051 1145 2120 de-

67 2167 272 2267 glutiamus
293 2192 351 2237 eos
378 2171 417 2236 in
437 2183 560 2237 nostra
577 2183 770 2265 potestate.
796 2165 966 2254 Eaeant,
989 2169 1143 2237 exeant!

69 2285 147 2358 Nos
174 2286 269 2356 enim
291 2310 350 2356 eos
374 2286 497 2354 statim
520 2286 844 2381 circumcingemus
868 2301 902 2356 et
916 2284 1143 2387 praevalebi-

70 2427 151 2472 mus
164 2400 204 2471 et
214 2397 496 2497 suffocabimus.
511 2399 705 2471 Christiani
720 2423 809 2472 vero
822 2401 1000 2499 gradatim
1020 2399 1139 2488 ibant,

70 2542 137 2590 nec
152 2516 241 2588 alius
258 2517 368 2587 alium
387 2514 591 2589 inordinate
606 2517 916 2615 praeproperabat.
933 2516 1143 2589 Curbaran-
1230 2612 1233 2620 Ι

70 2659 138 2707 nus
156 2648 294 2720 autem,
312 2650 504 2731 postquam
519 2632 611 2705 vidit
627 2659 686 2706 eos
698 2635 868 2707 decenter
884 2636 1045 2707 inarmis
1061 2660 1144 2732 pro-

71 2750 215 2839 cedere,
241 2775 308 2821 nec
330 2776 501 2850 usquam,
525 2776 589 2823 ceu
610 2749 880 2839 formidolosos,
899 2751 1062 2839 deviare,
1083 2751 1144 2824 sed

71 2895 196 2968 gressu
222 2884 403 2941 maturato
428 2866 644 2966 procedere,
666 2869 798 2940 iterum
820 2895 894 2941 non
912 2869 1059 2941 erubuit
1085 2868 1144 2941 di-

72 3011 154 3059 cere
174 3017 182 3056 :
202 2988 291 3058 Istae
305 2985 591 3085 contemptibiles
608 2985 792 3058 canicula
809 2984 856 3057 de
880 2985 973 3059 bello
977 2984 1145 3085 forsitan

72 3103 262 3178 audebunt
275 3101 525 3204 praesumere?
541 3105 644 3176 Tunc
657 3120 756 3175 metu
771 3102 942 3203 diriguit,
958 3120 995 3176 et
1007 3103 1145 3176 viribus

72 3223 237 3319 corporis
245 3221 383 3307 solutis,
398 3222 520 3293 animo
528 3221 668 3319 friguit.
680 3220 782 3293 Clam
793 3221 904 3318 igitur
916 3223 1144 3319 procuratori

73 3365 155 3426 sno,
169 3364 278 3438 quem
293 3336 535 3409 Admiralium
552 3354 701 3423 vocant,
718 3337 904 3410 mandavit
919 3354 979 3426 ut,
998 3340 1025 3409 si
1041 3339 1077 3410 in
1092 3365 1147 3410 ca·

73 3456 148 3553 pite
164 3456 341 3529 exercitus
363 3454 416 3526 sni
434 3455 555 3554 ignem
573 3479 763 3526 accensum
779 3455 955 3552 fumigare
972 3456 1027 3553 (3)
1043 3453 1146 3526 vide-

110 3679 148 3749 (ι)
162 3680 198 3732 La
211 3689 291 3751 porte
304 3679 342 3732 dn
357 3689 436 3752 pont.
452 3678 488 3732 Le
503 3676 640 3751 priucipal
653 3676 734 3731 effort
749 3675 784 3730 de
800 3676 826 3731 la
842 3676 954 3737 batille
967 3689 1016 3733 eut
1029 3679 1085 3733 lien
1100 3697 1147 3733 snr

73 3768 99 3823 la
117 3769 175 3821 rive
192 3766 283 3820 droite
302 3766 336 3819 dc
352 3767 496 3830 l'Oronte‚
514 3775 594 3820 entre
610 3765 636 3819 le
653 3765 741 3820 sseuve
756 3776 785 3820 et
799 3765 839 3819 les
854 3778 1018 3840 montagnes
1036 3767 1145 3824 Noites.

75 3857 203 3930 Kerbogi
216 3867 289 3910 resta
302 3856 338 3910 de
351 3874 378 3910 sa
391 3873 528 3929 personne
541 3873 589 3910 sur
602 3854 627 3908 ia
641 3856 698 3910 rive
712 3855 829 3930 gauehc.

111 3948 149 4016 (a)
170 3947 206 4000 La
220 3945 332 4018 plupart
350 3945 400 4000 des
415 3942 567 3998 historiens
585 3942 790 4018 affirmentque
808 3961 841 3998 ce
858 3943 968 4016 general
986 3945 1077 4017 jouait
1096 3964 1149 4000 aux

75 4037 187 4103 retices,
209 4035 303 4110 quand
324 4054 360 4089 on
380 4035 440 4089 viat
455 4032 496 4087 lui
515 4032 672 4107 apprendre
690 4032 730 4087 les
748 4033 885 4107 premiers
903 4046 1093 4090 monvemcnts
1114 4035 1149 4089 de

75 4126 187 4182 l'armee
201 4126 373 4180 chritienne.

112 4217 151 4288 (3)
173 4216 314 4272 Raimond
334 4215 456 4289 d'Agiics
479 4226 507 4270 et
529 4211 691 4271 Guiiiaume
709 4213 744 4269 de
766 4214 824 4287 Tyr
845 4213 994 4289 indiqnent
1015 4231 1052 4267 un
1070 4212 1153 4267 motii
