2888 4934
195 120 250 177 un
468 106 650 169 nisronn
674 107 979 171 cucumerum.
1044 114 1253 192 [noar-rori]

190 270 334 330 uorum,
348 239 699 341 Lothariugenaium,
707 240 931 343 aliarumque
939 243 1105 343 gentium
1114 268 1256 319 couoer·

189 363 297 451 ruvit,
315 359 454 433 ltaliam
470 358 649 432 violenter
665 358 845 458 ingressus
861 360 1083 459 penetravit,
1103 360 1256 437 nomm

189 476 329 555 obsedit
344 494 380 553 et
396 477 627 576 expugnavit.
643 478 759 550 Porro
771 478 956 568 Romania,
975 504 1044 577 pro
1062 479 1256 579 cupiditate

188 624 402 688 munerum,
427 621 507 697 quae
535 594 606 668 illis
629 595 889 693 spoponderat,
917 621 991 669 sese
1021 594 1251 686 dedentium,

188 712 314 789 urbem
323 714 429 811 cepit.
446 710 765 811 GregoriumVllm
778 710 918 785 decede
934 713 1130 810 apostolica
1146 738 1255 813 expu·
1286 760 1294 769 -

186 834 245 920 lit,
265 848 301 906 et
313 828 553 916 Witbertum,
565 827 829 901 Rauennatium
841 828 1131 928 metropolitam,
1147 832 1180 904 ei
1192 854 1255 905 ue·

185 950 273 1022 ferie
282 945 504 1046 subrogavit.
519 946 623 1018 Tunc
636 945 831 1045 Gregorius
842 946 1087 1019 Beneventum
1099 948 1253 1037 secreuit,

184 1066 384 1139 otmuxima
394 1062 579 1150 dissentio,
593 1061 631 1133 in
643 1060 732 1134 orbe
741 1077 836 1150 orta,
851 1087 1024 1161 maguum
1034 1060 1118 1135 filiis
1131 1062 1288 1138 Eccle—

184 1185 245 1255 rioe
258 1181 516 1254 detrimentum
531 1178 731 1278 generavit,
743 1176 835 1250 etad
845 1178 1043 1253 multorum
1056 1178 1274 1277 perniciem

183 1298 244 1373 diu
262 1299 471 1398 permansit.
491 1296 686 1397 Gregorius
703 1296 802 1369 enim
818 1296 932 1394 Papo,
951 1297 1013 1396 qui
1031 1294 1280 1371 Hildebruu-

185 1443 251 1489 nus
276 1416 313 1488 in
338 1413 551 1513 baptismate
576 1411 692 1485 dictus
717 1412 851 1500 suerat,
871 1439 895 1485 a
919 1437 1032 1510 puero
1058 1412 1268 1487 moiuntur

182 1535 268 1618 suit,
283 1533 456 1633 omnique
472 1532 544 1603 vita
559 1556 619 1603 suu
633 1531 816 1629 sapientiae
830 1545 866 1603 et
880 1529 1047 1629 religioni
1059 1527 1263 1605 admodum

183 1649 336 1741 studuit,
354 1648 603 1750 assiduumque
616 1666 797 1723 certamen
811 1664 939 1722 contra
952 1664 1139 1746 peccatum
1156 1666 1257 1723 eurr

183 1769 269 1841 cuit.
301 1769 369 1839 Per
394 1767 554 1868 singulos
578 1765 709 1869 gradus
734 1765 1055 1839 ecclesiasticorum
1081 1764 1250 1841 ordinum

182 1883 350 1987 usquead
374 1884 504 1957 summi
524 1880 751 1981 pontificatus
773 1881 908 1980 apicem
927 1880 1106 1970 ascendit,
1127 1883 1250 1982 inquo

180 2000 360 2079 roxdecim
373 2003 475 2075 annis
488 2002 603 2100 legem
616 2001 681 2072 Dei
695 2001 889 2100 vigilanter
901 1998 1094 2073 observare
1104 1994 1248 2073 studuit.

182 2118 268 2195 Zelo
289 2121 423 2221 quippe
448 2120 609 2192 veritatis
633 2134 669 2191 et
688 2119 836 2217 justitiae
862 2114 1125 2208 inflammatus,
1144 2142 1252 2192 omne

181 2238 295 2313 scelus
325 2234 516 2338 arguebat,
552 2236 715 2336 nullique
741 2253 868 2309 contra
903 2234 1158 2309 rectitudinem
1187 2260 1252 2335 pto

185 2357 316 2429 timore
345 2379 407 2426 seu
430 2352 553 2428 lavore
580 2351 762 2451 parcebat.
791 2351 879 2426 Inde
908 2353 1198 2451 persecutionem
1219 2368 1256 2425 et

182 2473 331 2545 exilium
348 2472 394 2543 ab
413 2470 596 2545 indomitis
619 2486 655 2542 et
674 2472 762 2569 jugo
783 2470 928 2543 Domini
951 2468 1144 2541 contrariis
1166 2492 1255 2567 per-

181 2591 281 2672 tulit,
300 2616 366 2663 nec
392 2587 574 2661 tamenab
599 2589 649 2660 eis
665 2586 827 2688 qualibet
849 2586 926 2658 alte
956 2586 1051 2658 vinci
1078 2584 1258 2687 usquead

183 2724 339 2779 mortem
358 2706 509 2805 potuit(
535 2709 563 2803 ).

188 2918 258 2973 u'eut
270 2921 400 2991 compone
408 2960 416 2985 ‚
424 2919 556 2993 jusqu’au
564 2920 634 2973 tecit
643 2918 679 2972 de
692 2917 718 2973 la
732 2929 805 2973 mort
815 2918 850 2972 de
863 2917 888 2972 la
902 2918 978 2972 reiue
986 2915 1140 2985 dlatlrilde,
1153 2932 1213 2993 quo
1222 2916 1262 2975 du

183 3025 330 3065 moreeuur
339 3006 480 3077 deuehar,
491 3008 549 3081 pria
561 3010 592 3081 qt
602 3019 632 3064 et
647 3008 681 3063 u.
697 3009 752 3075 lei,
767 3008 833 3063 c’ert
843 3026 879 3063 au
891 3007 987 3063 milieu
1000 3006 1070 3062 d’un
1081 3006 1262 3083 paragrapho

183 3117 238 3174 que
256 3099 281 3154 la
301 3098 399 3155 henne
417 3098 513 3154 existe.
537 3098 587 3153 Les
605 3117 658 3154 uua
669 3109 721 3155 ont
732 3103 853 3172 suppone
865 3117 920 3173 que
938 3098 1032 3172 requi
1047 3096 1262 3172 precucurrit

182 3201 337 3265 apparteuu
349 3192 569 3264 primitivemeut
579 3210 616 3247 ιιι
627 3189 695 3247 line
704 3209 748 3258 m,
759 3190 798 3246 lea
810 3201 904 3246 autres
920 3208 955 3245 au
971 3189 1040 3245 livre
1053 3205 1092 3244 tr.
1104 3187 1262 3247 Ducum

183 3281 299 3339 ertd’uu
308 3281 547 3349 aviadiffereut,et
556 3280 716 3356 penuequ’il
724 3279 815 3336 devait
821 3300 839 3353 y
848 3281 924 3336 avoir
932 3280 969 3335 ici
978 3276 1261 3352 uuereeepitulutim

183 3370 232 3427 der
243 3376 420 3429 evenemeuts
432 3376 560 3429 racontea
572 3372 641 3427 dana
661 3371 700 3426 les
722 3371 852 3457 livi-eegr
866 3381 895 3427 et
910 3388 935 3425 v.
952 3370 1029 3427 Pour
1040 3385 1128 3437 uout,
1143 3378 1210 3427 tout
1221 3388 1261 3429 ιι

183 3478 201 3531 y
219 3462 426 3517 reconnaissent
443 3462 600 3517 l’existeuce
617 3461 702 3516 d’uue
721 3459 1064 3524 tacuue.evt‹1ente,n0us
1081 3476 1118 3513 ue
1136 3474 1261 3533 erum

184 3552 301 3623 pouvoir
319 3571 389 3608 noue
409 3572 565 3626 prononeer
578 3554 607 3608 ni
620 3571 668 3608 sur
680 3570 730 3608 ron
743 3552 878 3616 etruriae,
895 3551 923 3605 ni
942 3568 991 3605 sur
1004 3568 1055 3605 sou
1067 3559 1210 3621 conteuti,
1228 3553 1260 3607 ui

183 3658 233 3695 rur
243 3641 270 3695 lu
281 3641 358 3715 place
371 3641 472 3715 qu’elle
484 3644 613 3717 occupait
624 3643 695 3699 daur
707 3642 733 3697 le
747 3640 812 3716 plan
826 3640 948 3714 primitis
956 3640 992 3696 de
1004 3640 1133 3695 l'auteur.

219 3732 260 3807 (ι)
275 3731 452 3806 L'empereur
464 3735 553 3791 Heuri
569 3736 611 3793 IV
625 3745 654 3791 et
665 3734 814 3807 l'uutipape
824 3732 948 3788 Guibert
957 3732 1101 3787 euladi-eut
1116 3729 1261 3789 adeunti·

184 3820 288 3877 lement
301 3824 317 3875 t
333 3820 423 3876 Rome
439 3821 465 3875 le
480 3823 560 3892 jeudi
574 3841 605 3877 ιι
623 3842 696 3879 marr
713 3824 780 3888 108⁴
799 3841 849 3895 par
870 3821 896 3875 ia
908 3831 991 3894 porte
1003 3819 1039 3875 de
1057 3822 1174 3883 tau-aur
1187 3829 1222 3877 et
1232 3819 1262 3877 lo

184 3912 332 3969 dimanche
345 3911 394 3967 dor
409 3911 562 3977 Rameaux,
577 3918 612 3980 at
630 3914 668 3969 dn
688 3915 778 3969 meme
798 3915 882 3975 mois,
897 3911 1019 3967 Guibert
1036 3911 1079 3967 iot
1095 3915 1174 3967 sacre
1187 3910 1261 3967 deuo
