2888 4934
182 455 386 533 [rua101098]
582 451 699 512 LIBER
720 450 857 512 NONUS.
1193 455 1250 515 551

182 582 270 658 dens
283 584 469 658 desaevire·
486 584 536 657 Et
552 583 637 657 licet
658 583 750 683 ignis
767 580 961 682 gentilibus
977 597 1064 655 tunc
1077 581 1255 656 indemnis

181 704 310 793 luerit,
332 704 489 776 multum
503 718 623 775 tamen
640 701 710 773 illis
728 702 875 774 incussit
892 716 1071 774 terrorem
1089 716 1125 773 et
1137 725 1255 773 moes-

183 819 318 913 titiam,
340 820 550 893 Christianis
572 835 691 893 autem
708 818 868 893 solamen
886 834 923 890 et
939 817 1122 909 loetitiam;
1140 819 1255 891 utris-

182 963 253 1038 que
277 938 420 1036 populis
445 938 588 1036 signum
610 935 698 1010 illud
722 935 766 1009 de
793 934 890 1009 coelo
913 935 1057 1009 enituit.
1076 933 1255 1034 Oppidani

182 1071 257 1130 tota
281 1053 338 1130 die
365 1054 546 1129 instabant
570 1054 703 1129 lanceis
719 1070 756 1127 et
772 1052 987 1144 missilibus,
1011 1070 1048 1127 et
1069 1052 1257 1127 illidebant

182 1175 330 1247 vulnera
354 1171 575 1247 vulneribus.
593 1172 796 1246 castrenses
821 1174 1041 1246 extrinsecus
1059 1172 1106 1244 ita
1128 1172 1258 1245 cirita-

182 1305 294 1362 tatem
310 1290 696 1377 circumvallaverunt,
711 1305 754 1361 nt
769 1290 905 1362 nemini
921 1304 1061 1388 pateret
1079 1289 1115 1361 in
1128 1286 1187 1361 die
1206 1289 1258 1361 in·

185 1406 331 1496 troitus,
356 1405 413 1478 vel
445 1407 573 1478 exitus.
601 1404 715 1478 Nocte
746 1402 941 1504 aliquando
966 1404 1094 1504 aliquis
1117 1419 1258 1503 poterat

182 1524 299 1612 exire,
329 1522 390 1596 sed
427 1523 588 1611 occulte,
618 1540 762 1596 etcum
796 1547 930 1620 magno
960 1522 1105 1595 timore.
1132 1520 1257 1600 Fames

183 1641 222 1713 in
236 1639 311 1713 dies
327 1641 617 1728 convalescebat,
635 1655 672 1713 et
688 1639 908 1714 Christianos
921 1640 1016 1713 ultra
1034 1666 1144 1740 quam
1159 1638 1256 1713 credi

182 1774 301 1857 potest
322 1758 487 1859 angebat.
518 1759 626 1831 Multi
659 1757 834 1858 siquidem
869 1757 1127 1856 expiraverunt
1149 1759 1254 1830 same.

183 1876 287 1948 Panis
305 1877 521 1973 paximacius
539 1876 596 1974 (r)
618 1891 655 1948 et
668 1873 915 1974 permodicus,
936 1876 965 1946 si
987 1873 1133 1975 quando
1150 1875 1258 1947 inve-

183 1991 364 2079 niebatur,
385 1991 560 2090 byzanteo
581 1991 871 2091 comparabatur.
897 1993 1053 2093 Equinae
1077 2016 1201 2064 carnes
1222 2008 1258 2064 et

182 2111 333 2183 asininae
347 2135 417 2208 pro
433 2109 681 2208 imperialibus
693 2108 830 2183 deliciis
840 2107 1158 2208 computabantur.
1176 2109 1258 2181 Gal-

184 2225 272 2301 linae
284 2226 442 2324 pretium
457 2252 505 2299 xv
518 2243 596 2300 erat
608 2225 823 2301 solidorum.
837 2227 956 2300 Ovum
969 2225 1110 2301 duobus
1119 2225 1255 2317 solidis,

182 2368 258 2415 nux
280 2342 423 2442 juglans
448 2369 523 2417 uno
537 2341 812 2442 appretiabatur
833 2342 998 2417 denario.
1025 2342 1160 2418 Multos
1182 2360 1258 2417 sta-

183 2474 276 2531 teres
305 2485 459 2560 quaeque
486 2460 569 2533 vilia
598 2460 781 2534 valebant.
811 2461 938 2534 Taedet
963 2486 1021 2534 me
1047 2462 1257 2562 singillatim

182 2601 395 2650 enumerare
412 2578 646 2652 multimodos
670 2579 811 2653 labores
831 2595 867 2652 et
887 2604 1013 2652 omnes
1036 2579 1195 2651 miserias
1217 2606 1258 2653 ac

183 2697 375 2795 passiones,
385 2721 472 2795 quas
484 2697 520 2767 in
531 2693 622 2768 urbe
629 2695 769 2769 obsessa
780 2721 890 2770 xxxvr
899 2694 1025 2768 diebus
1034 2697 1088 2795 (a)
1101 2698 1256 2795 perpessi

182 2827 267 2885 sunt
281 2811 505 2885 Christicolae
518 2813 722 2886 muniones.
741 2814 799 2886 Sic
810 2813 905 2885 Deus
918 2838 1000 2885 suos
1012 2811 1163 2885 athletas
1175 2839 1259 2912 pro

181 2929 282 3003 barit
291 2984 301 3018 ,
317 2945 354 3002 et
367 2946 439 3002 uta
456 2932 614 3029 propriis
628 2923 786 3004 reatibus
798 2931 1046 3030 expiarentur,
1063 2933 1099 3004 in
1115 2933 1258 3006 camino

183 3046 430 3119 tribulationis
451 3047 686 3136 examinavit,
712 3063 749 3120 et
769 3063 943 3148 purgatos
964 3047 1122 3147 gloriose
1138 3047 1258 3124 hono-

183 3167 290 3236 ravit.

233 3280 435 3380 Stephanus
452 3282 613 3372 interim,
630 3307 752 3356 comes
769 3283 1015 3371 carnotensis,
1033 3282 1255 3373 infirmitate,

184 3413 225 3469 ut
241 3397 400 3489 dicebat,
420 3399 584 3472 detentus
602 3400 844 3500 aliquantula,
860 3401 952 3472 sicut
967 3399 1104 3472 dictum
1119 3416 1191 3486 est,
1212 3399 1257 3472 ad

182 3682 218 3719 en
228 3675 311 3736 ayant
323 3667 368 3719 ete
379 3666 485 3720 te'rnoin
496 3665 618 3721 ocrdaire
628 3666 696 3721 dans
708 3675 780 3721 cette
790 3664 865 3720 ville.
875 3663 991 3721 Suivant
1003 3662 1118 3737 Florent
1128 3665 1164 3720 de
1173 3665 1258 3722 Wor·

182 3764 281 3820 cester,
295 3753 347 3809 elle
358 3755 478 3810 n’aurait
488 3775 522 3810 eu
537 3755 594 3810 lieu
608 3775 663 3830 que
675 3757 701 3811 le
714 3774 747 3831 27
761 3754 933 3830 septembre,
947 3754 1085 3828 plusieurs
1096 3756 1167 3813 mois
1177 3759 1257 3831 apres

181 3845 310 3918 l’epoque
324 3844 372 3919 qui
386 3844 426 3899 lui
438 3856 481 3900 est
494 3845 621 3919 assigne'e
636 3848 684 3902 ici.

217 3939 257 4006 (r)
273 3936 339 3992 Cuit
352 3952 416 3990 sous
428 3935 454 3989 la
466 3934 579 3991 rendre.

217 4026 256 4095 (a)
267 4025 306 4079 Ce
319 4024 416 4079 chitlre
428 4036 471 4079 est
480 4026 624 4097 beaucoup
637 4035 702 4098 trop
714 4024 813 4094 suble,
827 4023 865 4080 les
878 4025 981 4081 croises
995 4027 1131 4082 restarent
1143 4027 1207 4101 pres
1221 4026 1256 4081 de

183 4115 256 4172 deux
271 4116 341 4170 mois
354 4114 470 4189 bloqnds
482 4115 550 4171 daus
564 4116 713 4171 Antioche.
