2888 4934
264 419 325 479 aas
538 413 721 475 nisronn
744 413 1049 487 accensurum.
1224 417 1329 494 [toan

264 571 373 648 quam
388 569 452 618 rex
470 543 688 636 advenisset,
709 572 793 618 cum
806 546 1102 619 Normsunnrum
1117 541 1260 618 viribus
1273 544 1328 619 de

263 678 473 736 vastaverat.
489 663 634 735 Irruens
652 663 771 763 itaque
787 664 964 736 exercitus
978 662 1073 760 regis
1087 687 1172 734 eum
1188 661 1330 762 oppila·

263 781 318 853 nis
342 791 464 879 portas
486 780 737 877 pertransivit,
765 797 801 852 et
821 805 887 879 per
911 779 1049 852 rabiem
1065 779 1330 878 armigerorum

263 895 422 970 immisso
437 897 519 996 igne
533 911 688 968 castrum
702 922 784 969 cum
798 897 953 970 ecclesiis
968 912 1004 967 et
1016 893 1152 967 aedibus
1168 894 1332 971 combm·

260 1015 307 1087 sit
325 1014 393 1112 (t);
414 1040 471 1102 ac,
490 1014 582 1085 sicut
597 1012 732 1103 lertur,
749 1011 938 1086 bominum
952 1010 1146 1086 multitudo
1159 1013 1330 1088 violentis

260 1129 354 1230 ignis
368 1128 535 1227 deperiit.
555 1129 659 1202 Tunc
679 1127 727 1200 ibi
748 1154 792 1201 ex
813 1129 927 1202 nimio
943 1145 1032 1202 oestu
1050 1126 1231 1203 solabere
1246 1134 1331 1229 pin-

259 1245 448 1344 guissimus
470 1269 534 1318 rex
561 1243 774 1319 Guillelmus
800 1243 1000 1318 infirmatus
1027 1260 1079 1316 est
1107 1245 1177 1342 (a),
1208 1259 1245 1318 et
1271 1269 1330 1321 sex

259 1357 542 1436 hebdomadibus
567 1361 741 1458 languens
766 1361 927 1460 graviter
956 1360 1119 1435 anxiatus
1145 1375 1213 1432 est.
1244 1358 1330 1435 lude

258 1476 424 1578 quidam,
445 1478 508 1578 qui
532 1478 610 1576 paci
628 1475 923 1567 adversabantur,
942 1475 1162 1576 gaudebant,
1180 1492 1219 1551 et
1234 1476 1330 1551 libe·

259 1623 339 1671 ram
360 1595 635 1695 permissionem
656 1593 820 1686 furandi,
846 1621 908 1668 seu
929 1620 985 1668 res
1007 1595 1141 1668 alienas
1166 1594 1336 1694 rapiendi

260 1709 527 1812 exspectabant.
546 1711 664 1783 Porro
681 1710 763 1803 alii,
783 1711 846 1810 qui
859 1712 1087 1785 securitate-
1101 1712 1197 1809 pucis
1209 1736 1344 1812 exspe-

259 1829 420 1919 ctabant,
432 1828 568 1927 pacifici
579 1828 726 1925 patroni
737 1843 894 1901 mortem
903 1826 1341 1905 multumlormidabunt.

260 1945 325 2020 Ille
340 1969 442 2035 vero,
456 1944 519 2044 qui
534 1967 676 2042 semper
693 1943 843 2016 inomni
859 1943 934 2017 vita
945 1971 1008 2018 sua
1021 1944 1240 2042 sapientium
1249 1971 1348 2020 con·

259 2062 340 2136 silio
358 2088 438 2134 usus
453 2062 591 2151 luerat,
608 2059 796 2160 Deumque
812 2076 853 2133 ut
870 2059 984 2134 fidelis
996 2086 1118 2136 servus
1137 2062 1334 2151 timuerat,

260 2195 463 2279 sanctaeque
479 2176 608 2251 matris
618 2176 788 2251 Ecclesiae
803 2177 993 2252 indefessus
1005 2178 1171 2253 defensor
1188 2181 1333 2257 exstite-

261 2313 336 2386 rat,
356 2299 468 2395 usque
490 2292 535 2367 ad
555 2310 714 2369 mortem
739 2291 908 2367 laudabili
933 2302 1109 2369 memoria
1135 2295 1274 2396 viguit3
1300 2311 1331 2369 et

262 2413 365 2488 sicuti
384 2413 475 2500 vita,
491 2411 541 2483 sic
558 2411 667 2484 etiam
683 2409 764 2484 linis
777 2410 991 2485 venerabilis
1004 2410 1151 2486 exstitit.
1170 2413 1214 2486 ln
1228 2413 1330 2513 tegri-

264 2529 390 2606 tudiue
406 2556 468 2602 sua
486 2552 599 2628 usque
621 2526 666 2600 ad
684 2525 814 2601 boram
831 2529 959 2601 mortis
984 2530 1169 2628 integrum
1192 2555 1330 2604 sensum

264 2666 301 2723 et
318 2649 479 2721 vivacem
495 2645 676 2746 loquelam
693 2642 841 2736 habuit,
858 2646 1107 2746 scelerumque
1126 2647 1328 2745 poenitens,

264 2781 409 2867 peccata
428 2791 489 2838 sua
513 2760 756 2838 sacerdotibus
778 2762 842 2836 Dei
868 2763 1062 2852 revelavit,
1079 2790 1120 2837 ac
1138 2762 1334 2839 secundum

265 2907 409 2956 morem
442 2878 711 2953 christianitatis
739 2878 856 2953 Deum
885 2877 951 2952 sibi
982 2879 1123 2978 placare
1153 2877 1335 2957 humiliter

267 2997 417 3072 studuit.
441 2996 544 3068 Circa
568 2996 672 3068 illum
697 2995 867 3094 praesules
890 3011 927 3069 et
947 2993 1092 3069 abbates
1119 3011 1158 3070 et
1181 2995 1336 3097 religiosi

266 3116 336 3190 viri
364 3111 704 3201 commorabantur,
731 3127 768 3184 et
791 3112 972 3186 morituro
1005 3113 1161 3213 principi
1193 3112 1336 3189 salubre

304 3402 344 3472 (ι)
362 3398 399 3452 la
417 3397 605 3451 circonstauce
625 3394 674 3468 qui
692 3393 780 3448 excita
796 3392 822 3448 le
839 3393 902 3467 plus
919 3396 1056 3450 vivemeut
1070 3394 1271 3470 l’iudlgnation
1287 3415 1337 3471 pu·

269 3490 365 3564 blique
375 3488 420 3542 fut
433 3487 459 3541 la
475 3495 550 3540 mort
560 3483 596 3539 de
607 3482 681 3538 deux
693 3481 797 3551 reclus,
812 3483 976 3556 envcloppes
988 3483 1056 3538 daus
1071 3483 1096 3537 la
1113 3484 1291 3541 destruction
1304 3485 1338 3542 de

269 3578 374 3654 l’eplise
391 3596 444 3633 aux
461 3575 600 3631 murailles
618 3573 653 3628 de
667 3572 785 3648 laquelle
803 3572 837 3626 ils
853 3575 961 3629 avaient
974 3574 1084 3630 attacbe
1100 3575 1127 3630 le
1143 3586 1219 3632 reste
1230 3575 1339 3635 delent·

270 3669 417 3725 existence.
436 3666 484 3723 On
501 3665 553 3720 salt
565 3663 694 3720 combien
706 3672 779 3718 cette
792 3665 921 3737 captivite'
938 3664 1090 3721 voloutaire
1103 3668 1172 3723 etait
1190 3667 1266 3725 alors
1284 3669 1339 3727 tre·
1439 3680 1443 3689 “

271 3769 393 3832 quente,
404 3768 433 3813 et
447 3756 538 3832 quelle
551 3753 688 3829 prolonde
700 3754 855 3826 sympathia
867 3753 920 3811 elle
933 3756 1063 3830 inspirarit
1073 3776 1128 3813 aux
1140 3759 1252 3832 pieuses
1263 3762 1341 3833 ge'ne·
1420 3772 1443 3787 ‘

271 3847 376 3902 satione
389 3845 429 3900 du
441 3863 540 3918 moyen
553 3845 613 3917 alge.

308 3935 346 4008 (a)
365 3934 453 3992 Notre
473 3944 574 3990 auteur
586 3951 621 3987 ne
636 3931 712 4007 parle
727 3950 782 4006 que
799 3930 883 3987 d'une
900 3934 1022 4002 muniere
1040 3953 1128 4010 vagus
1143 3935 1179 3992 de
1196 3936 1341 3995 l’seeident
1390 3933 1443 3984 5«

272 4027 322 4104 qni
343 4025 439 4081 devint
459 4042 538 4081 cause
558 4022 594 4079 de
611 4022 637 4079 la
656 4032 732 4077 mort
748 4022 784 4077 de
804 4022 979 4091 Guillaume;
1001 4025 1069 4080 rnais
1088 4044 1160 4082 nous
1176 4044 1278 4087 savum
1295 4046 1342 4104 μι·
1375 4035 1443 4073 ‘¹-

273 4115 395 4174 d’autres
408 4115 558 4171 historiens
574 4113 658 4188 qu'en
670 4122 780 4167 sautant
799 4131 837 4167 un
851 4113 922 4168 losse
935 4115 950 4168 a
963 4114 1071 4184 cheval,
1092 4134 1124 4171 ce
1143 4117 1258 4191 priuos,
1272 4120 1341 4174 tres·
1358 4122 1443 4157 -Ἰ

272 4209 374 4282 replet,
386 4207 429 4262 fut
438 4205 525 4260 blesse'
536 4213 696 4278 gravemeut
705 4220 758 4257 aux
768 4203 908 4259 entrailles
923 4223 974 4278 par
984 4205 1011 4260 le
1022 4223 1171 4279 pommeau
1183 4205 1257 4266 dela
1267 4206 1369 4266 selle..
1389 4209 1443 4251 Ε
