2872 4920
181 370 241 431 368
460 366 644 427 HISTORIA
668 365 975 426 ECCLESIASTICA.
1149 368 1253 447 [tuot]

182 500 280 574 tandi
294 527 408 586 causa,
419 500 535 572 donec
543 502 720 599 equitatus
731 501 981 598 pertransiret,
995 500 1070 572 cito
1079 497 1254 574 divertere

180 621 309 693 voluit.
328 619 463 691 Verum
483 617 629 719 quidam
647 619 806 691 enormis
821 634 984 705 staturae,
1002 620 1123 690 serens
1138 619 1254 716 ingen·

182 755 255 811 tem
272 764 478 822 maxucam,
509 735 760 834 presbyterum
779 752 1037 834 properantem
1056 738 1250 835 praevenit,

180 874 217 929 et
232 881 339 953 super
362 871 469 952 caput
488 856 561 954 ejus
583 855 700 926 levato
716 871 817 927 vecte
841 853 957 926 dixit:
978 856 1066 945 Sta,
1088 882 1158 927 nec
1174 883 1251 953 pro·

179 975 359 1071 gratioris
387 973 495 1044 ultra.
531 973 618 1043 Mox
652 973 838 1069 presbyter
869 973 1040 1072 diriguit,
1069 990 1107 1046 et
1129 971 1252 1047 baculo

179 1119 288 1194 quem
309 1090 491 1191 bajulabat
509 1090 738 1188 appodiatus,
760 1089 956 1164 immobilis
973 1091 1084 1163 stetit.
1115 1089 1249 1163 Arduus

179 1237 268 1283 vero
285 1211 434 1282 vectifer
449 1212 548 1308 juxta
562 1234 645 1280 eum
659 1208 794 1295 stabat,
812 1225 848 1280 et
863 1207 952 1280 nihil
968 1211 998 1281 ei
1018 1234 1156 1282 nocens
1170 1235 1250 1307 prte-

181 1345 384 1422 tereuntern
411 1327 610 1399 exercitum
635 1325 857 1423 expectabat.
884 1327 977 1398 Ecce
1001 1328 1132 1425 ingens
1157 1325 1248 1398 turba

179 1444 343 1543 pediturn
359 1441 622 1541 pertransibat,
644 1459 680 1514 et
698 1441 850 1540 pecudes
865 1470 905 1517 ac
920 1459 1051 1527 vestes,
1067 1443 1245 1516 multimo-

179 1559 335 1659 damque
355 1557 636 1657 supellectilem,
659 1573 695 1628 et
715 1556 852 1629 diversa
874 1559 1057 1646 utensilia,
1077 1584 1161 1658 quae
1174 1584 1246 1658 pre·

181 1677 293 1750 dones
318 1692 503 1774 asportare
524 1677 662 1766 solent,
682 1701 789 1773 super
807 1677 898 1748 colla
923 1677 1157 1776 scapulasque
1183 1702 1243 1748 suas

180 1791 332 1865 serebat.
361 1792 493 1863 Omnes
517 1792 690 1863 nimirum
720 1788 1025 1879 lamentabantur,
1050 1817 1197 1892 seseque
1214 1807 1241 1863 ut

180 1909 390 1981 festinarent
420 1905 720 1981 cohortabantur.
760 1908 895 1979 Multos
920 1908 1027 1980 etiam
1059 1909 1238 1982 vicinorum

181 2052 351 2114 suorum,
372 2027 433 2125 qui
454 2051 569 2123 nuper
592 2024 777 2110 obierant,
799 2023 985 2122 presbyter
1004 2023 1137 2098 ibidem
1151 2050 1237 2097 reco·

182 2143 309 2240 gnovit
318 2196 328 2229 ,
346 2158 382 2213 et
395 2156 593 2239 moerentes
606 2165 675 2239 pro
693 2140 832 2238 magnis
846 2140 1049 2238 suppliciis,
1066 2141 1192 2241 quibus
1202 2136 1236 2212 oh

179 2257 338 2332 facinora
351 2287 410 2331 sua
428 2257 708 2358 torquebantur,
728 2256 878 2329 audivit.
898 2257 1034 2331 Deinde
1053 2276 1168 2331 turma
1180 2282 1236 2330 vet·

181 2378 363 2474 pilionum
389 2377 444 2474 (t)
467 2393 585 2448 secuta
612 2391 682 2462 est,
711 2376 768 2447 cui
795 2377 962 2474 praelatus
986 2377 1086 2476 gigas
1112 2389 1234 2476 repente

182 2497 370 2568 associatus
392 2512 454 2566 est.
479 2495 624 2568 Feretra
649 2496 724 2566 lere
749 2495 1010 2593 quinquaginta
1034 2494 1232 2576 serebantur,

181 2631 220 2686 et
243 2612 528 2712 unumquodque
557 2640 575 2684 a
605 2610 745 2684 duobus
774 2612 901 2711 bajulis
927 2613 1125 2685 serebatur.
1143 2617 1234 2685 Porro

182 2757 290 2829 super
309 2733 440 2803 feretra
458 2729 620 2803 homines
640 2732 741 2827 parvi
762 2730 860 2801 velut
882 2731 966 2802 nani
987 2729 1176 2824 sedebant,
1192 2721 1234 2800 sed

183 2876 310 2949 magna
330 2849 450 2947 capita
464 2874 528 2920 ceu
547 2848 642 2919 dolia
662 2846 856 2920 habebant.
876 2849 1007 2946 lugens
1023 2850 1131 2920 etiam
1152 2866 1236 2919 trun‘

184 2995 272 3038 cusa
283 2964 664 3063 duobnsAEthiopibus
678 2963 907 3063 portabatur,
924 2983 960 3038 et
972 2993 1081 3064 super
1093 2983 1235 3038 truncum

185 3084 330 3183 quidam
354 3085 532 3171 misellus,
559 3084 637 3156 dire
658 3085 807 3184 ligatus,
834 3085 1078 3172 cruciabatur,
1107 3102 1142 3159 ct
1165 3086 1237 3156 inter

184 3227 336 3301 angores
347 3203 445 3274 diros
457 3202 612 3274 ululatus
623 3203 805 3295 emittens,
818 3201 1097 3275 vociferabatur.
1108 3194 1238 3277 Teterri·

775 3369 870 3376 —-
1045 3359 1234 3378 ...ῃ-κ·

185 3451 209 3505 la
225 3453 286 3505 nuit
299 3450 509 3505 d'adrninistrer
523 3469 561 3504 uu
576 3450 683 3505 malade
696 3469 729 3504 au
744 3450 842 3523 village
854 3450 894 3527 du
909 3451 990 3513 Bosc,
1007 3460 1105 3504 trouva
1117 3470 1149 3504 au
1162 3441 1238 3503 hardu

185 3546 235 3615 pre
248 3541 386 3606 d'Olivet,
401 3543 416 3592 a
431 3559 470 3593 un
484 3540 628 3594 carresour
643 3543 754 3593 nournrc
771 3539 809 3593 les
829 3538 1061 3593 t'osses-ttatadcs
1077 3541 1108 3612 (a
1121 3557 1195 3593 cause
1205 3531 1239 3587 det

184 3631 324 3703 fosscsqui
333 3628 515 3695 l’avoisinent‚
527 3639 556 3682 et
564 3628 632 3682 dans
642 3628 787 3700 lesquelles
795 3639 950 3681 onenterra
961 3628 999 3681 les
1009 3639 1107 3692 morts,
1118 3625 1239 3682 lorsd'unt

185 3719 323 3794 epidcnrie
333 3720 380 3792 qui
395 3736 508 3792 ravagea
520 3718 544 3771 la
555 3719 699 3790 paroisse),
715 3737 770 3772 une
783 3721 923 3772 trcntaine
932 3718 1090 3773 d‘hommes
1104 3707 1240 3773 habille'sdt

186 3829 288 3883 rouge,
305 3809 342 3863 les
356 3826 408 3862 uns
422 3812 436 3861 ὲι
449 3807 513 3880 pied
528 3819 556 3861 et
571 3808 608 3863 les
621 3820 713 3863 autres
723 3813 737 3862 a
748 3810 851 3862 chcval.
866 3810 919 3863 Ces
934 3810 1059 3863 hommes
1072 3805 1240 3863 contristant

186 3901 212 3955 le
226 3904 292 3955 cure'
303 3900 435 3972 jusqu’au
450 3899 520 3953 haut
532 3898 570 3952 du
585 3902 648 3971 pre,
663 3918 698 3952 en
712 3899 737 3951 le
750 3898 900 3953 sollicitant
913 3897 1055 3969 d’abjnrer
1066 3917 1093 3951 sa
1106 3895 1239 3968 religione!

186 3992 221 4047 de
232 3993 324 4046 tenier
334 3990 416 4044 Dieu.
432 3990 538 4044 Toutes
547 3989 622 4043 leurs
635 3991 772 4043 instanccs
783 4000 865 4061 ayant
875 3990 998 4056 echone,
1014 3988 1048 4043 ils
1060 4007 1089 4042 se
1100 3988 1237 4042 retii-trent.

186 4092 214 4136 et
230 4082 372 4135 laissirent
384 4078 410 4132 le
423 4078 479 4132 bon
494 4077 702 4151 ecclesiastique
715 4096 850 4150 regagncr
864 4098 897 4131 cn
914 4079 976 4152 pair
991 4096 1040 4131 son
1056 4077 1211 4151 presbyten.

222 4174 261 4241 (ι)
276 4170 417 4222 Porteurs.
