2888 4934
144 385 298 458 [sirano.
317 378 409 457 1999]
541 376 657 439 uultu
678 376 816 437 NONUS.
1145 383 1206 442 619

192 508 414 582 Raimundus
426 533 561 598 comes,
578 510 701 583 amari
717 509 891 599 militans,
907 509 1086 584 interfecit
1098 512 1209 586 inuu-

144 651 281 716 meros,
306 641 343 699 et
359 624 531 725 fugientes
548 625 592 698 ed
609 627 809 715 civitatem,
828 649 909 725 quas
926 626 1148 726 aliquatenus
1162 628 1210 701 ab

129 745 227 840 ‘ipsis
238 741 406 831 distabat,
420 743 609 842 insigniter
624 741 780 816 arcebat.
803 742 904 816 Unde
919 743 1070 843 fatigati,
1087 769 1209 817 remu-

144 857 297 949 nebant,
328 859 384 933 vel
413 861 599 933 confestim
628 861 781 959 percussi
813 858 1052 959 oppetebant,
1088 862 1142 934 vel
1172 861 1209 934 in

142 998 243 1046 mare
264 998 302 1046 se
325 972 617 1073 precipitabant,
637 990 674 1046 et
688 975 740 1048 sic
764 974 967 1072 praecipites
991 1000 1011 1045 a
1030 990 1150 1049 morte
1171 975 1209 1048 in

143 1106 300 1164 mortem
324 1088 491 1162 ruebant.
513 1091 704 1190 Navigium
728 1089 944 1164 Admiravisi
967 1116 1069 1164 marc
1093 1107 1210 1164 totum

141 1207 366 1295 occuluerat,
383 1222 421 1278 et
433 1228 521 1304 gens
536 1207 595 1281 illa
610 1207 720 1280 finem
733 1205 820 1280 belli
835 1207 1057 1306 expectabat.
1075 1206 1210 1281 Viden-

142 1339 192 1396 tes
214 1339 333 1396 autem
357 1324 483 1414 aliam,
511 1350 622 1424 quam
645 1342 898 1423 speraverant,
926 1324 997 1398 suis
1023 1325 1211 1398 imminere

140 1440 341 1531 fortunam,
362 1440 501 1540 scaphis
515 1442 667 1514 usensis
679 1442 757 1516 vela
775 1442 812 1514 in
830 1457 978 1516 ventum
995 1439 1210 1541 obliquave-

142 1573 248 1644 runt,
275 1573 312 1630 et
332 1558 382 1631 sic
399 1557 443 1631 ad
461 1559 614 1657 patriam
634 1560 917 1659 remigaverunt.
937 1559 1071 1631 Dicunt
1093 1573 1210 1631 autem

142 1673 408 1747 Admiravisum
424 1676 485 1747 vix
502 1677 738 1774 palpitantem
760 1677 832 1750 alte
855 1676 1085 1775 ingemuisse,
1108 1691 1145 1746 et
1162 1674 1212 1749 sic

141 1791 344 1888 planxisse:
366 1791 398 1862 0
418 1800 578 1864 omnium
605 1793 772 1884 Creator,
794 1794 960 1892 quidest
983 1791 1083 1866 boc?
1108 1791 1214 1891 Quid
1306 1848 1311 1857 .

142 1907 298 1994 accidit,
332 1909 434 2006 qrcod
449 1908 581 2006 fctum
613 1909 714 1982 nobis
746 1907 918 2007 infestum
945 1908 1105 1984 nocuit?
1137 1909 1213 1979 Hei

141 2022 253 2094 milti!
284 2049 396 2121 quum
431 2024 617 2122 ineffabile
648 2025 829 2099 dedecus!
857 2051 970 2125 quum
999 2025 1210 2096 diuturnum

142 2143 399 2241 improperium
419 2147 521 2240 genti
536 2158 670 2214 nostroe
692 2145 868 2242 contigit!
897 2141 995 2214 Gens
1019 2141 1208 2231 mendice,

139 2285 232 2361 gens
249 2257 395 2332 modica
409 2261 514 2359 genti
528 2275 660 2333 nostroe
667 2262 880 2360 praevaluit.
901 2259 1007 2333 Unde
1019 2257 1112 2332 noc?
1128 2285 1212 2331 con·

142 2376 305 2448 wntibne
319 2372 437 2473 sacta
447 2431 461 2465 ,
490 2374 559 2448 lruc
586 2377 751 2449 eandm
776 2377 933 2450 militum
956 2400 997 2447 ce
1022 2375 1162 2463 millia,
1177 2392 1213 2448 et

133 2492 302 2594 peditum
318 2519 389 2562 non
400 2509 650 2580 estimares,
663 2518 752 2591 quos
760 2494 863 2565 omni
869 2492 1007 2564 mundo
1020 2491 1212 2565 credebam

135 2609 405 2709 praevalituros.
424 2607 535 2679 Nunc
551 2622 692 2692 autem,
713 2622 843 2678 utnon
860 2611 1029 2695 meritiar,
1049 2634 1072 2678 α
1090 2610 1211 2681 minus

141 2751 253 2824 quam
268 2724 369 2797 mille
382 2723 577 2810 militibus,
596 2739 630 2794 et
650 2747 725 2797 xxx
743 2723 913 2824 peditum
934 2723 1114 2811 millibus,
1136 2740 1210 2797 tam

142 2843 350 2914 indecenter
364 2845 527 2941 superati
544 2856 643 2912 sum.
665 2842 744 2914 Aut
765 2841 907 2914 illorum
928 2841 1031 2912 Deus
1046 2845 1213 2942 omnipo-

144 2976 220 3032 tens
245 2975 317 3044 est,
344 2974 377 3030 et
396 2984 463 3057 pro
484 2960 537 3030 eis
554 2972 722 3053 pugnnt;
744 2974 809 3028 aut
830 2975 953 3031 noster
972 2957 1078 3031 nobis·
1096 2963 1211 3031 iratus

143 3095 209 3168 est,
225 3094 260 3148 et
274 3103 340 3148 nos
355 3078 465 3148 nimis
482 3072 762 3173 austerojirrore
777 3079 937 3173 castigat
954 3091 987 3146 et
1004 3075 1207 3173 redarguit.

146 3192 342 3292 Quidquid
361 3194 427 3281 sit,
446 3217 556 3264 unum
574 3193 654 3263 erit.
680 3199 726 3264 In
748 3217 807 3265 eos
832 3190 952 3263 denuo
969 3217 1044 3263 non
1066 3193 1211 3289 erigam

143 3312 210 3382 sed
236 3310 359 3408 potius
386 3307 440 3379 ad
459 3311 630 3408 patriam
647 3334 787 3396 meam,
805 3311 1067 3403 ignominiosus
1094 3307 1212 3380 donec

142 3429 296 3513 uixere,
315 3443 481 3497 reverter.
498 3422 693 3513 Hisdictis,
710 3422 994 3522 lacrymabiliter
1006 3444 1211 3521 conquere-

143 3542 265 3631 batur,
280 3557 317 3614 et
327 3540 373 3612 ab
391 3541 528 3614 intimis
544 3538 822 3612 lamentabatur.
843 3538 1078 3629 Ascalonitae,
1096 3554 1138 3610 ut
1154 3539 1211 3611 vi-

143 3657 276 3730 derunt
302 3657 476 3754 fugientes
509 3657 695 3756 Agerenos
723 3655 854 3729 urbem
880 3654 1124 3755 conglobatim
1151 3658 1212 3731 in-

145 3790 255 3860 trare,
268 3787 305 3843 et
318 3771 558 3845 Raimundum
572 3774 741 3848 comitem
751 3799 836 3846 cum
848 3775 918 3844 suis
930 3771 1211 3871 provincialibus

145 3889 390 3964 indeficienter
406 3892 571 3988 persequi
590 3907 627 3962 et
645 3906 823 3978 mactare,
847 3890 964 3962 valvas
984 3891 1207 3978 clauserunt,

144 4023 180 4079 et
205 4006 320 4079 hostes
343 4007 617 4107 auxiliariosque
639 4010 775 4106 pariter
799 4008 1039 4080 excluserunt.
1066 4007 1209 4079 Metue-

145 4125 234 4202 lrant
251 4126 348 4198 enim
366 4151 410 4198 ne
427 4151 508 4198 cum
529 4123 809 4199 adminiculariis
829 4125 1053 4200 invincibiles
1074 4123 1209 4200 inimici
