2888 4934
179 433 218 495 54
456 435 638 495 HISTORIA
659 434 961 496 EcctEsttstlca.
1060 442 1146 515 [aare
1163 442 1240 518 560}

182 580 288 636 tustas
310 582 496 637 memorat.
525 566 617 637 Nam
635 567 811 664 geminam
830 568 970 665 prolem
986 571 1140 666 potentis
1160 568 1238 641 beri

181 706 278 753 mors
294 682 481 753 immatura
498 683 574 753 sine
583 681 792 778 baptismate
805 700 991 781 rapuerat3
1003 683 1097 757 unde
1108 686 1242 757 nimius

180 796 287 871 dolor
300 813 471 898 utrosque
483 814 646 896 parentes
656 799 844 872 invaserat.
861 800 1036 873 Martinus
1048 817 1181 891 autem,
1193 801 1241 874 ab

180 915 308 1014 Anglia
329 940 507 1003 reversus,
527 916 657 987 amieos
672 915 832 1014 lugentes
849 917 1005 1002 invenit,
1024 918 1242 990 consolatio-

182 1056 264 1104 nem
297 1057 317 1105 e
341 1033 438 1106 coelo
462 1032 644 1132 quaesivit,
669 1035 806 1104 meritis
830 1051 866 1106 et
889 1034 1053 1132 precibus
1078 1035 1243 1133 geminos

182 1149 264 1221 vitae
281 1147 452 1234 reddidit,
472 1174 605 1249 eosque
624 1150 659 1220 in
685 1150 902 1247 patrimonio
925 1149 1133 1223 eorumdem
1156 1175 1240 1224 mo-

181 1264 313 1340 nachos
332 1265 407 1339 Deo
430 1263 573 1337 dicavit.
600 1264 800 1365 Antiquam
816 1266 862 1339 ab
882 1282 1011 1338 eventu
1026 1266 1141 1338 eidem
1161 1267 1245 1339 vico

182 1407 312 1456 nomen
338 1407 448 1482 usque
473 1381 579 1455 hodie
600 1400 822 1480 perseverat,
850 1400 886 1456 et
910 1385 1035 1483 ingens
1059 1385 1244 1483 congeries

182 1496 341 1596 lapidum
363 1497 400 1569 in
421 1495 659 1570 fundamentis
680 1497 913 1571 aedificiorum
931 1515 968 1572 et
987 1499 1100 1572 ruinis
1120 1525 1238 1570 mace-

183 1612 319 1684 riarum
340 1609 482 1683 evidens
501 1615 744 1687 testimonium
761 1613 822 1687 dat
840 1614 936 1715 quod
956 1641 1097 1714 magnoe
1116 1613 1242 1714 digni-

184 1729 262 1799 tatis
275 1726 460 1800 hominum
477 1726 648 1803 habitatio
663 1732 890 1830 Bajocensem
905 1758 1035 1831 pagum
1049 1732 1244 1804 illustrave-

184 1844 245 1915 rit.
263 1843 444 1933 Ebrulius,
457 1843 571 1916 adhuc
583 1843 714 1918 divitiis
725 1864 761 1919 et
771 1847 967 1920 honoribus
980 1864 1106 1946 potens
1118 1847 1239 1933 laicus,

183 1963 320 2060 praesati
355 1966 415 2059 (ut
448 1961 594 2060 dicunt)
626 1963 784 2037 coenobii
820 1965 1095 2039 constructionis
1131 1964 1243 2036 astitit

184 2095 396 2177 cooperator
413 2077 572 2151 idoneus.
584 2081 797 2179 Incipientes
813 2082 909 2153 enim
922 2081 1071 2153 consilio
1084 2080 1240 2180 adjuvit,

69 2295 71 2298 Α
187 2194 386 2267 baesitantes
409 2195 676 2279 corroboravit,
692 2198 820 2297 opibus
838 2215 874 2270 et
888 2197 1023 2287 lundis,
1051 2199 1245 2296 multisque

185 2310 299 2384 modis
322 2335 378 2384 res
404 2337 519 2408 nuper
539 2313 713 2410 incoeptas
737 2316 991 2414 augmentavit.
1023 2314 1078 2386 Ad
1101 2328 1245 2411 postre-

187 2455 286 2501 mum
300 2427 469 2503 omnibns
482 2428 651 2518 nudatus,
670 2430 717 2503 ibi
733 2458 768 2503 se
782 2432 977 2520 abdicavit,
992 2455 1167 2529 verusque
1180 2428 1243 2501 Ilei

187 2571 321 2644 pauper
348 2544 549 2619 monachile
572 2546 709 2621 schema
733 2548 865 2622 ibidem
886 2548 1056 2646 suscepit,
1084 2564 1120 2620 et
1137 2545 1249 2618 annis

187 2662 400 2737 obedientiae
414 2663 490 2736 Deo
503 2663 688 2752 militavit,
708 2683 744 2738 et
761 2664 984 2738 intuentibus
1000 2665 1164 2762 exemplo
1181 2688 1247 2735 co·

188 2781 353 2853 ruscavit.

238 2927 256 2966 a
275 2897 430 2986 Verum,
449 2925 531 2970 cum
546 2897 594 2970 ob
609 2898 802 2971 sanctitatis
818 2899 970 2997 gratiam
988 2897 1153 2993 coepisset
1173 2896 1248 2993 glo-

189 3015 301 3087 riosus
318 3017 495 3087 consessor
512 3012 683 3087 Ebrulsus
699 3043 718 3085 a
734 3013 904 3087 iratribus
918 3012 1112 3098 honorari,
1129 3038 1248 3083 casum

189 3128 351 3201 elationis
364 3146 524 3201 metuens
546 3129 748 3214 incurrere,
769 3131 888 3200 accitis
902 3154 1021 3202 secum
1040 3125 1153 3198 tribus
1166 3152 1249 3198 mo-

190 3242 326 3334 nacbis,
351 3272 439 3344 quos
456 3245 522 3317 sibi
543 3244 708 3316 familiari
734 3246 973 3318 collocutione
990 3246 1248 3345 conjunxerat,

189 3378 225 3434 et
243 3360 287 3434 ad
311 3362 345 3434 id
363 3363 592 3461 perlectionis
615 3377 793 3434 certamen
811 3364 1051 3460 promptiores
1069 3385 1250 3462 cognove-

191 3496 262 3568 rat,
284 3495 408 3579 utpote
427 3480 534 3552 solius
550 3479 616 3550 Dei
643 3479 936 3576 contemplationi
960 3479 1083 3551 volens
1109 3478 1250 3548 incum-

189 3595 294 3686 bere,
322 3623 458 3669 summa
482 3623 564 3670 cum
591 3596 777 3669 velocitate
803 3594 937 3666 studuit
958 3594 1118 3666 eremum
1139 3615 1251 3690 expe-

192 3731 279 3786 tere.
310 3745 328 3781 »
356 3714 423 3808 Qui
452 3741 517 3813 per
545 3715 770 3786 Oximensem
799 3737 930 3810 pagum
959 3711 994 3781 in
1027 3709 1163 3795 locum,
1187 3709 1251 3807 qui

192 3831 460 3904 Montis-Fortis
472 3831 603 3904 dicitur
618 3836 631 3926 l
640 3833 686 3927 r),
703 3845 891 3913 venerunt,
908 3825 1041 3926 ibique,
1055 3826 1136 3925 quia
1153 3824 1252 3896 locus

228 4116 267 4186 (a)
284 4101 491 4169 Salat-Erroult
508 4113 543 4166 de
556 4112 692 4167 Moutlort
706 4117 721 4166 a
733 4131 788 4167 une
800 4110 964 4166 demi-liene
977 4129 1011 4164 aa
1028 4109 1099 4164 nord
1118 4108 1153 4162 de
1165 4107 1251 4162 Gaesi.

196 4206 214 4258 ll
231 4207 331 4278 parsit,
349 4205 456 4279 d’aprcs
474 4223 504 4258 ce
524 4221 650 4276 passage,
675 4220 730 4276 que
750 4203 810 4273 ‹le'ja
824 4205 838 4254 t
852 4202 978 4274 l’epcque
991 4202 1028 4254 oia
1045 4199 1158 4254 ecrirait
1172 4207 1253 4251 notre
