2888 4934
83 460 95 536 1
347 446 691 513 nnunsnruuns.
995 450 1054 513 ιιι

83 601 267 675 evenerat,
287 583 459 658 Barenses
477 581 646 683 reliquias
663 581 781 656 tunica
798 583 889 682 Lupi
906 581 1059 682 presby-

88 705 442 804 rlproutpoterant
454 699 697 786 involverunt,
710 699 1060 800 ipsumqneLupum‚

83 836 162 897 aem
176 847 317 894 sacrum
331 845 438 910 onus,
450 818 572 890 statim
583 841 710 891 omnes
724 819 833 890 secuti
847 832 944 891 sunt.
961 819 1061 892 Lau-

83 963 118 1015 es
133 938 251 1038 itaque
268 937 466 1011 Dominum
483 936 785 1034 prosanctissima
797 934 938 1035 praeda,
953 959 1063 1039 quam

83 1055 128 1133 tle
138 1054 319 1144 hostibus,
336 1051 397 1127 sed
410 1053 602 1127 Dominico
618 1050 663 1125 de
679 1051 930 1153 ganopbylacio
945 1080 1064 1154 sump-

83 1188 131 1265 ιι,
149 1170 193 1245 ad
211 1172 332 1245 littora
349 1167 590 1242 maturabant.
609 1169 735 1241 Frusta
753 1195 897 1270 quoque
912 1168 956 1244 de
971 1197 1065 1243 mar-

83 1314 118 1366 ea
131 1316 242 1378 urna,
261 1314 370 1389 quam
387 1301 585 1386 ruperunt,
603 1283 750 1385 quidam
766 1302 1063 1385 asportaverunt,

83 1405 180 1482 aibas
189 1434 207 1479 a
216 1406 339 1478 multis
352 1403 582 1504 pontificibus
591 1428 658 1503 per
666 1403 805 1476 ltaliam
814 1404 929 1476 multa
940 1405 1066 1478 altaria

83 1524 200 1627 loeque
216 1524 406 1619 temerarie
424 1523 477 1620 (2)
493 1532 712 1596 consecratae
730 1537 827 1594 sunt.
845 1519 902 1595 Ad
919 1538 1067 1622 portum

83 1668 118 1715 m
136 1656 177 1714 ιιι
193 1664 412 1729 convenere,
431 1655 512 1712 orta
524 1655 578 1711 est
592 1639 799 1730 contentio,
818 1641 855 1712 in
872 1642 972 1740 cnjus
985 1642 1067 1714 navi

83 1774 205 1833 eretur
227 1784 319 1831 anns
340 1755 587 1830 desiderabile.
616 1757 799 1855 Optabant
823 1759 923 1831 enim
949 1766 1082 1834 secum‘

83 1899 125 1950 es
144 1890 285 1947 tantum
308 1870 466 1948 sodalem
489 1888 526 1946 et
545 1887 741 1972 patronum
762 1872 909 1948 habere.
940 1876 1070 1950 Omni-

91 1991 240 2068 undem
269 1990 414 2091 pacifice
440 1991 574 2090 placuit
598 2007 640 2064 ut
665 1990 829 2064 Matthaei
855 1994 956 2067 navis
982 1993 1071 2069 illud

83 2127 167 2204 net,
198 2111 226 2183 si
254 2126 372 2182 tamen
408 2111 483 2208 ipse
510 2109 612 2208 prius
637 2107 873 2210 jurejurando
901 2107 946 2183 de
974 2110 1098 2198 bona·

83 2243 168 2304 aste
184 2226 291 2301 fidem
309 2227 379 2300 illis
395 2229 540 2300 laceret.
558 2225 664 2320 Quod
681 2227 727 2299 ita
745 2227 960 2303 factumest.

83 2360 177 2420 atem
195 2347 315 2444 itaque
336 2345 411 2417 laeti
435 2342 649 2433 ascendunt,
673 2344 844 2445 reliquias
859 2346 931 2420 alio
951 2372 1073 2445 panaro

83 2487 100 2538 ι
116 2478 154 2536 et
169 2460 322 2536 candido
340 2462 550 2552 involvunt,
570 2477 608 2534 et
625 2461 662 2534 in
678 2463 823 2537 vasculo
840 2464 982 2564 ligneo,
1000 2491 1074 2566 quo

83 2604 122 2653 ae
136 2577 205 2651 sibi
230 2594 402 2652 temetum
419 2603 562 2651 servare
579 2577 743 2652 solebant
760 2581 832 2676 (5),
854 2580 1071 2656 recondunt.

83 2694 197 2771 lolore
215 2721 303 2769 vero
316 2696 538 2794 Myrensium
552 2722 621 2796 pro
632 2694 766 2771 damno
779 2695 847 2769 sibi
861 2698 972 2790 lacto,
988 2698 1075 2773 duan

83 2839 134 2887 nn
150 2813 221 2886 illis
236 2815 369 2887 lactum
386 2829 457 2902 est,
477 2813 590 2885 multa
607 2800 742 2888 referre
759 2840 899 2889 necesse
915 2842 991 2891 non
1008 2834 1073 2890 est.

83 2946 171 3021 r,.nt
188 2929 390 3032 hujusmodi
404 2934 535 3005 lamam
553 2931 683 3005 incolae
699 2932 813 3030 Myrei
833 2935 960 3024 castri,
979 2935 1077 3036 quod

83 3188 129 3248 100
137 3189 181 3246 tut
190 3189 260 3245 dans
271 3190 296 3245 la
305 3190 425 3263 tnuique
437 3189 555 3244 blanche
564 3190 575 3260 (
582 3187 793 3262 probablement
807 3189 897 3246 l'aube
908 3188 944 3246 ὀιι
958 3193 1076 3266 surplis)

83 3281 212 3349 renutu,
230 3291 259 3336 et
271 3299 328 3336 non
346 3279 382 3335 de
396 3282 500 3354 Lupus,
517 3297 573 3354 que
587 3279 627 3334 les
638 3278 759 3354 reliques
772 3279 870 3336 fiarent
882 3282 1074 3356 enveloppees.

83 3379 123 3427 ιιιι
132 3371 158 3428 le
171 3373 242 3428 re'cit
253 3371 289 3426 de
301 3370 473 3444 Nicipbore,
486 3369 527 3425 les
540 3387 691 3443 voyageurs
703 3370 830 3426 auraient
840 3371 924 3426 voulu
934 3384 1077 3446 emporter

83 3456 146 3515 the
158 3470 250 3534 temps
261 3478 299 3514 un
315 3460 435 3533 pertrait
447 3457 485 3513 du
498 3459 571 3513 saint
583 3458 701 3533 eaeque,
720 3458 798 3531 place'
815 3477 865 3514 sur
883 3459 976 3517 l’antel
987 3483 994 3529 ;
1007 3462 1077 3517 mais

83 3554 140 3604 ιιιιι
150 3550 211 3605 sain
228 3549 311 3624 qu'ils
331 3549 517 3604 chercherent
535 3547 616 3603 bl'en
632 3547 773 3604 arracber.
787 3549 825 3604 l.e
843 3548 924 3604 blanc
936 3551 1077 3608 vetement

83 3633 180 3713 tlequel
193 3639 233 3695 les
252 3639 372 3714 reliques
395 3639 532 3694 restercnt
552 3638 734 3712 envelcppees
746 3638 871 3712 pendant
883 3649 962 3696 toute
979 3641 1006 3696 la
1018 3653 1076 3698 tra-

83 3722 117 3792 te,
125 3724 165 3782 lut
176 3729 284 3783 ensuite
298 3729 412 3802 partage
424 3737 504 3783 entre
516 3727 654 3800 plusieurs
666 3727 766 3800 eglises
777 3728 946 3802 episcopales
956 3728 1074 3800 d‘ltalie,

106 3810 164 3870 bien
178 3834 232 3891 qne
245 3828 308 3873 tous
317 3815 358 3872 les
371 3834 519 3872 morceaux
535 3816 574 3871 du
586 3815 730 3872 couvercle
745 3814 784 3871 du
797 3817 942 3889 tomheae,
957 3819 1027 3877 dont
1039 3841 1075 3879 on

88 3903 199 3962 ιιιιιιίι.

83 3991 97 4057 ¹)
107 3989 175 4051 lites
187 4020 193 4050 ι
207 4008 317 4054 temere.
332 3998 372 4054 Ce
384 4009 444 4054 mot
455 4009 498 4054 est
510 3999 568 4072 pris
579 3998 615 4053 ici
629 3997 698 4054 dans
712 3996 872 4072 l'acception
888 3999 942 4056 de:
955 4007 1073 4073 passim,

83 4081 172 4139 etun.

83 4165 145 4238 lou
163 4179 216 4237 vin.
228 4182 267 4238 ce
280 4199 342 4237 vase
354 4181 389 4237 ae
405 4182 466 4239 uon
479 4184 547 4241 suit
567 4202 605 4238 un
623 4182 704 4239 uarii.
727 4182 842 4239 neauuo
855 4184 980 4259 uppeue
997 4209 1002 4241 ι
1019 4209 1075 4244 aaa

83 4258 234 4326 anteana
246 4281 457 4347 partaracqua.
1108 4283 1115 4300 ⁸
