2888 4934
271 397 331 455 590
522 394 709 454 HISTORIA
730 392 1036 456 Ecctuttasrlct..
1058 399 1240 475 [maturato
1256 400 1353 476 1099]

270 527 391 599 Deum
416 532 613 626 promereri
636 526 766 600 discam
791 544 826 599 ct
836 527 1108 629 praeambulum
1116 532 1347 631 poterimus,

271 642 522 715 indubitanter
535 649 658 716 statim
676 644 724 715 de
751 645 910 717 inimicis
937 647 1069 717 nostris
1098 645 1350 747 triumphabi-

271 787 365 832 mus.
384 761 614 851 Accelerate,
633 766 805 859 inquam,
820 786 868 832 ne
882 787 949 842 nos
962 759 1090 834 camuli
1100 764 1242 852 nostri,
1260 761 1349 834 dum

238 918 241 925 ·
272 877 453 962 uenerint,
474 877 677 974 imparatos
697 877 896 952 inveniant.
1009 861 1013 866 ¹

318 996 400 1066 Dux
411 1009 448 1065 et
461 1019 580 1066 comes
595 995 814 1094 legationem
827 992 920 1067 hanc
935 1009 1121 1094 gratanter
1131 992 1344 1084 audiebant,

269 1111 440 1212 quornm
468 1111 606 1184 bellum
632 1110 813 1185 inhianter
831 1108 1050 1184 esuriebant
1075 1110 1209 1184 Pacem
1237 1112 1346 1211 igitur

270 1255 353 1301 cam
368 1226 567 1301 Gibellensi
585 1228 788 1302 Admiralio
804 1227 987 1319 lecerunt,
1004 1245 1041 1301 et
1057 1254 1215 1302 munera
1232 1231 1344 1303 multa

269 1375 351 1421 cum
382 1347 609 1445 pactionibus
634 1347 773 1446 placitis
800 1345 845 1419 ab
872 1363 1174 1445 coacceperunt.
1207 1345 1345 1419 Deinde

269 1464 493 1538 eotalratrum
508 1462 553 1535 ad
571 1464 702 1536 auxilia
715 1463 867 1562 profecti
882 1479 980 1536 sunt.
996 1462 1065 1535 Sed
1077 1464 1241 1552 Turcos,
1258 1487 1345 1560 quos

268 1579 479 1679 sperabant,
496 1598 583 1655 tunc
600 1607 675 1654 non
694 1582 924 1654 invenerunt.
938 1580 1041 1652 Ultra
1054 1578 1211 1651 lluvium
1227 1594 1344 1651 autem

270 1696 438 1795 hospitati
451 1715 553 1787 sunt,
576 1713 672 1771 etex
692 1700 753 1771 illa
770 1713 873 1796 parte
890 1697 1077 1770 castellum
1094 1696 1186 1769 illud
1200 1695 1345 1770 obsede

269 1830 369 1887 runt.
390 1815 465 1887 Nec
480 1815 597 1889 multo
612 1831 694 1914 post
708 1840 752 1888 ex
765 1814 977 1887 Christianis
989 1812 1139 1914 quidam
1152 1812 1200 1886 ad
1215 1815 1344 1910 Tripo-

269 1933 334 2005 lim
364 1933 636 2033 equitaverunt,
664 1933 694 2005 εἰ
725 1958 796 2034 qua
823 1947 970 2032 possent
991 1930 1117 2004 obesse
1148 1930 1343 2032 gentilibus

267 2049 504 2126 adtentantes.
536 2053 761 2125 Invenerunt
791 2066 914 2124 autem
945 2050 1083 2122 Tuscos
1115 2064 1153 2120 et
1187 2047 1339 2137 Arabes,

268 2171 706 2271 ipsosqueJTripolitanos,
723 2186 824 2241 extra
843 2166 973 2240 urbem
989 2167 1135 2255 effusos,
1149 2191 1343 2239 excursum

268 2285 560 2359 Christianorum
577 2286 744 2358 similiter
764 2301 1011 2384 expectantes,
1032 2299 1069 2357 et
1080 2284 1185 2357 velut
1202 2285 1241 2356 in
1255 2284 1343 2355 insi-

266 2399 334 2473 diis
351 2401 544 2475 latitantes.
562 2403 648 2476 Mox
668 2402 729 2474 alii
752 2403 986 2501 pertinaciter
1005 2402 1094 2474 alios
1117 2402 1339 2475 invaserunt.

268 2518 426 2616 Agareni
443 2518 620 2619 siquidem
636 2519 774 2617 primos
789 2520 942 2617 impetus
955 2517 1227 2617 aliquantulum
1245 2517 1344 2589 susti·

266 2651 446 2722 nuerunt,
461 2652 497 2708 et
508 2634 642 2708 diutius
659 2635 834 2710 obluctati
848 2653 945 2708 sunt.
965 2633 1129 2708 Tandem
1140 2636 1344 2734 percutien-

265 2752 361 2826 tibus
375 2769 475 2853 terga
492 2752 691 2840 dederunt,
710 2770 747 2826 et
765 2755 801 2826 in
820 2753 879 2825 illa
896 2753 1196 2853 tergiversatione
1210 2752 1341 2825 multos

264 2896 310 2944 ex
326 2873 397 2944 suis
417 2872 628 2944 amiserunt.
648 2870 755 2943 Multi
770 2873 879 2949 etiam
895 2897 939 2943 ex
957 2869 1204 2944 nobilioribus
1220 2871 1340 2944 civita·

266 2989 310 3060 tis
335 2987 383 3058 ibi
408 2986 627 3060 ceciderunt.
653 2987 824 3061 Mulieres
843 3005 880 3062 et
896 3005 1029 3061 matres
1053 3005 1089 3060 et
1114 2988 1294 3087 virgines,
1322 3014 1339 3056 a

265 3106 461 3203 pinnarum
469 3105 690 3203 spectaculis,
702 3106 795 3178 mala
807 3107 1019 3180 Christianis
1032 3105 1337 3205 imprecabantur,

264 3239 301 3295 et
330 3246 397 3319 pro
424 3222 494 3293 suis
521 3223 776 3295 anxiabantur.
803 3222 1107 3323 lngemiscebant,
1136 3241 1174 3296 et
1202 3239 1338 3295 tantum

262 3364 389 3412 earum
406 3339 536 3440 aliquae
550 3340 725 3438 probitati
739 3341 968 3415 Francorum
983 3339 1264 3440 applaudebant.
1280 3340 1338 3410 Pa·

264 3481 443 3553 ganorum
466 3457 647 3530 occisione
668 3475 704 3529 et
728 3458 867 3531 cruoris
889 3457 1082 3545 effusione,
1103 3455 1255 3544 lluvius,
1280 3455 1336 3553 qui

266 3573 446 3646 civitatem
474 3574 652 3663 alluebat,
678 3574 841 3647 rubuisse
865 3577 958 3647 visus
982 3590 1049 3646 est.
1075 3573 1125 3645 Et
1152 3575 1334 3655 cisternae,

265 3712 345 3784 quae
362 3690 399 3760 in
415 3689 514 3763 urbis
527 3707 632 3762 erant
645 3691 744 3779 sinu,
763 3717 850 3790 quas
868 3689 997 3762 lluvius
1013 3687 1148 3774 alebat,
1169 3688 1338 3787 sanguine

264 3804 518 3879 contaminatae
552 3823 649 3879 sunt.
689 3809 832 3881 Maeror
867 3808 977 3906 igitur
1019 3833 1128 3905 quam
1165 3806 1338 3881 maximus

267 3915 433 3990 incubuit
450 3923 706 4019 Tripolitanis,
728 3939 806 3995 tum
822 3949 891 4022 pro
915 3921 1110 4021 majoribus
1135 3921 1208 3992 suis
1227 3918 1339 3992 truci-

264 4033 376 4124 datis,
405 4051 483 4107 tum
512 4066 581 4135 pro
607 4042 769 4114 cisternis
796 4040 892 4114 laeda
926 4038 1108 4138 sanguinis
1136 4039 1339 4110 incursione

265 4154 426 4249 pollutis.
452 4152 600 4229 Duobus
618 4159 737 4257 itaque
762 4158 902 4232 damnis
920 4183 994 4230 uno
1016 4156 1073 4229 dic
1100 4154 1219 4229 allecti
1239 4171 1337 4244 sunt,
