2888 4934
306 417 367 476 572
587 411 773 472 HISTORIA
796 407 1102 469 Eccttsttsttct.
1180 413 1285 488 [suun
1299 412 1390 488 tata]

310 544 500 641 diligenter
524 543 750 616 aestimanda
773 558 878 632 sunt,
902 558 936 612 et
956 542 1130 614 modeste.
1158 541 1304 631 Terra,
1324 569 1393 643 per

310 688 420 760 quant
442 664 527 732 ituri
540 689 683 751 sumus,
704 664 881 762 inaquosa
894 676 959 732 est.
977 659 1109 732 AEstas
1127 657 1231 730 ultra
1243 658 1390 730 modum

310 779 447 851 torrida
465 796 529 851 est.
551 782 658 851 Aeris
675 778 945 850 inclementiam
958 777 1013 849 ad
1021 803 1191 878 prensens
1193 774 1309 873 ferre
1321 802 1390 848 non

308 923 516 994 possumus.
541 897 671 996 Longa
697 894 885 968 obsidione
902 912 937 966 et
963 895 1165 995 sumptibus
1192 910 1231 966 et
1252 893 1389 966 uiribus

310 1013 482 1086 exhausti
508 1041 646 1088 sumus.
676 1015 855 1086 Sileamus
881 1038 968 1111 ergo
1001 1028 1036 1084 et
1064 1016 1326 1119 quiescamus,
1359 1028 1391 1084 et

311 1130 519 1204 uolneratos
541 1149 574 1204 et
597 1133 760 1233 infirmos
782 1157 1011 1232 reparemus,
1030 1147 1065 1204 et
1079 1132 1229 1202 interim
1244 1155 1390 1230 paupe-

312 1274 391 1318 rum
409 1265 614 1322 nostrorum
630 1252 878 1322 misereamur.
901 1247 1067 1320 Humida
1078 1247 1246 1321 solstitia
1259 1272 1390 1347 anpw

312 1379 445 1452 temus,
467 1365 603 1436 Cancri
620 1382 653 1436 et
678 1366 807 1437 Leortis
834 1365 980 1437 nocitos
1004 1388 1202 1435 successus
1226 1361 1386 1434 decline-

313 1506 403 1552 mus.
441 1488 487 1553 In
527 1485 706 1555 novembri
743 1500 883 1582 tempus
916 1477 1208 1578 refrigerabitur,
1240 1497 1277 1551 et
1307 1496 1389 1552 tunc

313 1602 529 1696 congregati
544 1603 780 1690 unanimiter,
795 1599 1004 1673 condictum
1021 1600 1091 1669 iter
1105 1597 1385 1696 aggrediamur.

313 1714 494 1814 Alioquin
529 1733 643 1791 totum
682 1719 857 1817 populum
897 1719 1154 1816 intempestivis
1198 1715 1387 1788 ardoribus

315 1832 568 1931 affligeremus.
589 1837 673 1908 Hoc
694 1852 814 1908 autem
831 1832 1023 1908 consilium
1041 1832 1157 1904 turbis
1164 1832 1386 1932 flagitanti-

315 1945 381 2018 bus
397 1950 621 2024 enucleatius
639 1950 850 2024 disseratur.
874 1953 1033 2052 Tempus
1051 1948 1311 2038 intractabile,
1326 1975 1385 2021 ne-

314 2088 413 2138 cesse
442 2084 515 2156 est,
543 2067 787 2155 declinemus,
811 2083 846 2140 et
866 2066 933 2139 ltoc
960 2065 1126 2156 omnibus
1156 2066 1385 2138 utilissimum

309 2185 592 2283 perpendamus.
611 2186 651 2259 ld
669 2188 704 2258 in
722 2202 800 2258 toto
813 2185 973 2258 exercitu
986 2184 1253 2257 annunciatum
1268 2200 1339 2271 est,
1354 2198 1385 2254 et

316 2300 462 2372 tandem
478 2301 524 2374 ab
542 2303 711 2377 omnibus
725 2305 968 2377 collaudatum
984 2321 1049 2376 est.

364 2418 520 2516 Dispersi
546 2438 631 2493 sunt
658 2448 746 2520 ergo
766 2422 872 2494 duces
896 2439 932 2493 et
958 2422 1102 2493 familiae
1130 2446 1201 2519 per
1224 2420 1384 2493 finitimas

316 2534 499 2634 regiones,
520 2538 706 2610 aestivandi
725 2539 837 2637 gratia
856 2539 932 2635 (t);
953 2555 989 2610 et
1005 2539 1107 2636 egeni
1129 2562 1190 2610 eos
1205 2536 1385 2635 subseque-

315 2650 464 2743 bantur,
484 2654 628 2728 vivendi
647 2684 762 2730 causa.
783 2658 956 2729 Dixerant
972 2657 1067 2728 enim
1088 2653 1199 2727 duces
1222 2658 1296 2727 :Si
1313 2656 1384 2750 qus's

317 2796 425 2868 egens
444 2790 547 2844 estet
568 2800 717 2873 corpore
734 2791 904 2872 vegetus,
922 2775 1110 2874 jungatur
1126 2771 1254 2855 nobis,·
1278 2789 1311 2843 et
1331 2785 1408 2842 nos'

317 2890 501 2978 omnibus,
525 2892 624 2964 datis
642 2894 837 2991 unicuique
858 2891 1068 2992 stipendiis,
1090 2889 1384 2962 subsidiabimur.

317 3007 458 3103 infirmi
486 3008 640 3107 publico
667 3012 780 3110 supe,
807 3009 922 3082 donec
949 3009 1222 3098 convaluerint,
1253 3024 1386 3080 susten·

317 3139 446 3193 lentur.

366 3241 468 3313 Tunc
496 3243 718 3316 Raimundus
746 3244 897 3332 Pincus,
917 3243 963 3316 de
988 3241 1229 3316 familiaribus
1254 3241 1386 3315 comitis

315 3358 434 3430 Sancti
449 3360 604 3458 AEgidii,
620 3362 870 3461 magnanimus
887 3362 989 3435 mites
998 3416 1008 3450 ,
1023 3361 1171 3460 collegit
1183 3359 1253 3433 sibi
1272 3360 1385 3458 pluras

352 3661 390 3731 (1)
407 3662 445 3714 Ce
465 3679 500 3714 ne
515 3660 558 3713 lut
576 3678 624 3733 pas
639 3659 793 3713 seulement
809 3678 881 3732 pour
892 3659 960 3713 aller
973 3659 1109 3712 chercher
1124 3677 1183 3712 une
1202 3661 1384 3731 temperatura

316 3749 406 3801 moins
421 3748 563 3815 briilante,
581 3751 649 3803 mais
661 3767 762 3804 encore
776 3767 848 3822 pour
859 3765 888 3802 se
905 3747 1025 3802 derober
1039 3765 1092 3801 anx
1107 3746 1244 3802 maladies
1258 3746 1383 3820 pestilen-

316 3835 418 3902 ticlles,
434 3838 516 3910 qu’au
524 3837 622 3891 -milieu
632 3836 667 3891 ‹le
679 3848 741 3892 tant
753 3838 788 3892 de
802 3838 929 3892 cadavres
940 3836 1155 3909 developplrent
1169 3839 1185 3890 a
1199 3837 1339 3892 Antioche
1349 3834 1382 3889 les

316 3926 441 3993 chaleurs
455 3927 490 3981 ‹le
504 3928 579 3996 lite,
595 3927 663 3981 dans
678 3926 727 3981 des
741 3928 937 3982 constitutions
947 3927 1128 3983 doublement
1140 3927 1282 4002 iatiguces
1292 3926 1382 4000 partes

315 4019 468 4090 privations
485 4029 513 4071 et
532 4019 570 4074 les
585 4022 670 4075 exeis.
684 4021 734 4073 Les
750 4020 864 4074 lemmes
877 4018 972 4073 forent
988 4018 1250 4092 particuliercment
1263 4020 1383 4074 atteintes

315 4128 365 4180 par
378 4127 422 4163 ces
438 4108 580 4177 maladics,
596 4113 644 4184 quii
658 4112 892 4179 moissonninunt,
908 4111 1015 4165 suivant
1026 4107 1192 4165 Guillaume
1203 4109 1241 4164 de
1253 4111 1320 4181 Tyr,
1332 4109 1382 4163 cin·

314 4207 417 4269 quante
433 4196 506 4251 mille
519 4192 602 4254 imm.
