2888 4934
283 423 341 486 458
560 423 747 484 HISTORIA
769 421 1076 482 ECCLESIASTICA.

278 582 376 628 sacra
405 553 636 652 polluerunt;
665 553 724 626 sed
751 569 832 652 post
857 553 971 626 multa
997 570 1163 652 tempora
1188 556 1353 626 meritam

278 673 455 746 ultionem
467 670 701 745 mucronibus
715 671 981 770 Cisalpinorum
995 672 1051 770 (t)
1067 670 1177 771 digne
1192 671 1350 744 luerunt.

279 788 409 878 Nulla,
448 805 487 861 ut
514 815 612 878 reor,
639 815 799 888 unquam
826 787 993 888 sophistis
1020 790 1057 862 in
1084 787 1227 861 bellicis
1250 787 1354 862 rebus

279 909 475 1008 gloriosior
487 909 636 980 materia
648 906 796 1005 prodiit,
810 933 917 1007 quam
928 909 1061 981 nostris
1070 933 1167 979 nunc
1179 907 1353 980 Dominus

213 1120 216 1127 Ι
277 1027 394 1122 poetis
411 1040 518 1124 atque
538 1023 695 1096 librariis
710 1022 879 1112 tradidit,
895 1023 982 1097 dum
996 1049 1212 1123 perpaucos
1229 1022 1353 1095 Chris-

278 1142 402 1216 ticolas
433 1142 651 1241 depsgauis
676 1143 714 1215 in
740 1141 888 1215 Oriente
916 1140 1173 1241 triumphavit,
1198 1168 1290 1243 quos
1311 1141 1353 1215 de

278 1261 436 1358 propriis
453 1259 622 1335 domibus
638 1259 732 1332 dulci
747 1259 924 1334 desiderio
937 1258 1193 1359 peregrinandi
1210 1259 1351 1332 excivit.

278 1377 437 1475 Antiqua
456 1402 585 1476 nempe
600 1378 770 1451 miracula
789 1379 884 1451 Deus
909 1377 1093 1450 Abrabam
1109 1403 1230 1476 nuper
1245 1378 1353 1450 itera-
1374 1438 1378 1445 .

277 1495 350 1583 vit,
367 1495 455 1568 dum
481 1496 558 1569 solo
576 1493 705 1569 ardore
722 1496 857 1568 visendi
878 1496 1082 1594 sepulcrum
1103 1496 1243 1568 lllessiae
1265 1497 1354 1569 oeci·

274 1612 364 1686 duos
380 1613 500 1686 lideles
515 1615 648 1703 illexit,
666 1630 701 1686 et
716 1615 791 1687 sine
811 1640 896 1713 rege
914 1614 1147 1714 saeoularique
1165 1614 1353 1693 exactione

274 1754 340 1826 per
352 1729 543 1803 Urbanum
555 1731 688 1828 Papam
704 1732 760 1828 (α)
774 1732 1022 1820 commonuit,
1035 1729 1080 1803 de
1095 1728 1231 1803 finibus
1247 1745 1352 1803 terrae

275 1862 312 1918 et
329 1848 453 1920 insulis
467 1849 576 1920 maris
593 1847 875 1922 velutHebraeos
887 1849 932 1922 de
945 1849 1102 1948 AEgypto
1118 1873 1186 1946 per
1204 1847 1352 1944 Moysen

275 1967 453 2055 extraxit,
474 1983 511 2039 et
530 1993 596 2066 per
621 1984 761 2040 exteras
782 1985 907 2067 gentes
927 1993 1039 2067 usque
1064 1968 1100 2038 in
1125 1967 1351 2038 Palaestinum

274 2081 461 2180 perduxit,
483 2082 607 2184 ibique
620 2109 720 2182 reges
735 2099 770 2155 et
787 2085 982 2183 principes,
1002 2110 1084 2157 cum
1101 2083 1228 2154 multis
1241 2082 1353 2155 natio·

273 2199 381 2272 nibus
394 2218 620 2300 aggregatos,
636 2201 830 2299 superavit,
848 2200 1168 2299 munitissimisque
1186 2197 1350 2289 urbibus,

274 2316 487 2416 oppidisque
504 2315 659 2389 subactis
677 2317 833 2417 gloriose
847 2315 1065 2415 perdomuit.

207 2475 209 2480 ·
322 2434 533 2508 Pulcherius
546 2436 777 2509 Curnotensis
794 2438 865 2535 (3),
882 2434 1089 2522 Godelredi,
1104 2434 1350 2534 Lotharingiae

309 2785 348 2854 (ι)
363 2784 441 2838 Nous
455 2801 538 2838 avons
551 2783 613 2855 dej’s
625 2803 660 2837 vu
674 2793 755 2838 notre
768 2793 876 2848 auteur,
892 2784 908 2836 ὲ
922 2782 1060 2855 plusieurs
1072 2780 1207 2854 reprises,
1222 2781 1350 2855 de'signer

273 2893 324 2947 par
342 2893 373 2928 ce
393 2885 451 2927 mot
469 2874 508 2928 les
528 2875 671 2947 Frauqnis,
692 2875 757 2947 qui,
777 2892 849 2946 pour
870 2891 909 2925 un
926 2872 1053 2927 habitant
1071 2871 1106 2925 de
1123 2860 1347 2936 saint-Eurum,

273 2965 377 3020 e'taient
391 2964 476 3018 situes
490 2963 609 3037 en-deql
623 2964 670 3018 des
682 2963 776 3036 Alpes.

309 3055 348 3125 (α)
363 3054 470 3108 Urbaiu
487 3056 513 3106 ll
532 3055 576 3123 (12
592 3073 665 3108 mars
681 3054 799 3128 1088-29
810 3054 904 3125 juillet
920 3056 1003 3127 1099)
1017 3054 1085 3108 etait
1099 3056 1134 3108 ne
1149 3053 1219 3107 dans
1232 3053 1259 3108 le
1272 3052 1351 3108 terri-

270 3145 345 3203 toire
364 3144 398 3199 de
420 3144 533 3214 lleims,
554 3156 583 3198 et
601 3146 644 3199 lut
664 3145 778 3199 ‹l'ubord
799 3147 937 3199 elianoine
954 3144 989 3198 de
1006 3144 1031 3198 la
1051 3144 1213 3199 cathedrale
1230 3145 1266 3199 de
1282 3153 1351 3199 cette

272 3237 350 3303 ville,
364 3237 476 3290 ensuite
490 3238 584 3290 moine
596 3236 631 3289 dc
644 3238 741 3301 Cluui,
756 3237 818 3310 puis
831 3237 934 3310 cuique
948 3237 1066 3292 d’Ostie.
1079 3236 1222 3308 Gregoire
1236 3236 1350 3303 t·11,en

272 3336 420 3392 mourant,
443 3325 535 3380 l'avait
556 3324 671 3399 designet
689 3346 797 3381 comme
816 3327 873 3380 l'un
891 3327 939 3380 des
958 3328 1025 3380 trois
1040 3325 1192 3380 cardiuaux
1208 3328 1349 3399 propresl

271 3417 297 3471 le
312 3417 482 3490 templacer;
501 3417 520 3470 il
538 3436 573 3470 ne
588 3418 698 3490 parvint
712 3419 875 3472 neanmoios
890 3436 925 3471 au
940 3417 1020 3471 trone
1032 3416 1174 3489 pontifical
1187 3413 1349 3490 qu’apulslp

271 3520 345 3564 mort
367 3509 404 3564 de
420 3509 524 3565 Victor
544 3509 603 3577 Ill,
627 3513 675 3583 qui
697 3509 809 3584 ligurait
828 3508 985 3583 e'galemeut
1004 3526 1052 3563 sur
1072 3519 1145 3563 cette
1164 3508 1228 3563 liste
1250 3508 1284 3563 de
1304 3506 1350 3562 de·

271 3600 422 3672 signatior.

309 3687 349 3760 (3)
368 3690 500 3745 Foucher
515 3690 550 3745 dc
568 3691 716 3756 Chartres‚
736 3694 772 3745 ne
788 3710 823 3745 en
842 3688 922 3766 1059,
941 3710 977 3745 ne
995 3690 1038 3744 lut
1054 3692 1135 3763 point
1150 3690 1298 3763 clispelain
1317 3689 1350 3744 de

272 3779 410 3859 Godelroi
427 3780 462 3835 de
480 3781 623 3850 bouillon,
639 3800 747 3835 comme
760 3781 785 3834 le
800 3782 918 3855 pretend
931 3791 1012 3834 notre
1024 3791 1139 3844 autenm
1154 3791 1182 3833 et
1195 3782 1287 3836 meme
1298 3798 1350 3834 une

271 3885 372 3922 erreur
389 3868 411 3921 si
428 3868 558 3942 palpable
573 3889 608 3925 ne
624 3881 734 3943 permet
750 3871 834 3943 gnere
849 3870 884 3924 de
898 3887 998 3943 peuser
1012 3868 1080 3942 qu’il
1097 3870 1136 3922 ait
1151 3870 1210 3942 pris
1226 3868 1350 3924 connais·

275 3975 357 4012 sance
371 3957 406 4010 de
420 3976 449 4012 sa
465 3958 585 4014 relation
600 3960 634 4014 de
649 3961 673 4014 la
691 3979 790 4033 guerre
803 3961 890 4015 sainte
905 3984 910 4014 :
930 3961 1017 4014 Gesta
1028 3963 1242 4032 peregrinorum
1256 3961 1350 4015 Fran-

276 4066 370 4103 corum
384 4067 447 4102 cum
462 4053 549 4104 armis
564 4049 741 4105 Hierusalem
753 4053 937 4123 pergentium.
954 4051 1029 4120 Quoi
1044 4048 1112 4123 qu’il
1127 4069 1163 4103 en
1176 4049 1244 4116 soit,
1260 4050 1349 4105 c’estl

270 4137 300 4193 la
312 4139 438 4213 chapelle
451 4138 486 4194 de
497 4139 661 4208 Boudouin,
674 4142 747 4197 frere
759 4154 787 4198 et
798 4159 956 4197 successeur
968 4140 1004 4195 de
1016 4139 1167 4209 Godesroi,
1180 4159 1238 4216 que
1249 4159 1281 4195 ce
1291 4158 1350 4214 per·

271 4247 396 4305 ronuage
410 4230 454 4286 lut
468 4230 589 4287 attactis.
608 4231 654 4288 On
667 4251 752 4306 pense
765 4233 834 4308 qu¹il
850 4242 965 4290 mourut
980 4250 1042 4288 vers
1057 4249 1138 4305 1127,
1156 4234 1267 4306 epoquc
1282 4229 1349 4286 ils-
