2888 4934
293 395 354 458 594
508 402 524 433 ·
571 391 757 454 HISTORIA
779 382 1084 453 ucctssstasttct.
1165 396 1256 472 [aare
1273 400 1376 475 tote}

292 525 521 598 Ascensionis
538 525 618 622 (u),
645 546 852 597 commeare
867 546 935 621 per
949 537 1138 622 angustam
1160 524 1266 598 viam
1290 526 1371 601 illos

289 644 467 742 oportuit.
483 641 537 714 lbi
553 639 754 713 discursum
766 641 958 740 gentilium
973 655 1047 715 tota
1062 639 1123 715 die
1133 642 1367 731 metuebant,

290 786 356 847 nec
383 777 504 833 tamen
532 759 578 832 ab
609 757 729 832 eundo
756 757 945 832 vacabant.
972 759 1139 853 Signiferi
1169 779 1208 834 et
1232 764 1373 836 militet

288 878 417 951 armati
431 876 701 977 praecedebant,
717 893 754 948 et
767 877 834 949 toti
848 875 1020 948 exmuitui
1034 874 1081 948 ab
1094 877 1370 953 insidiatoribus

288 993 552 1093 praecavebant.
570 991 889 1091 subsequebantur
900 992 1122 1065 sarcinarum
1140 995 1365 1092 provisores,

289 1126 327 1183 et
351 1110 625 1183 clitellariorum
644 1108 899 1182 sublevatores.
919 1108 1019 1183 Pone
1035 1112 1262 1210 properabat
1276 1113 1369 1188 ordo

288 1227 474 1315 militaris,
494 1244 531 1300 et
545 1228 663 1301 omnis
681 1228 847 1300 omnium
862 1224 986 1299 aderat
1002 1229 1289 1302 necessitatibus.
1309 1233 1365 1304 Sic

288 1344 450 1445 quotidie
464 1345 649 1418 sarcinarii
666 1344 867 1417 mediastini
885 1341 1153 1442 properabant,
1173 1362 1213 1418 et
1229 1347 1363 1420 imbel-

288 1459 379 1533 lium
395 1461 446 1532 eis
470 1477 673 1533 turmarum
702 1483 826 1558 greges
846 1455 1090 1533 adhaerebant.
1110 1458 1285 1533 Buccinae
1302 1489 1364 1534 au·

286 1577 492 1668 diebantur,
523 1593 560 1650 et
590 1577 785 1678 gradatim,
807 1601 853 1648 ne
881 1574 1074 1650 debiliores
1103 1574 1306 1651 deficerent
1325 1581 1360 1651 in

285 1694 361 1782 viu,
378 1693 609 1794 pergebatur.
627 1693 794 1768 Vicissim
807 1691 1032 1766 excubabant
1048 1693 1236 1784 noctibus,
1254 1713 1290 1769 et
1301 1697 1359 1768 ubi

285 1812 400 1910 maj0r
421 1810 614 1910 ingruebat
629 1828 765 1897 metus,
786 1810 837 1882 ibi
852 1810 1067 1910 vigilantior
1084 1813 1362 1910 praeparabatur

183 2011 186 2017 ¹
285 1925 485 2000 excubitus.
500 1926 601 2001 Nihil
614 1927 711 2000 enim
730 1928 994 2015 inconsultum,
1011 1928 1101 2000 nihil
1117 1927 1358 2004 admittebant

286 2044 546 2120 inordinatum.
566 2045 829 2144 Indisciplinati
848 2043 1128 2143 castigabantur,
1150 2047 1256 2120 inscii
1279 2073 1357 2120 eru-

284 2163 490 2251 diebantur,
510 2162 663 2236 rebelles
691 2161 992 2262 objurgabantur,
1024 2164 1297 2239 incontinentes
1315 2165 1359 2238 de

285 2279 472 2351 locacitate
492 2305 554 2350 sua
574 2278 897 2378 redarguebantur,
915 2295 953 2352 et
967 2303 1091 2353 omnes
1110 2281 1149 2354 in
1166 2306 1362 2356 commune

283 2391 328 2464 ad
340 2392 602 2489 eleemosynam
617 2395 875 2467 incitabantur.
890 2395 1023 2468 Omnes
1035 2396 1146 2468 etiam
1160 2399 1357 2497 frugalitati

283 2523 320 2579 et
342 2506 524 2606 pudicitiae
549 2505 759 2594 studebant,
780 2526 834 2599 et,
859 2526 901 2581 ut
930 2512 977 2582 ita
994 2509 1170 2601 dixerim,
1192 2512 1358 2612 quaedam

284 2623 405 2698 schola
422 2623 622 2722 discipline
639 2626 787 2698 moralis
798 2627 842 2699 iu
867 2628 991 2701 castris
1007 2643 1099 2699 erat.
1125 2630 1158 2699 ls
1186 2647 1267 2701 erat
1282 2656 1359 2703 mo·

282 2740 348 2812 dus
371 2755 409 2812 et
428 2739 506 2813 baec
530 2757 609 2813 erat
630 2740 763 2830 forma,
788 2743 825 2813 iu
850 2742 1049 2815 Jerusalem
1075 2745 1355 2818 ambulantium.

283 2859 400 2955 lgitur
424 2855 514 2929 dum
538 2856 635 2930 bunc
662 2858 862 2955 discipline
890 2859 1051 2958 rigorem
1080 2876 1300 2948 tenuerunt,
1323 2878 1357 2934 et

283 2974 414 3047 affectu
430 2975 617 3048 caritativo
630 2974 941 3065 redundaverunt,
953 2976 1143 3050 evidenter
1154 2980 1252 3052 Deus
1266 2981 1357 3052 inter

283 3115 343 3163 eos
360 3106 591 3165 conversatus
616 3105 688 3178 est,
709 3106 751 3163 et¹
762 3117 828 3190 per
844 3117 904 3165 eos
920 3093 1015 3166 bella
1037 3120 1099 3166 sua
1117 3093 1276 3167 bellatus
1292 3113 1353 3168 est.

282 3208 369 3280 Haec
398 3205 531 3281 idcirco
559 3208 772 3297 dixerimus,
805 3211 972 3310 quatinus
1006 3212 1354 3311 indisciplinatorum

284 3325 451 3412 illorum,
484 3327 545 3424 qui
574 3325 657 3397 huic
683 3326 903 3426 expeditioni
935 3329 1104 3427 gloriosae
1133 3332 1352 3429 superciliosi

282 3458 545 3531 successerunt,
567 3442 645 3514 illos
669 3444 900 3534 extollentes,
918 3448 1030 3518 vitam
1053 3449 1204 3520 etaiam
1230 3447 1351 3521 redar-

283 3561 480 3658 guerimus.
506 3557 605 3632 Nihil
624 3561 720 3632 enim
737 3578 789 3633 est
806 3563 903 3636 inter
920 3562 1085 3637 homiues
1104 3565 1230 3637 utilius
1247 3564 1351 3639 disci-

283 3678 396 3773 plina.

332 3795 495 3894 Dcnique
513 3798 732 3884 montaneis,
759 3798 795 3869 in
822 3796 951 3897 quibus
980 3800 1095 3872 hostes
1113 3800 1351 3887 timebantur,

284 3909 361 4015 sine
378 3908 477 3982 hoste
495 3914 724 4002 transcensis,
741 3940 838 3987 secus
852 3942 951 3989 mare
964 3933 1120 4017 quatuor
1134 3920 1354 3992 transierunt

1162 4093 1352 4106 w-

318 4181 327 4247 (
335 4179 357 4247 a)
372 4178 408 4231 Lc
418 4175 497 4247 jeudi
515 4194 546 4249 ¹9
558 4180 623 4233 mai.
