2888 4934
274 408 338 467 582
541 397 729 462 HISTORIA
748 397 1058 460 Bcctesltsrtce.
1080 401 1247 479 [omrai
1261 400 1359 475 1098]

278 533 446 609 tiochiam
463 533 637 606 servitum
653 529 711 603 vel
725 554 858 603 venum
873 527 1016 603 deducti
1032 544 1138 618 sunt;
1153 543 1195 602 et
1209 554 1357 618 omnes,

276 652 324 725 ita
337 649 467 749 opibus
479 674 606 723 eorum
618 646 786 747 direptis,
799 645 958 745 dissipati
972 661 1071 719 sunt.
1084 644 1220 719 Franci
1234 662 1357 719 antem

275 769 407 848 morati
429 783 513 842 sunt
530 767 568 840 in
584 764 706 840 eadem
730 763 822 838 urbe
835 789 998 841 mensem
1015 764 1205 862 integrum
1225 779 1264 837 et
1281 762 1360 836 dics

181 935 186 945 ·
277 901 363 959 tres.

324 1000 380 1074 lbi
405 1000 562 1079 Oriensis
585 1001 772 1099 episcopus
800 1000 856 1098 (r)
885 997 1085 1073 infirmatus
1102 1026 1121 1071 a
1139 999 1287 1097 superis
1304 1023 1359 1071 re·

277 1118 401 1210 cessit,
433 1134 471 1190 et
499 1115 543 1189 ad
571 1141 720 1215 superos
754 1114 923 1189 evolavit.
954 1116 1057 1188 Tunc
1085 1115 1200 1188 sames
1237 1112 1356 1186 valida

275 1237 449 1309 exercitui
465 1235 657 1334 surrepsit,
672 1250 709 1307 et
722 1231 922 1334 quemlibet
936 1231 1138 1321 inhonesta,
1151 1231 1215 1305 vel
1228 1233 1360 1304 incon-

276 1371 392 1443 sueta,
423 1356 481 1429 vel
508 1371 668 1442 austera,
698 1353 756 1426 vel
785 1352 911 1438 illicita
943 1350 1111 1424 dentibus
1146 1349 1358 1424 infastiditis

165 1554 167 1559 ‚
276 1472 453 1572 attingere
472 1472 603 1571 coegit.
622 1472 727 1549 Tunc
746 1470 852 1543 etiam
874 1469 1036 1541 turcinas
1053 1493 1183 1541 carnes
1203 1466 1353 1567 quidam

276 1588 513 1665 comederunt
531 1616 541 1663 ε
559 1585 657 1689 quod
672 1589 825 1687 majores
836 1601 924 1661 natu
939 1603 977 1659 et
989 1585 1216 1660 honestiores
1231 1600 1277 1655 ut
1290 1609 1353 1655 au-

276 1703 440 1792 dierunt,
463 1705 712 1780 erubescentes
730 1704 935 1778 contristati
960 1719 1063 1794 sunt,
1082 1702 1145 1776 sed
1174 1703 1352 1775 ultionem

187 1814 192 1824 ’
277 1846 355 1919 prae
380 1822 491 1894 nimia
516 1823 609 1894 same
632 1819 897 1919 suspenderunt
912 1822 979 1919 (a).
995 1819 1080 1893 Non
1098 1820 1199 1891 enim
1217 1818 1270 1890 eis
1288 1842 1351 1914 pro

277 1939 438 2012 maximo
462 1940 595 2013 scelere
621 1936 879 2036 imputabatur,
897 1937 981 2038 quia
997 1962 1067 2036 pro
1088 1937 1168 2010 Deo
1183 1935 1350 2007 alacriter

278 2071 415 2129 tantam
429 2058 561 2130 samem
576 2053 818 2155 patiebantur,
836 2071 873 2127 et
885 2055 1040 2129 inimicis
1055 2055 1120 2127 Dei
1134 2051 1306 2126 dentibus
1316 2066 1350 2123 et

278 2175 444 2248 manibus
474 2173 765 2248 inimicabantur.
793 2170 988 2246 Patrabant
1011 2170 1181 2272 equidem
1206 2168 1347 2257 illicita,-

279 2290 340 2365 sed
367 2293 483 2391 legem
503 2292 629 2366 violari
655 2291 896 2390 compellebat
920 2291 1107 2365 necessitas
1131 2288 1345 2389 angustiosa.

277 2407 404 2479 Fames
421 2408 517 2481 enim
541 2409 728 2481 castrensis
754 2409 876 2481 omnia
899 2408 1056 2506 appetit,
1081 2405 1172 2479 nihil
1200 2404 1345 2502 respuit.

279 2522 431 2617 Quidam
465 2551 618 2624 corpora
642 2526 847 2598 'lurcorum
875 2521 1078 2609 findebant,
1109 2522 1286 2623 quoniam
1313 2521 1346 2591 in

278 2665 408 2714 eorum
436 2631 649 2742 corporibus
676 2641 867 2741 byzanteos
898 2640 1133 2715 inveniebant
1157 2655 1196 2711 et
1224 2661 1346 2709 aurum

278 2758 377 2859 quod
406 2760 621 2859 glutierant,
644 2776 680 2833 et
706 2757 794 2832 illud
820 2757 1009 2834 tollebant.
1035 2757 1208 2854 Plerique
1234 2769 1345 2826 autem

277 2867 376 2948 lamc'
389 2875 584 2973 praevalida
608 2875 657 2948 ibi
675 2876 878 2974 perierunt.
897 2876 952 2948 lbi
979 2898 1148 2973 proceres
1170 2870 1293 2944 denuo
1308 2866 1349 2939 de

312 3204 539 3278 (1JGuillaume‚
562 3207 684 3278 premier
703 3205 742 3261 du
764 3225 844 3275 nom,
865 3208 969 3283 evdque
986 3206 1130 3280 d’Orange
1147 3216 1178 3261 et
1195 3204 1348 3278 vice-legat.

278 3298 315 3352 Le
326 3297 448 3352 mauvais
461 3296 512 3368 jeu
523 3296 559 3351 de
570 3308 643 3352 mats
655 3299 704 3371 qui
722 3299 791 3365 snit,
810 3299 997 3372 n’appartient
1009 3316 1057 3370 pas
1071 3317 1107 3352 en
1122 3316 1228 3371 propre
1242 3300 1259 3351 a
1274 3306 1349 3350 notre

277 3379 388 3456 adteur,
402 3388 471 3442 mais
484 3388 500 3441 i
512 3387 624 3442 Bandri.
641 3388 679 3442 La
692 3398 767 3442 mort
778 3387 814 3442 de
826 3407 857 3443 ce
871 3388 962 3461 prelat
973 3389 1062 3443 arriva
1076 3387 1102 3440 le
1115 3404 1131 3440 a
1144 3386 1307 3441 decembre.

312 3480 352 3549 (α)
365 3479 428 3533 Alii
440 3498 509 3534 vero
522 3477 671 3534 cadebant
685 3497 785 3534 carnes
802 3497 896 3534 eorum
913 3498 966 3549 per
971 3477 1088 3550 frusta,
1104 3487 1131 3531 et
1143 3477 1304 3550 coquebant
1315 3473 1352 3529 ad

276 3568 512 3624 manducandam.
534 3569 610 3624 Petr.
632 3568 743 3625 Tudeb.
764 3570 826 3624 Atii
840 3579 934 3625 autem
951 3569 1105 3640 portabant
1117 3567 1159 3623 ad
1172 3569 1301 3641 plateam
1315 3566 1353 3622 ad

275 3658 466 3714 vendendam.
482 3657 551 3714 Belli
567 3658 645 3714 Sacri
658 3647 734 3714 Ilist.
750 3659 827 3715 Nam
844 3660 995 3717 Christiani
1005 3679 1060 3714 aon
1075 3660 1168 3714 solam
1186 3660 1297 3714 Tereos
1308 3658 1353 3712 vel

277 3749 449 3805 Sarracenos
460 3754 582 3816 occisos,
596 3769 695 3804 verum
707 3753 790 3804 etiam
802 3770 887 3805 canes
898 3761 1025 3823 arreptos
1039 3760 1067 3805 el
1081 3753 1143 3822 igni
1152 3761 1251 3805 coctos
1259 3768 1351 3804 eome-

275 3835 341 3890 dere
354 3859 410 3892 aon
427 3840 634 3894 abhorruerant
645 3858 706 3910 prae
723 3842 826 3911 inopia.
843 3840 907 3896 Alb.
925 3841 978 3915 Aq.
1000 3841 1050 3895 Les
1065 3841 1167 3897 de'tails
1181 3841 1293 3896 donnes
1306 3859 1352 3913 par

274 3926 365 3982 Raoul
377 3927 412 3981 de
423 3931 497 3984 Caen
512 3940 575 3985 sont
591 3948 691 3984 encore
707 3931 769 4002 plus
782 3930 947 3997 revoltants,
962 3943 990 3986 et
1004 3944 1086 3986 notre
1102 3933 1202 4005 plume
1218 3951 1248 3986 se
1266 3933 1353 3988 relusr

273 4018 289 4068 ὶι
303 4014 342 4068 les
354 4017 510 4070 transcriue.
524 4018 604 4073 Cette
616 4019 719 4073 famine
733 4020 822 4091 parsit
834 4021 909 4074 avoir
921 4023 965 4074 ete
978 4020 1003 4074 le
1018 4019 1134 4074 resultat
1148 4024 1187 4076 dc
1201 4020 1296 4094 pluies
1309 4040 1352 4074 ex-

273 4103 402 4171 eessivm,
412 4103 459 4176 qui
474 4105 669 4176 suspendii-ens
677 4107 717 4176 les
727 4109 986 4176 communicatione,
997 4118 1026 4163 et
1036 4108 1121 4162 sircnt
1131 4111 1252 4180 ponrrir
1265 4120 1355 4165 tontes

274 4190 312 4244 les
327 4191 490 4262 provisions.
