2888 4934
183 398 290 483 [sou]
548 387 887 456 ussususunus.
1195 392 1252 459 su

182 535 299 633 elegi,
320 535 360 604 in
376 529 502 602 lterum
525 527 760 601 contubernio
778 526 967 599 ueritatem
986 542 1020 598 et
1035 529 1257 628 sapientiam

186 653 330 737 ineeni;
349 647 504 746 ideoque
516 671 655 744 semper
666 644 836 744 gaudens
853 644 1026 742 optabam
1039 671 1163 718 eorum
1175 672 1260 719 eon-

185 769 280 843 siliis
290 763 446 869 perfrui.

237 886 378 959 Nouem
388 881 547 956 albatia
557 881 839 967 monachorum,
853 895 974 952 etune
991 884 1260 955 sanctimonia-³

186 1007 296 1092 lium,
320 1026 403 1101 quoe
425 1025 450 1071 a
471 998 638 1098 patribus
661 1002 749 1069 meis
772 1000 811 1068 in
836 997 1069 1070 Narmannia
1078 996 1262 1095 fundatae

186 1139 273 1198 sunt
291 1122 361 1219 (ι),
382 1145 438 1190 me
458 1116 674 1217 adjuvante,
695 1142 780 1189 cum
800 1115 946 1189 auxilio
964 1117 1035 1188 Dei
1055 1136 1260 1208 creuerunt,

188 1258 222 1315 et
238 1241 404 1342 gloriose
425 1235 621 1308 multarum
643 1236 848 1335 augmentis
874 1259 1013 1323 rerum,
1041 1263 1134 1335 quas
1152 1236 1260 1323 dedi,

190 1356 442 1458 magnificata
458 1370 555 1426 sunt.
574 1353 719 1426 Deinde
736 1352 895 1426 ducatus
911 1357 981 1424 mei
999 1370 1176 1455 tempore,
1195 1357 1265 1428 de-

187 1500 266 1547 cem
283 1488 318 1546 et
331 1487 467 1571 septem
491 1469 771 1556 nsonaeliorum,
798 1486 909 1570 atque
929 1471 1267 1544 sanctimonialium

188 1621 256 1667 sex
283 1589 452 1665 eoenobia
479 1604 684 1661 constructa
709 1605 818 1673 sunt,·
857 1587 921 1660 ubi
953 1614 1131 1687 magnum
1164 1595 1269 1663 semi·

191 1712 280 1784 tium
299 1709 355 1807 (α)
373 1723 408 1779 et
421 1706 546 1808 plnres
560 1705 800 1798 eleemosynae
809 1731 878 1805 pm
890 1708 1026 1777 summi
1035 1708 1132 1805 regis
1145 1733 1270 1780 amore

192 1827 355 1931 quotidie
365 1826 481 1926 fiunt.
512 1822 744 1924 Hujusmodi
768 1826 899 1896 castris
924 1832 1065 1896 munita
1095 1842 1148 1898 est
1171 1826 1271 1899 Nor-

194 1948 367 2034 mannia,
393 1950 483 2016 etin
507 1942 562 2015 liis
584 1942 731 2015 diseunt
748 1942 937 2041 terrigena
958 1943 1126 2041 prreliari
1143 1961 1271 2017 contra

193 2062 379 2137 demones
408 2077 443 2133 et
467 2060 591 2131 carnis
614 2061 723 2131 vitia.
753 2057 898 2131 Horum
925 2062 1061 2161 quippe
1088 2073 1269 2161 trulega,

194 2182 399 2278 inspirante
415 2178 517 2264 Deo,
523 2172 592 2276 fui
609 2176 792 2264 conditor,
812 2192 878 2248 aut
881 2173 1091 2276 fundator,
1100 2178 1273 2272 fervidus

193 2298 351 2398 adjutor
378 2311 412 2368 et
437 2292 628 2366 benevolus
652 2295 824 2366 incentor.
858 2292 991 2366 Omnes
1022 2321 1166 2396 quoque
1194 2321 1271 2383 res,

192 2440 290 2514 queas
304 2414 344 2485 in
361 2415 462 2484 terris
479 2409 539 2482 uel
551 2409 639 2481 aliis
656 2409 855 2482 redditibus
870 2437 1036 2511 proceres
1056 2415 1129 2485 mei
1143 2414 1225 2486 Deo
1241 2430 1276 2486 et

191 2531 350 2605 Sanctis
361 2530 441 2628 ejus
454 2527 634 2600 dederunt
640 2554 711 2628 pro
723 2528 842 2602 salute
851 2530 1039 2628 spirituali
1048 2534 1087 2603 in
1098 2531 1143 2603 N
1140 2536 1276 2604 eustria

188 2666 227 2722 et
243 2647 391 2748 Anglia
410 2646 611 2745 benigniter
626 2647 809 2736 concessi,
829 2661 863 2717 et
879 2645 1025 2719 chartas
1041 2647 1275 2745 largitionum

188 2780 329 2840 contra
346 2787 467 2835 omnes
481 2760 631 2835 aemulos
644 2777 680 2833 et
694 2758 927 2861 irpestatores
939 2765 1139 2865 principali
1153 2782 1275 2837 aucto·

185 2882 309 2955 ritate
324 2880 440 2976 gratis
458 2877 681 2975 confirmavi.

232 3109 278 3178 (s)
290 3107 369 3163 Nous
382 3125 502 3181 pensons
513 3124 569 3181 que
580 3105 620 3160 les
633 3106 702 3161 neul
714 3107 832 3179 abbayes
842 3106 1013 3174 d'hommes,
1027 3108 1187 3181 ausquelles
1198 3109 1224 3166 le
1234 3114 1277 3166 roi

187 3198 250 3255 fait
264 3195 396 3265 allusion,
413 3209 477 3253 sont
492 3197 574 3253 celles
585 3196 621 3251 de
633 3197 814 3254 saint-Ouen
827 3197 863 3252 de
875 3197 993 3265 Roueu,
1009 3197 1277 3268 saint-Wandrille,

186 3287 360 3361 Jumiegeu
389 3287 415 3344 le
438 3291 518 3344 Mont
537 3287 751 3352 saint-Michol,
773 3287 908 3362 Fecamp‚
929 3289 1042 3356 Bernai,
1063 3288 1089 3343 lu
1108 3290 1219 3345 Triuite
1239 3290 1280 3345 du

191 3376 285 3434 Haut
297 3375 575 3445 Salute-catherine,
586 3377 676 3433 Cerisi
689 3389 718 3432 et
731 3376 757 3432 le
771 3377 839 3443 θεας
853 3376 1018 3450 l'abbayede
1033 3377 1164 3433 lemmes:
1177 3379 1280 3434 Monti-

191 3468 319 3528 villiers.

236 3558 282 3628 (α)
290 3556 439 3625 Grauia,
450 3558 640 3614 saint-Pierre
648 3556 684 3612 de
693 3558 815 3624 Preaux,
828 3557 1020 3612 Notre-Dame
1031 3556 1066 3610 de
1075 3557 1281 3614 saint-pierre-

195 3648 356 3715 uur-Dive,
379 3648 457 3715 Lire,
486 3648 907 3715 Suint-Sauveus-leVicomte,
935 3635 1163 3716 saint-Evrouu,
1187 3650 1281 3705 Saint-

197 3739 311 3795 Hnrtin
324 3737 359 3794 de
374 3737 457 3805 seez,
474 3739 617 3805 Coushes,
633 3739 758 3803 Troum,
778 3738 883 3806 lausai,
901 3736 926 3791 le
944 3737 1085 3810 Tremo,
1104 3739 1281 3810 Cormeilles‚

199 3817 421 3886 &int-Euenus
435 3829 470 3885 de
485 3829 575 3893 Cuen,
596 3829 785 3893 saint-Seuer,
803 3827 1025 3901 seint-Georges
1040 3824 1075 3883 de
1093 3829 1281 3901 Boebes-vine,

202 3917 400 3975 Seluk-Victor
422 3937 456 3972 en
477 3919 568 3984 caux,
596 3917 841 3972 Bonna-Nouvelle
864 3918 903 3979 (le
929 3919 1040 3989 prieur(¹
1061 3918 1122 3989 de).
1148 3920 1224 3974 Nous
1248 3938 1283 3976 ue

205 4018 341 4063 tmuvous
354 4027 409 4083 que
422 4009 486 4082 cinq
498 4007 616 4080 abbayes
634 4008 669 4061 dc
685 4009 799 4062 lenimus
819 4031 824 4058 z
845 4007 1029 4081 saint-Leges
1045 4007 1080 4063 de
1096 4010 1218 4079 meaux,
1234 4010 1283 4066 ΑΙ-

209 4096 368 4166 meneches,
378 4098 555 4153 saint-uuir
567 4097 603 4152 de
613 4097 722 4151 Lisieux
734 4115 770 4151 ou
783 4097 975 4151 Noun-Dame
988 4097 1027 4150 du
1039 4098 1106 4160 Ρη),
1119 4100 1283 4153 &sint-Suu⁴

211 4203 277 4240 seur
290 4173 444 4255 d'llvreux,
462 4186 487 4242 la
498 4187 610 4241 Triuite
623 4187 659 4241 de
671 4189 755 4244 (Ἀθη.

288 4303 345 4350 ιιι.
1097 4281 1139 4350 16
