2888 4934
182 406 294 481 [1091]
559 401 675 461 LIBER
697 402 884 460 OCTAVUS.
1196 405 1257 468 395

187 533 405 622 Guillelme,
426 532 517 604 nibil
532 533 664 623 debeo,
683 536 758 607 nisi
773 531 999 632 conflictum,
1020 535 1054 604 si
1071 561 1095 604 a
1115 551 1148 604 te
1165 537 1258 634 inju-

185 655 248 727 riis
258 652 448 725 lacessitus
444 646 571 749 fuero.
586 653 737 740 Verum,
749 654 784 723 si
793 650 1030 737 liodbertum,
1038 653 1259 749 primogeni-

185 788 264 844 tum
279 767 470 842 Gnittetmt
484 771 578 866 regis
580 768 721 868 filium,
741 768 883 855 uidero,
904 767 962 839 illi
974 766 1142 839 exhibere
1149 795 1260 867 pura·

185 906 245 962 tus
274 915 356 961 sum
384 885 571 986 quidquid
597 886 720 958 debeo.
753 885 816 956 His
842 882 990 973 auditis,
1020 910 1063 956 ex
1093 885 1259 957 consultu

184 1008 386 1107 sapientum
405 1002 607 1076 Rodbertus
620 1002 693 1076 dux
711 1029 793 1077 cum
807 1004 927 1102 paucis
945 1001 1121 1075 militibus
1138 1019 1259 1074 trans-

184 1125 341 1198 betavit.
363 1122 439 1193 Rex
455 1137 574 1193 autem
591 1120 783 1195 Scotorum
801 1119 1010 1219 benigniter
1028 1119 1132 1192 illum
1148 1144 1260 1193 susce-

183 1242 264 1341 pit,
298 1264 488 1339 secumque
517 1237 633 1311 tribus
664 1237 789 1311 diebus
820 1238 1057 1310 amicabiliter
1089 1236 1257 1310 detinuit.

181 1358 287 1431 Tunc
305 1381 413 1455 super
435 1353 628 1456 quemdam
653 1371 817 1428 montem
839 1354 1017 1427 excelsum
1040 1353 1170 1426 ducem
1192 1352 1259 1426 de-

182 1473 306 1563 duxit,
326 1491 362 1547 et
381 1473 463 1548 inde
479 1475 516 1547 in
529 1472 682 1573 quadam
697 1474 846 1571 planitie
862 1474 1047 1572 ingentem
1063 1458 1260 1545 exercitum

183 1608 409 1667 armatorum
440 1593 472 1663 ei
500 1589 672 1665 ostendit.
705 1588 844 1662 Deinde
874 1589 970 1660 inter
999 1587 1088 1660 duos
1118 1603 1261 1661 montes

184 1707 351 1783 eumdem
369 1735 414 1780 ex
430 1706 498 1780 alia
512 1723 616 1807 parte
629 1707 799 1793 minavit,
817 1721 853 1778 et
872 1706 907 1777 in
925 1706 996 1777 alio
1011 1730 1138 1803 campo
1152 1705 1261 1804 majo·

185 1850 266 1900 rem
297 1826 497 1898 exercitum
529 1825 561 1896 ei
594 1822 869 1897 demonstravit.
905 1823 1080 1913 Talibus,
1115 1823 1258 1922 inquit,

184 1946 343 2045 stipatus
370 1947 493 2014 cuneis
518 1942 676 2031 Sentice,
698 1958 858 2042 paratus
882 1968 963 2013 sum
970 1937 1134 2039 fratrem
1160 1958 1261 2013 tuum

184 2061 388 2159 suscipere,
414 2063 450 2131 si
473 2060 544 2131 lzuc
568 2059 623 2131 ad
645 2084 701 2129 me
720 2063 993 2159 praesumpserit
1012 2054 1258 2156 tranfietare.

189 2177 338 2251 [Itinem
363 2176 452 2249 velit
478 2203 545 2249 nos
574 2176 751 2273 aggredi,
780 2192 815 2247 et
839 2176 1029 2248 missilium
1047 2192 1261 2249 nostrerum

186 2321 343 2369 acumen
360 2297 543 2394 experiri!
561 2295 703 2367 Fateor
718 2293 820 2393 quod
836 2320 901 2367 ree
920 2294 1146 2383 Eduardus,
1171 2293 1261 2365 dum

186 2410 274 2484 mibi
288 2413 539 2511 Margaritnm
547 2428 762 2512 proneptem
778 2437 885 2482 sunm
902 2412 941 2481 in
959 2412 1174 2510 eonjugium
1189 2427 1262 2483 tra·

185 2528 311 2620 didit,
349 2531 596 2602 Lodonensem
632 2530 842 2601 comitatum
879 2529 934 2626 (1)
971 2527 1063 2600 milii
1097 2528 1259 2600 donavit.

185 2645 334 2719 Deinde
361 2646 582 2718 Guillelmus
611 2671 676 2716 ree
705 2644 808 2742 quod
835 2660 1040 2716 antecessor
1063 2645 1145 2743 ejus
1174 2644 1264 2716 mibi

187 2762 341 2835 dederet
357 2765 552 2852 concessit,
573 2778 607 2833 et
625 2787 682 2832 me
698 2761 781 2847 tibi,
799 2764 1039 2860 pritnogenito
1056 2788 1140 2850 sito,
1160 2788 1260 2832 eom-

223 3042 263 3112 (t)
275 3040 301 3095 ll
316 3041 396 3114 s'agit
412 3040 448 3094 ici
466 3039 502 3093 de
518 3038 543 3093 la
560 3037 673 3111 portion
692 3036 728 3090 de
745 3036 771 3090 la
789 3036 867 3090 basse
881 3023 980 3090 Ecosse
993 3035 1131 3109 comprise
1144 3046 1223 3091 entre
1236 3036 1262 3090 la

187 3130 294 3187 Tweed
306 3141 335 3185 et
346 3148 378 3184 ce
391 3129 483 3203 Fyrtb
496 3129 535 3200 eff
542 3127 630 3182 Fortis
642 3126 713 3182 dont
725 3144 795 3182 nous
809 3145 911 3181 venons
924 3125 959 3179 de
972 3125 1063 3198 parler
1075 3124 1143 3180 dans
1156 3126 1181 3181 la
1197 3137 1262 3205 note

188 3219 365 3294 precedente.
380 3220 462 3275 Cette
474 3221 587 3273 contris
601 3217 716 3273 relevait
727 3216 799 3272 alors
811 3215 911 3290 depuis
923 3216 1096 3292 long-temps
1109 3217 1181 3273 dela
1194 3236 1261 3272 cou-

187 3308 487 3382 ronned'Angleterre‚
497 3309 663 3364 etavaittait
672 3308 1099 3381 plusanciennementpartiedu
1108 3307 1262 3363 Nerthum·

187 3400 315 3456 heland.
329 3401 404 3456 C’est
413 3420 444 3455 ce
456 3402 505 3474 qui
521 3399 623 3455 re'sulte
635 3399 674 3455 du
687 3417 800 3473 passage
813 3400 868 3453 cite
881 3397 949 3453 (lans
961 3398 987 3453 la
1001 3409 1067 3454 unte
1081 3399 1260 3472 precedente,

188 3493 227 3547 oia
238 3492 265 3546 le
278 3491 372 3565 Fyns
388 3492 427 3566 qs
433 3492 521 3546 Fortis
535 3502 577 3545 cst
589 3491 683 3546 donnc'
697 3488 841 3545 commeta
855 3489 945 3543 limite
958 3488 1006 3543 des
1018 3488 1091 3544 deux
1105 3507 1261 3561 royaumes.

189 3582 269 3638 &tte
282 3592 357 3636 vaste
369 3591 397 3636 et
410 3582 502 3636 fertile
516 3583 630 3636 contrec
644 3581 712 3635 c'tait
725 3579 751 3636 le
765 3580 883 3634 Lotbiau
896 3579 1012 3645 datore,
1027 3580 1091 3634 bien
1105 3588 1263 3633 autrement

188 3670 292 3727 etendu
310 3689 366 3745 quc
379 3670 451 3726 celui
467 3670 687 3744 d’aujourd’bui.
704 3671 822 3725 L’union
836 3667 932 3723 deson
947 3671 1088 3724 territoire
1104 3673 1120 3724 a
1137 3669 1262 3741 l'Anglc-

187 3771 263 3819 terre
276 3761 427 3816 remontait
439 3782 474 3817 au
489 3762 530 3817 roi
547 3761 641 3834 Edgar
657 3759 826 3837 (955·975),
841 3760 912 3814 aussi
926 3759 992 3813 bien
1006 3777 1061 3833 que
1074 3777 1123 3814 son
1137 3758 1263 3813 infeoda-

187 3850 249 3905 tion
261 3868 315 3904 aux
327 3850 384 3904 tois
398 3837 536 3905 d’Ecosse.
550 3850 660 3922 Voyee,
680 3853 693 3902 ὲ
709 3867 740 3903 ce
756 3849 841 3920 sujet,
856 3847 929 3903 deux
941 3865 1068 3921 passages
1080 3849 1136 3902 tres
1148 3848 1262 3902 curicus

188 3938 225 3994 de
242 3939 310 3994 Jean
330 3937 365 3992 de
380 3936 584 4011 Wallingsord‚
605 3957 632 4009 p.
653 3934 705 4004 543
721 3947 750 3992 et
764 3935 827 4003 545.
846 3937 884 3991 Le
906 3936 1074 3991 Claronicum
1092 3936 1262 3991 Saxonicum

188 4025 267 4101 place
284 4044 316 4081 ce
333 4045 400 4100 pays
416 4026 485 4080 dans
503 4026 702 4100 l'Angleterre,
724 4037 753 4080 et
772 4024 899 4098 l’appelle
917 4025 1042 4081 Lethene
1059 4043 1096 4079 ou
1114 4024 1260 4085 Lodbenr,

188 4134 256 4173 nom
266 4118 324 4172 tres
333 4117 420 4171 voisin
431 4115 466 4171 de
477 4135 546 4171 ceux
558 4115 758 4190 qu’emploient
771 4124 851 4169 notre
863 4125 962 4170 auteur
972 4126 1000 4170 et
1010 4115 1124 4171 Florem
1133 4114 1167 4170 de
1176 4114 1263 4167 Wor-

189 4216 278 4260 cester
291 4231 296 4239 ·
311 4207 487 4261 Lndonensis
501 4211 660 4267 ‹·0mttann,
674 4209 817 4276 prouincia
831 4205 936 4260 Laidis.
