2888 4934
200 403 260 466 466
327 402 512 465 HISTORlA
536 402 841 463 ECCLESlASTlCA.
865 407 1072 482 [ιινιιιθ-ιιινιο
1086 406 1270 481 nov-1095]

246 536 332 607 llaec
357 533 526 608 Urbanus
552 534 645 633 Papa
670 536 705 606 in
727 535 945 608 Arvernensi
964 533 1102 633 synodo
1127 534 1268 608 decreta

197 651 414 751 generaliter
439 651 574 738 sanxit,
594 653 830 752 omniumque
852 650 1022 725 ordinum
1042 653 1211 725 homines
1226 651 1267 723 ad

195 772 387 846 tenendam
416 774 480 845 Dei
513 773 629 872 legem
664 798 892 872 summopere
920 774 1098 848 incitavit.
1132 773 1268 848 Deinde

195 890 461 989 lacrymabilem
480 890 744 991 querimoniam
769 890 813 966 de
828 891 1050 966 desolatione
1065 891 1266 965 christiani·

195 1013 275 1083 tatis
293 1011 330 1082 in
356 1010 504 1083 Oriente
531 1009 690 1082 ubertim
715 1010 958 1109 deprompsit,
986 1010 1207 1083 calamitates
1232 1026 1266 1082 et

192 1128 443 1227 oppressiones
454 1126 1263 1215 truculentas‚aSarracenissactasChristianis,

192 1244 373 1318 intimavit
395 1246 464 1343 (1).
485 1245 557 1335 Pro
583 1245 852 1319 conculcatione
874 1269 1019 1346 quoque
1043 1246 1261 1335 Jerusalem,

190 1362 478 1462 Sanctorumque
491 1363 690 1447 Locorum,
707 1361 768 1433 ubi
783 1362 892 1434 Filius
904 1363 968 1436 Dei
984 1388 1068 1434 cum
1080 1362 1154 1434 suis
1169 1389 1263 1434 sanc-

190 1478 333 1551 tissimis
350 1478 495 1578 collegis
512 1478 752 1576 corporaliter
767 1477 958 1569 habitavit,
975 1480 1197 1576 lacrymosus
1213 1505 1262 1551 re-

189 1596 284 1671 lator
299 1598 483 1670 manileste
495 1598 533 1671 in
546 1614 665 1670 sancta
679 1598 855 1672 concione
867 1599 1037 1698 ploravit.
1054 1599 1163 1673 Unde
1177 1601 1262 1671 mul·

190 1730 245 1788 tos
258 1714 483 1804 auditorum,
503 1741 548 1788 ex
563 1715 694 1788 affectu
707 1715 840 1804 nimio,
856 1717 985 1815 piaque
998 1717 1157 1788 fratrum
1172 1742 1261 1790 com·

188 1833 372 1932 passione,
391 1857 513 1905 seeum
529 1832 617 1905 llere
635 1834 765 1932 coegit.
789 1833 975 1906 Prolixum
995 1832 1261 1934 utillimumque

187 1976 392 2026 sermonem
403 1951 679 2026 consistentibus
692 1951 863 2051 eloquens
877 1949 1154 2023 seminiverbius
1167 1952 1257 2037 lecit,

186 2068 417 2171 occiduaeque
426 2071 537 2168 partis
552 2094 731 2168 proceres,
750 2084 787 2140 et
799 2069 975 2168 subiectos
989 2083 1100 2168 atque
1112 2071 1260 2142 commi·

187 2187 319 2261 litones
343 2212 471 2261 eorum
488 2187 714 2261 commonuit
740 2201 780 2257 ut
795 2210 919 2285 pacem
937 2186 1032 2258 inter
1048 2211 1085 2257 se
1108 2184 1261 2258 firmiter

186 2323 366 2394 tenerent,
375 2321 412 2379 et
422 2305 888 2404 signumsalutileraecrucis
900 2304 936 2375 in
948 2303 1099 2376 dextero
1110 2302 1261 2377 humero

186 2438 388 2511 sumerent,
412 2421 625 2521 militiaeque
647 2446 720 2493 suae
746 2419 945 2521 probitates
969 2445 1078 2519 super
1104 2445 1260 2520 paganos

185 2539 311 2612 famosi
325 2540 490 2637 optiones
503 2539 585 2610 satis
602 2555 826 2611 exercerent.
844 2539 959 2611 Turci
968 2544 1064 2610 enim
1074 2558 1108 2609 et
1124 2542 1257 2624 Persea,

185 2656 331 2730 Arabes
370 2673 404 2729 et
434 2660 602 2754 Agareni
631 2656 867 2728 Antiochiam
902 2674 936 2727 et
973 2656 1151 2729 Niceram
1179 2658 1256 2754 (a),

184 2928 270 2985 traice
283 2931 305 2985 si
318 2930 449 2997 ctendus,
466 2948 521 3003 que
536 2928 602 2984 c’est
616 2928 802 3000 precisdment
818 2937 890 2982 cette
905 2927 1097 2982 circonstance
1114 2929 1193 3002 quia
1210 2946 1255 2983 cn·

184 3019 274 3074 traine
287 3020 313 3074 la
326 3031 404 3092 perte
418 3020 456 3074 du
472 3019 534 3092 plns
550 3018 639 3092 grand
651 3017 782 3085 northw,
797 3018 906 3073 chacun
918 3018 1016 3072 s’etant
1031 3016 1123 3072 borne
1137 3022 1153 3073 a
1167 3020 1257 3090 copiev

184 3126 252 3163 ceux
265 3110 314 3183 qui
328 3110 538 3164 l’interessaieut
553 3107 820 3182 particulidrement.
835 3107 883 3164 On
897 3119 1022 3162 trouvera
1037 3106 1109 3162 dans
1122 3106 1146 3161 la
1160 3108 1256 3163 collec-

183 3201 243 3254 tion
259 3199 387 3273 gencrale
401 3198 449 3254 des
466 3199 585 3254 couciles
603 3209 665 3253 tout
677 3217 709 3252 ce
723 3197 772 3269 qui
790 3216 825 3252 en
840 3217 854 3251 a
870 3200 914 3252 dte
928 3197 1053 3252 recueilli
1066 3215 1119 3269 par
1134 3197 1255 3252 lanrlnrt

184 3290 311 3356 d'Amm,
326 3289 438 3345 Albcric
452 3289 486 3344 de
500 3289 747 3344 Trois-Fontaines
761 3298 790 3342 et
802 3298 905 3342 autres.

219 3381 230 3456 (
236 3385 260 3453 r)
269 3381 320 3436 Les
332 3379 473 3436 calamites
481 3379 551 3434 dont
561 3379 587 3434 le
596 3398 666 3452 pape
677 3390 742 3434 veut
753 3377 853 3450 parler,
866 3387 929 3431 sout
937 3375 1018 3430 celles
1029 3377 1079 3449 qui
1091 3376 1255 3432 resultemut

183 3469 219 3525 ‹le
232 3469 257 3525 la
272 3469 411 3544 conqucte
425 3469 460 3524 de
474 3467 626 3524 Jc'rusalcm
639 3480 669 3523 et
682 3467 717 3522 dc
729 3477 808 3521 toute
821 3467 846 3521 la
862 3465 1048 3536 basse-Syrie,
1062 3485 1098 3520 eu
1114 3465 1195 3541 1076,
1210 3485 1255 3539 par

183 3558 222 3614 les
236 3559 404 3616 lieutenauts
415 3560 450 3615 de
464 3560 679 3624 Malek-Scbah,
695 3560 872 3632 petit-neveu
888 3557 922 3612 de
937 3556 1113 3630 Tognl-Be5‚
1128 3569 1156 3613 et
1169 3557 1255 3612 sultan

183 3649 218 3704 ‹le
238 3650 263 3704 la
282 3649 408 3723 dynastie
427 3651 544 3725 Turque
558 3650 607 3705 des
621 3648 799 3722 Seljoncides.
821 3650 870 3703 Les
890 3648 1040 3704 Clrrctiens
1055 3647 1092 3702 de
1111 3648 1135 3701 la
1157 3648 1255 3701 Tcrrc-

182 3740 277 3796 Sainte
296 3744 404 3797 avaient
423 3741 486 3813 ddja
506 3742 650 3813 beaucoup
670 3759 705 3795 eu
728 3744 742 3795 b
765 3740 876 3794 souffrir
898 3739 946 3794 des
968 3741 1099 3793 cnrautes
1120 3738 1158 3791 du
1182 3737 1256 3792 calise

182 3829 314 3887 Patimite
323 3831 429 3887 tratrem
440 3839 449 3897 (
456 3831 620 3906 996-1021),
635 3850 688 3886 aux
700 3848 872 3885 successeurs
884 3828 988 3902 duquel
1001 3829 1035 3883 its
1046 3831 1185 3884 restcramt
1197 3847 1256 3882 sou·

184 3917 236 3973 nris
247 3918 358 3992 jusqu'a
371 3930 444 3974 cette
457 3921 596 3987 invasion,
607 3922 656 3993 qui
667 3920 706 3975 les
717 3920 847 3993 replacait
857 3918 1076 3973 nominalement
1089 3936 1155 3972 sous
1169 3918 1193 3972 la
1209 3917 1255 3970 do-

183 4009 320 4063 mination
334 4007 383 4063 des
395 4009 489 4064 calilcs
502 4010 677 4065 Abbassides.

217 4098 257 4170 (a)
272 4096 350 4152 Nous
361 4116 464 4153 venons
478 4099 513 4153 dc
525 4099 634 4155 donner
648 4101 671 4155 la
684 4101 748 4156 date
760 4100 795 4155 de
807 4099 833 4154 la
845 4099 983 4173 conqucte
994 4097 1030 4153 de
1042 4098 1198 4155 Jerusalem
1210 4115 1255 4171 pn·

181 4189 222 4245 les
238 4188 339 4243 Turcs.
358 4186 443 4243 Nicea
459 4188 504 4243 sut
520 4188 605 4246 lisree
624 4194 638 4246 a
656 4192 793 4259 soliman,
814 4189 904 4245 sultan
921 4187 1094 4256 d'lconiunr,
1112 4208 1164 4262 par
1177 4188 1255 4243 nict-
