2888 4934
185 421 245 479 306
461 415 646 474 HISTORIA
668 413 974 476 Ecctffilnsn‘ttl.
1047 418 1250 496 [1087-1088]

186 552 276 622 tium
292 548 551 620 miraculorum
577 548 677 645 copia
706 546 878 619 divinitus
905 562 1044 618 ostensa
1070 563 1138 619 est.
1168 547 1251 622 Natu

184 667 315 765 leprosi
340 664 384 739 de
411 692 522 765 aqua,
551 665 646 737 unde
675 690 805 762 corpus
829 665 904 763 ejus
930 663 1096 737 ablutum
1118 667 1248 754 luerat,

183 785 383 884 petierunt3
402 810 471 883 qua
489 800 696 870 consecuta,
715 781 869 856 fideliter
886 783 949 856 loti
966 799 1069 873 sunt,
1086 800 1125 856 et
1142 785 1250 885 opitu·

185 905 280 975 lante
295 903 371 975 Deo
386 904 553 1000 protinus
568 900 731 972 mundati
751 917 848 972 sunt.

232 1020 359 1097 Victor
369 1020 476 1118 Papa,
485 1036 676 1118 postquam
687 1020 825 1117 apicem
838 1017 1073 1117 pontificatus
1081 1018 1247 1108 ascendit,

183 1139 338 1237 primam
362 1140 504 1210 missam
525 1138 561 1209 in
585 1135 643 1209 die
665 1153 789 1210 sancto
806 1138 1025 1211 Pentecostae
1047 1137 1249 1215 solemniter

183 1273 327 1331 cantare
346 1258 469 1354 coepit.
489 1254 558 1328 Sed
575 1255 718 1328 occulto
737 1256 803 1326 Dei
817 1271 909 1327 nutu
921 1281 1069 1354 gravem
1086 1254 1249 1331 morbtuu

182 1375 301 1448 subito
318 1374 485 1447 incurrit.
505 1373 596 1445 Nam
614 1372 747 1445 diarria
766 1388 935 1472 cogente,
951 1389 1009 1446 ter
1026 1372 1071 1445 ad
1090 1373 1246 1447 latrinam

181 1490 225 1563 de
241 1492 344 1563 missa
362 1490 491 1562 ductus
514 1506 586 1577 est,
613 1507 648 1561 et
669 1491 719 1560 sic
740 1491 778 1562 in
794 1507 927 1588 papatu
948 1491 1009 1561 vix
1027 1517 1098 1562 una
1119 1506 1246 1564 tantum

182 1590 287 1679 missa¹
304 1605 523 1702 perfunctus.
551 1606 617 1676 Hic
640 1631 781 1704 magnae
801 1603 1001 1677 nobilitatis
1019 1622 1056 1677 et
1072 1607 1246 1705 sapientie

181 1725 248 1796 luit
266 1750 308 1795 ac
326 1723 528 1821 religionis,
552 1720 836 1823 coenobiumque
862 1723 974 1795 sancti
996 1725 1113 1820 patris
1140 1723 1244 1796 Bene·

180 1838 286 1928 dicti,
304 1837 402 1937 quod
421 1839 456 1910 iu
477 1839 600 1910 Monte
619 1838 764 1912 Cassino
783 1853 1032 1912 constructum
1054 1854 1129 1928 est,
1148 1838 1242 1936 longo

182 1974 345 2056 tempore
369 1955 476 2028 rexit.
507 1955 593 2028 lnde
620 1957 662 2027 ad
691 1958 925 2054 praesulatum
953 1972 1173 2055 assumptus,
1195 1980 1242 2028 re

182 2090 307 2172 pente,
323 2090 364 2144 ut
376 2072 549 2158 diximus,
565 2073 765 2145 inlirmatus
776 2089 840 2144 est.
854 2074 895 2144 ln
907 2071 1126 2172 aegritudine
1139 2089 1240 2145 tamea

181 2220 200 2263 a
217 2190 424 2263 Pentecoste
441 2214 551 2289 usque
569 2188 614 2260 acl
637 2206 828 2289 augustum
850 2190 1041 2289 languens,
1069 2189 1240 2265 deluncttu

182 2322 235 2379 est
246 2307 314 2403 (1).
325 2306 406 2398 Quo
415 2304 598 2391 defuncto,
611 2305 793 2378 Romanus
806 2306 921 2378 clerus
930 2308 1118 2396 convenit,
1127 2303 1239 2380 etOdo

183 2448 283 2513 nem,
299 2449 343 2495 ex
358 2422 537 2495 monacho
553 2424 744 2521 praesulem
760 2424 973 2510 Ostiensem,
995 2425 1032 2496 in
1049 2424 1239 2509 Urbanum,

185 2540 388 2613 Romanum
404 2541 548 2638 Papam,
570 2540 678 2639 elegit
693 2541 762 2639 (2).
781 2543 885 2613 llnnc
902 2544 996 2614 Deus
1013 2543 1126 2616 lsrael
1139 2540 1241 2615 maxi·

183 2684 283 2728 mum
298 2656 502 2756 principem
517 2673 643 2729 eontra
664 2655 867 2755 Allophilos
879 2662 932 2751 (ὅ)
946 2659 1158 2744 constitnit,
1177 2674 1241 2729 tur·

184 2796 333 2871 remque
349 2770 462 2842 David
488 2798 570 2842 cum
595 2772 876 2870 propugnaculis
898 2789 1024 2845 contra
1042 2773 1171 2845 saniem
1186 2771 1240 2844 lla·

185 2891 291 2963 masei
305 2891 361 2988 (4)
375 2891 568 2964 commisit.
582 2892 648 2962 Hic
665 2907 743 2962 erat
756 2893 904 2964 natione
914 2890 1056 2976 Gallus,
1071 2890 1240 2964 nobilitate

185 3023 221 3076 et
236 3005 505 3079 mansuetudine
525 3008 660 3090 clarus,
676 3008 763 3079 civis
775 3007 960 3080 Remensis
973 3009 1046 3104 (5),
1064 3004 1240 3081 monachus

1078 3192 1236 3208 -n—-d

221 3305 261 3374 (a)
274 3301 311 3356 Le
328 3301 359 3355 16
372 3302 529 3375 septembre
540 3302 575 3356 de
589 3302 614 3356 la
627 3304 719 3358 menne
732 3306 831 3358 annee.
845 3305 884 3359 Ce
897 3322 968 3376 pape
981 3304 1049 3359 etait
1063 3323 1098 3359 en
1112 3304 1176 3361 effet
1185 3297 1236 3358 dell

187 3391 290 3447 sumille
302 3391 350 3446 des
362 3402 468 3447 comtes
481 3391 516 3446 de
529 3392 656 3465 Capuae,
674 3404 703 3447 et
714 3392 902 3448 administrait
914 3394 939 3448 le
952 3397 1110 3450 monestere
1118 3395 1157 3450 du
1168 3394 1236 3449 tint·

188 3483 297 3550 cassin,
312 3481 436 3555 lornqu’il
449 3483 505 3549 fut,
523 3482 628 3555 malgre
642 3501 668 3536 sa
683 3483 786 3555 longue
798 3485 960 3551 resistance,
975 3484 1051 3538 cleve
1063 3487 1080 3538 a
1093 3484 1119 3538 la
1131 3480 1233 3557 papantt'.

221 3570 261 3641 la)
281 3569 390 3624 Urliain
413 3570 440 3623 Il
465 3569 581 3639 (Odon,
605 3571 709 3644 e'veque
730 3569 857 3639 d’Oetie)
878 3572 927 3640 (ια
954 3589 1029 3625 mars
1054 3563 1233 3644 1088·29j1¹il·

189 3659 227 3713 lct
244 3663 335 3734 1099).

223 3747 262 3818 (3)
275 3750 324 3803 les
337 3751 499 3804 adorateurs
512 3749 637 3816 «tillut,
655 3751 692 3804 les
707 3752 906 3804 niahometans.

226 3840 267 3910 (4)
286 3843 364 3894 Cutil.
383 3842 501 3908 Cautio,
518 3841 570 3906 lV,
587 3846 612 3907 4.

225 3926 263 3995 (5)
281 3928 386 3982 Urhain
402 3930 428 3983 ll
443 3931 511 3983 etait
525 3950 559 3984 eu
577 3930 640 3984 effct
656 3932 820 4002 originaire,
841 3932 920 3985 sinon
940 3930 974 3984 de
992 3931 1017 3984 la
1030 3932 1108 4006 ville,
1123 3949 1155 3986 au
1168 3923 1230 3983 111οὶις

191 4016 229 4068 du
243 4019 382 4072 terr-itone
394 4018 428 4073 tle
441 4019 546 4074 lleinis.
566 4020 612 4077 On
626 4022 698 4075 croit
711 4021 779 4094 qu'il
792 4023 915 4094 naquita
932 4022 1052 4076 Bainson
1067 4023 1142 4098 (pres
1152 4009 1228 4073 cunt

191 4107 441 4180 Ionem-Marito),
457 4111 525 4165 dont
541 4114 669 4184 scopere
686 4114 795 4167 Euclier
808 4115 875 4166 etait
890 4114 1029 4183 seignour,
1041 4114 1112 4167 aussi
1126 4110 1179 4164 bien
1190 4115 1226 4172 Ψ

147 4211 152 4222 ·
192 4196 226 4249 rlc
241 4198 345 4269 lageri.
