2888 4934
209 405 271 468 asa
482 402 666 464 n1srorua
689 401 995 465 recusauerim.
1065 406 1160 481 [aas.
1182 403 1267 480 soso]

205 534 529 624 debacchabantur,
549 533 846 635 sodomiticisque
861 533 1041 632 spurcitiis
1061 530 1151 606 toedi
1174 548 1267 605 cau-

204 655 302 727 mitae
317 654 386 751 (1),
401 651 553 725 llammis
569 651 710 739 urendi,
727 652 881 750 turpiter
897 648 1152 725 abutebantur.
1169 649 1266 725 Ritus

203 770 354 845 heroum
376 767 607 867 abjiciebant,
629 766 855 843 hortamenta
873 767 1099 842 sacerdotum
1124 765 1265 842 deride·

201 883 307 975 bant,
327 883 627 985 barbaricumque
652 910 790 958 morem
817 886 854 957 in
879 883 1002 958 habitu
1026 900 1063 958 et
1080 884 1154 957 vita
1172 899 1264 959 tene·

200 1000 300 1074 bant.
329 1000 421 1073 Nam
439 1000 622 1100 capillosa
647 1003 780 1074 vertice
803 1002 839 1073 in
862 1003 1021 1074 frontem
1038 1000 1261 1075 discrimina·

199 1115 304 1205 bant,
338 1117 465 1217 longos
484 1118 607 1192 crines
634 1119 743 1190 veluti
773 1118 940 1191 mulieres
972 1117 1203 1209 nutriebant,
1228 1134 1262 1191 et

195 1261 421 1336 summopere
439 1234 631 1323 curabant,
646 1236 867 1336 prolixisque
892 1236 1117 1337 nimiumque
1132 1236 1260 1310 strictis

194 1353 344 1426 camisiis
371 1351 489 1440 indui,
511 1354 711 1453 tunicisque
738 1350 953 1452 gaudebant.
979 1352 1096 1426 Omne
1123 1369 1259 1453 tempu

192 1467 337 1570 quidam
365 1468 602 1567 usurpabant,
630 1485 665 1541 et
689 1486 789 1541 extra
812 1469 928 1568 legem
956 1470 1020 1542 Dei
1049 1494 1257 1572 moremque

192 1586 349 1684 patrium
365 1612 434 1684 pro
454 1584 558 1658 libitu
575 1613 640 1660 suo
652 1586 842 1659 ducebant.
861 1587 974 1660 Nocte
992 1588 1256 1662 comessationi·

190 1703 257 1776 bus
274 1720 310 1777 et
326 1702 592 1802 potationibus,
608 1705 777 1805 vanisque
794 1704 1162 1795 confabulationibus,
1176 1706 1256 1779 aleis

189 1837 227 1892 et
252 1822 409 1909 tesseris,
440 1820 587 1921 aliisque
611 1820 756 1895 ludicris
781 1825 835 1917 (a)
861 1822 1052 1911 vacabunt,
1077 1822 1137 1896 die
1171 1848 1254 1896 vero

188 1936 429 2011 dormiebant.
446 1939 503 2011 Sic
523 1957 603 2036 post
623 1938 763 2012 obitum
782 1938 947 2039 Gregorii
968 1966 1089 2038 papae,
1108 1956 1146 2012 et
1161 1939 1255 2013 Guil-

189 2056 286 2129 lelmi
304 2056 433 2145 Nothi,
460 2058 686 2157 aliorumque
705 2058 911 2156 principum
927 2059 1199 2157 religiosorum,
1219 2059 1252 2130 in

188 2173 344 2248 occiduis
362 2174 525 2274 partibus
540 2200 633 2273 peric
650 2191 746 2247 totus
768 2173 924 2248 abolitus
945 2192 997 2247 est
1015 2175 1185 2249 honestus
1197 2202 1256 2276 pa·

189 2305 286 2360 trum
300 2314 377 2362 mos
393 2290 638 2388 antiquorum.
654 2289 711 2361 llli
724 2291 822 2362 enim
835 2288 1002 2364 modestis
1014 2288 1263 2363 vestiebantur·

188 2403 425 2490 indumentis,
456 2407 663 2505 optimeque
697 2408 868 2503 coaptatis
891 2406 935 2479 ad
961 2409 1013 2480 sui
1050 2432 1262 2483 mensuram

186 2519 361 2618 corporis.
389 2519 438 2591 Et
453 2536 558 2593 erant
579 2519 713 2593 habiles
731 2520 775 2593 ad
797 2521 1032 2622 equitandum
1051 2539 1088 2594 et
1111 2546 1270 2595 curren-

184 2635 271 2710 dum
279 2690 290 2727 ,
304 2636 394 2710 etad
404 2663 512 2710 omne
524 2663 613 2736 opus
624 2636 720 2739 quod
733 2640 825 2713 ratio
834 2639 1047 2738 suggerebat
1059 2638 1261 2740 agendum.

186 2754 252 2827 Ast
264 2755 302 2828 in
318 2753 444 2827 diebus
459 2757 532 2865 ist'p
546 2772 708 2828 veterum
724 2756 814 2828 ritus
824 2782 914 2855 pene
933 2773 1027 2829 totus
1041 2758 1145 2830 novis
1158 2754 1273 2831 adin-

186 2872 414 2945 ventionibus
449 2888 687 2945 commutatus
715 2890 786 2945 est.
818 2872 1025 2945 Femineam
1060 2873 1271 2947 mollitiem

184 2989 346 3086 petulans
366 2991 535 3087 juventus
558 2990 802 3089 amplectitur,
818 2991 1029 3090 seminisque
1046 2990 1119 3063 viri
1137 2991 1270 3064 curia-

185 3105 235 3178 les
259 3106 295 3177 in
319 3107 418 3178 omni
452 3108 590 3180 lascivia
617 3132 845 3205 summopere
877 3108 1082 3180 ullulantur.
1118 3106 1275 3199 Padurn¹

181 3221 359 3310 articulis,
381 3218 441 3293 ubi
468 3220 547 3294 linis
565 3239 617 3295 cst
633 3224 814 3321 corporis,
838 3221 1113 3297 colubrinarum
1128 3223 1281 3296 simili-

184 3338 346 3412 tudinem
371 3338 564 3412 caudarum
583 3341 793 3436 imponunt,
819 3366 907 3438 quas
925 3340 1022 3412 velut
1043 3340 1276 3438 scorpiones

184 3483 260 3554 prae
272 3458 385 3531 oculis
402 3459 473 3530 suis
485 3458 724 3556 prospiciunt.
746 3459 905 3529 Humum
925 3481 1069 3557 quoque
1085 3457 1270 3554 pulveru-

182 3574 315 3647 lentam
331 3576 567 3648 interularum
582 3591 618 3646 et
631 3575 823 3672 palliorum
836 3573 1017 3673 supcrlluo
1026 3591 1187 3648 surmate
1197 3572 1261 3670 (⁹)

216 3828 256 3892 (ι)
270 3827 363 3898 Voyez
378 3827 526 3890 ci-dessus,
541 3837 562 3880 t.
577 3826 621 3888 ΙΙ,
637 3845 663 3898 p.
678 3824 740 3881 385.

216 3915 255 3984 (a)
268 3913 419 3968 Ludibriis.
436 3915 486 3968 Ms.
500 3913 535 3969 de
548 3915 573 3968 la
588 3915 664 3968 rcine
676 3912 712 3967 de
725 3913 823 3969 Suada.

218 4000 256 4073 (3)
271 4003 314 4055 Du
328 4013 388 4057 mot
401 4022 465 4075 grec
478 4009 569 4073 σὺρμα,
587 4021 678 4078 queue
691 4003 726 4081 de
740 4004 820 4070 robe,
837 4005 947 4076 portion
961 4003 1101 4057 trainantc
1114 4001 1162 4057 des
1173 4001 1234 4055 retr·

183 4103 281 4148 ments.
305 4094 341 4148 Le
360 4095 486 4159 tartede
507 4096 653 4150 Duchesne
674 4105 754 4166 porte
773 4098 888 4161 scirma,
908 4113 957 4166 par
976 4094 1049 4148 suite
1068 4091 1153 4147 d’uue
1171 4092 1231 4146 laute

182 4182 384 4257 d’impressiun.
