2888 4934
180 391 239 451 418
457 389 641 449 HISTORIA
666 390 971 452 tecttsttstlct.
1141 393 1251 471 [tout]

181 547 251 622 que
270 522 363 594 circa
382 520 643 610 Aleneiouem,
667 547 733 620 per
758 539 830 597 tres
848 547 1007 611 menses,
1026 524 1251 622 provinciam

180 637 388 711 devastavit.
409 638 603 726 Henricus,
627 637 811 711 Guillelmi
830 639 973 738 Magni,
997 638 1092 740 regis
1108 637 1251 740 Anglo-

180 780 282 840 rum,
298 752 410 841 filius,
425 754 664 826 Dansrontem
677 751 881 852 possidebat
894 755 968 852 (1),
985 768 1021 826 et
1033 780 1143 853 super
1153 753 1252 827 Rod-

182 868 343 959 bertum,
359 869 415 941 cui
430 869 620 967 praesatum
632 871 818 942 castellum
835 868 1051 961 abstulerat,
1072 873 1187 945 immo
1199 899 1253 944 su·

181 1011 247 1085 per
263 988 391 1058 iratres
406 1010 487 1058 snos
506 1016 514 1056 :
535 1011 658 1084 regem
676 1004 713 1060 ct
729 987 874 1078 ducem,
894 1014 1065 1086 guerram
1081 987 1250 1077 faciebat,

180 1130 198 1173 u
215 1102 345 1204 quibus
362 1104 516 1176 extorris
534 1102 578 1175 de
599 1106 730 1201 cespite
747 1121 899 1203 paterno
915 1104 1084 1203 expulsus
1098 1108 1229 1178 fuerat.

229 1221 270 1292 ln
288 1219 394 1293 initio
407 1220 538 1293 mensis
548 1219 643 1319 julii,
659 1220 864 1294 Rodbertua
876 1221 1078 1296 Geroianus
1096 1248 1185 1296 cum
1200 1225 1254 1295 ia-

181 1337 279 1409 milia
304 1337 470 1425 Henrici,
493 1337 643 1436 aliisque
666 1338 1036 1439 commanipularibus
1056 1341 1130 1412 suis
1146 1364 1255 1439 expe-

181 1451 357 1527 ditionem
376 1453 478 1539 secit,
503 1469 540 1524 et
561 1453 699 1553 ingenti
719 1454 839 1552 praeda
857 1454 1019 1553 direpta,
1039 1454 1162 1530 hostes
1178 1483 1255 1529 cum

91 1586 98 1600 '
183 1571 295 1670 copiis
315 1571 386 1642 suis
408 1571 576 1643 insectari
599 1574 725 1671 coepit.
747 1574 909 1673 Cumque
931 1574 1134 1646 Geroiunus
1157 1576 1257 1647 auxi-

185 1688 305 1762 liarios
318 1713 400 1761 suos
413 1686 458 1760 ad
472 1715 533 1761 sua
546 1707 782 1788 properantes
795 1690 1026 1781 conduceret,
1042 1708 1078 1763 et
1093 1691 1257 1764 alacriter

184 1803 450 1880 confabulando
466 1833 549 1879 cum
562 1808 657 1881 notis
668 1824 704 1880 et
721 1809 843 1880 amicis
852 1864 863 1898 ,
880 1809 1024 1908 longina
1038 1810 1129 1898 iret,
1143 1807 1258 1882 subito

185 1949 313 1996 rumor
329 1939 430 1996 ortus
443 1940 515 2015 est,
530 1924 629 2025 quod
642 1925 779 1998 occisus
793 1943 895 2000 essct.
913 1929 1003 2000 Mox
1015 1926 1125 2000 dolor
1139 1927 1259 2025 ingens

185 2067 311 2116 omnes
333 2042 508 2140 perculit,
532 2058 568 2115 et
592 2043 765 2116 terribilis
785 2044 921 2116 clamor
940 2045 978 2117 in
997 2060 1118 2118 castro
1137 2069 1259 2143 perso-

188 2161 281 2234 nuit.
306 2158 508 2235 Casu-enses
532 2161 802 2259 expalluerunt,
825 2178 862 2234 et
882 2187 992 2234 omne
1009 2161 1206 2235 consilium
1222 2186 1259 2233 ac

188 2277 293 2351 virile
319 2276 434 2351 robur
459 2278 668 2351 amiserunt.
696 2279 859 2377 Pagauus
885 2280 1004 2380 itaque
1028 2277 1074 2351 de
1101 2277 1259 2352 Monda-

189 2394 265 2468 blel
283 2396 354 2493 (2),
373 2411 409 2468 et
420 2395 539 2469 Rotro
556 2394 600 2468 de
612 2395 824 2469 Montesorti
841 2397 909 2494 (ὅ),
925 2397 1059 2496 aliique
1075 2397 1260 2471 muniones

193 2511 300 2585 castri
317 2509 548 2604 defecerunt3
569 2540 628 2604 ac,
649 2529 690 2584 ut
718 2512 933 2586 Belesmensi
960 2513 1148 2602 faverent,
1177 2513 1262 2595 sicut

194 2629 341 2730 quidam
361 2631 502 2720 ierunt,
527 2632 672 2705 nemine
693 2646 845 2729 cogente
866 2647 1020 2703 castrum
1041 2629 1122 2703 sine
1143 2628 1263 2703 desen-

194 2776 276 2824 sore
292 2748 539 2822 deseruerunt.
563 2747 791 2847 Radegundis
812 2764 931 2821 autem
954 2774 1062 2836 uxor,
1088 2764 1165 2820 tam
1183 2746 1262 2820 diris

198 3066 298 3140 prisce
311 3083 376 3119 nour
388 3064 426 3117 du
439 3064 569 3136 seigneur
580 3063 650 3118 dont
664 3074 744 3118 notre
755 3073 856 3119 auteur
867 3062 944 3138 parle
956 3064 1007 3130 ici,
1022 3083 1059 3118 ou
1070 3065 1108 3119 de
1120 3064 1263 3140 quelqu’uu

199 3156 236 3212 de
255 3173 297 3211 aer
314 3154 524 3229 predecessori-s
539 3154 731 3227 homonymes.
749 3153 773 3208 Il
788 3154 849 3208 faut
864 3171 892 3209 se
911 3154 1011 3228 garder
1023 3154 1059 3209 de
1071 3154 1226 3210 confondm
1239 3170 1264 3208 cc

199 3247 257 3303 lieu
274 3264 339 3301 arec
355 3243 636 3312 silli-en-Gouffern,
655 3247 704 3320 qui
720 3244 813 3300 deruit
828 3247 989 3320 appartenir
1006 3248 1020 3299 a
1034 3245 1158 3320 quelque
1175 3246 1228 3300 ami
1242 3252 1264 3298 et

201 3338 285 3395 vassal
298 3338 333 3394 de
346 3337 454 3393 Robert
467 3336 501 3391 de
515 3336 646 3392 Bellime.

236 3432 246 3503 t
253 3433 275 3503 r)
289 3429 394 3502 Depuis
411 3446 491 3502 1092,
507 3444 615 3482 comme
628 3443 698 3481 nous
710 3444 813 3481 venons
825 3424 860 3481 de
871 3425 897 3481 le
908 3428 977 3481 voir.

237 3526 276 3592 (a)
292 3519 526 3587 Montdouhlean,
544 3518 779 3573 arrondissemcnt
794 3517 828 3572 de
842 3515 999 3573 Vendome.
1015 3519 1054 3574 Cc
1068 3517 1141 3584 lieu,
1158 3519 1207 3593 qui
1224 3517 1265 3574 sai·

201 3611 253 3666 tait
269 3611 401 3666 autrefois
418 3609 507 3682 partie
521 3607 560 3661 du
579 3608 684 3674 Maine,
700 3606 762 3661 doit
775 3624 824 3660 son
838 3624 951 3661 surnom
966 3609 982 3661 'a
996 3607 1102 3680 Hugue
1116 3597 1264 3671 Douhteau,

201 3699 330 3773 petit-fils
347 3699 383 3754 de
403 3697 529 3773 Foulque
546 3696 649 3763 Nema,
668 3696 717 3769 qui
736 3695 780 3750 fut
796 3694 821 3748 la
840 3696 898 3767 tige
915 3694 949 3750 dc
967 3713 1009 3750 ses
1025 3696 1182 3768 seigneurs.
1201 3697 1266 3753 Nous

202 3809 305 3846 venons
318 3789 353 3844 de
368 3791 428 3844 voir
441 3790 547 3862 figurcr
559 3788 651 3860 Payen
664 3786 700 3839 de
714 3784 934 3840 Montdoubleau
947 3785 1099 3855 ci-dessus,
1116 3807 1145 3860 p.
1160 3788 1225 3863 296,
1239 3788 1267 3843 oi

202 3891 284 3936 notre
299 3892 425 3936 auteura
440 3880 534 3934 micux
547 3879 618 3933 ecrit
630 3896 661 3932 ce
674 3895 740 3931 nom
754 3900 759 3929 :
774 3876 859 3930 Mons
872 3875 1009 3931 Dublclis.

238 3970 279 4041 (3)
295 3969 611 4036 montfort-te-ttonou,
627 3967 865 4023 arrondissement
877 3965 915 4020 du
929 3967 1018 4022 Mans.
1036 3968 1119 4023 Cette
1132 3982 1268 4023 commune

201 4081 217 4116 a
231 4061 285 4115 tire
301 4077 351 4114 son
371 4077 486 4113 suruom
503 4058 538 4112 de
554 4057 677 4125 Rotrou‚
696 4056 838 4111 troisieme
852 4055 894 4110 tiis
907 4055 943 4110 de
955 4055 1064 4112 Rotrou
1077 4056 1122 4125 1⁸,
1137 4067 1228 4113 comte
1237 4052 1268 4107 ‹tu

198 4151 322 4219 Pcrchr,
339 4149 397 4205 l’un
412 4148 460 4203 des
473 4149 632 4204 devanciers
644 4147 679 4202 de
692 4146 764 4202 celui
778 4147 828 4220 qui
841 4146 929 4218 figure
943 4146 989 4200 ici.
