2888 4934
186 413 246 476 364
467 413 652 475 Htt'toutl
674 413 982 475 Ecctestlsttcl.
1150 415 1258 493 [1091]

185 551 310 644 itaque
334 544 557 618 Rodbertum
585 545 650 618 sub
670 550 897 646 protectione
922 546 1029 618 ducis
1057 545 1260 618 admodum

185 663 385 762 confidere,
417 681 450 735 et
476 663 638 736 obsessos
666 664 748 762 plau
773 667 928 738 coerceri
953 690 1036 737 crim
1062 665 1259 735 reverentia

173 780 373 878 fidelitatis
381 839 394 870 ,
414 809 526 881 quam
542 781 723 854 hostilium
737 801 882 855 terrore.

233 897 405 971 Clibanus
421 898 522 972 extra
541 901 783 973 munitionem
809 901 903 972 inter
923 897 1128 971 machinam
1150 900 1259 996 oppi-

183 1013 292 1116 dique
317 1033 461 1115 portam
486 1016 620 1106 stabat,
650 1015 773 1117 ibique
798 1017 970 1115 panificus
996 1014 1040 1088 ad
1061 1013 1258 1088 subsidium

185 1133 407 1207 inclusorum
434 1161 542 1233 panes
572 1134 768 1236 coquebat,
796 1137 878 1235 quia
904 1160 972 1234 pro
1002 1134 1260 1207 acceleratione

182 1249 380 1325 obsidionis
399 1253 548 1328 innovo
563 1257 791 1327 munimento
810 1270 1020 1327 construere
1032 1255 1183 1325 furnum
1201 1277 1260 1350 op

181 1370 322 1469 pidanis
337 1373 386 1444 las
402 1398 476 1445 non
489 1373 617 1445 suerat.
633 1373 797 1471 Contigit
810 1397 897 1473 ergo
912 1388 951 1442 ut
962 1371 1056 1444 eirca
1074 1369 1258 1443 clibanum

183 1487 415 1562 creberrimae
443 1489 556 1563 coedes
582 1491 730 1577 fierent,
752 1506 788 1562 et
810 1491 969 1587 plurimo
992 1490 1165 1587 sanguine
1182 1490 1257 1560 suso

184 1607 304 1704 plures
317 1609 446 1680 animae
461 1608 505 1681 de
518 1636 661 1682 carcere
678 1609 795 1682 carnis
809 1609 982 1681 atrociter
998 1608 1153 1680 exirent.
1173 1605 1258 1677 Cur-

184 1724 339 1797 ceienses
357 1727 454 1797 enim
473 1752 580 1825 panes
599 1728 635 1798 in
659 1725 768 1798 lurno
785 1726 891 1796 armis
911 1723 1117 1808 tuebantur,
1138 1725 1256 1822 eisque

183 1839 423 1913 Belesmenses
438 1842 578 1915 auferre
592 1840 817 1931 nitebantur,
833 1858 869 1912 et
883 1840 948 1912 bae
959 1839 1003 1913 de
1016 1867 1119 1912 causa
1133 1840 1255 1911 multae

136 2014 139 2020 ,
182 1978 316 2059 strages
329 1959 523 2033 crudeliter
533 1958 744 2060 agebantur.
756 1958 916 2052 Quadam
930 1958 999 2046 die,
1009 1958 1097 2030 dum
1109 1957 1211 2056 panis
1221 1959 1255 2029 in

181 2077 529 2178 lurnocoqueretur,
543 2081 681 2151 etinter
692 2079 851 2150 inimicas
860 2094 979 2175 partes
987 2103 1029 2149 ex
1039 2078 1256 2176 procacitate

183 2192 375 2269 vehemens
393 2197 443 2268 ira
459 2198 636 2286 oriretur,
656 2212 804 2268 armatte
818 2197 910 2268 acies
927 2196 1111 2295 utrimque
1129 2219 1256 2267 conve·

185 2328 336 2398 nerunt,
369 2313 531 2412 initoque
565 2310 737 2385 conllictu
766 2313 838 2384 lere
869 2336 916 2384 xx
951 2308 1116 2382 homines
1152 2310 1256 2383 occisi

183 2443 283 2516 sunt,
318 2429 494 2528 multique
524 2429 725 2520 vulnerati,
762 2430 824 2528 qui
861 2429 906 2500 tle
944 2427 1096 2526 panibus
1130 2427 1257 2525 emptis

184 2571 313 2619 cruore
326 2575 390 2619 suo
404 2574 479 2621 uon
495 2564 744 2647 gustaverunt.
758 2550 799 2619 ln
811 2564 1004 2644 conspectu
1017 2543 1258 2616 obsidentium

185 2667 449 2739 commilitones
467 2667 691 2739 obsessorum
711 2666 745 2738 in
760 2666 945 2738 castellum
962 2663 1125 2764 quotidie
1143 2665 1259 2734 iutra-

114 2795 119 2807 ·
184 2779 292 2870 bant,
310 2801 346 2855 et
361 2785 471 2856 armis
484 2812 524 2857 ac
538 2785 732 2871 alimentis,
752 2809 825 2855 non
840 2797 989 2855 curante
1006 2778 1109 2866 duce,
1128 2779 1260 2867 socios,

188 2925 232 2971 ne
249 2899 464 2989 delicerent,
485 2900 799 2975 confortabantur.

232 3014 422 3107 Quondam
439 3020 483 3091 de
501 3018 672 3092 conllictu
689 3017 878 3090 Rodberto
893 3000 976 3090 culn
993 3017 1065 3088 suis
1080 3016 1256 3113 fugiente,

185 3135 402 3207 insecutores
428 3137 648 3234 armigerum
670 3135 861 3236 quemdam
878 3136 1041 3207 lecerunt
1063 3135 1099 3206 in
1118 3133 1259 3206 berfre-

184 3251 271 3323 dum
293 3252 500 3341 ascendere,
521 3272 556 3325 et
579 3282 597 3324 a
617 3254 755 3326 boreali
779 3254 881 3352 plaga
907 3254 1027 3350 ignem
1049 3252 1256 3325 immittere.

184 3371 287 3441 Justo
313 3373 431 3471 itaque
449 3373 511 3443 Dei
534 3370 670 3471 judicio
695 3372 858 3443 machina
884 3369 1068 3443 combusta
1088 3387 1158 3458 est,
1180 3396 1257 3469 quae

184 3490 372 3583 tyrannico
399 3492 496 3588 jussu
521 3490 556 3561 in
576 3487 702 3560 diebus
725 3504 856 3559 sanctae
880 3487 1084 3557 Nativitatis
1111 3486 1258 3558 Domini

183 3623 354 3703 proterve
371 3607 541 3680 lubricata
559 3624 612 3678 cst
637 3609 706 3704 (ι).
735 3604 789 3676 Ad
808 3604 1035 3677 obsidionem
1057 3605 1170 3677 solers
1194 3603 1259 3675 Gi-

222 3952 261 4021 (1)
275 3950 298 4004 Il
319 3950 404 4004 lallait
423 3970 477 4022 que
497 3963 569 4006 cette
591 3952 719 4005 machine
739 3949 787 4002 citt
807 3951 852 4002 ete
871 3948 1015 4020 fabriquee
1032 3946 1177 4010 d’avauce,
1197 3941 1261 3996 sile

188 4038 262 4110 siege
276 4057 309 4091 ne
325 4056 483 4111 commenta
497 4041 578 4113 qu’au
594 4040 665 4093 mois
679 4039 714 4092 dc
724 4037 842 4108 jamim,
859 4054 966 4089 comme
981 4045 1061 4089 notre
1074 4043 1174 4087 auteur
1188 4032 1262 4085 vient

189 4126 258 4181 dele
269 4128 337 4184 dire.
351 4129 495 4184 Peut-etre
504 4130 579 4184 est-il
593 4130 655 4203 plus
668 4127 800 4202 probable
810 4127 878 4200 qu'il
889 4146 955 4181 aura
967 4127 1078 4196 compte
1088 4123 1126 4178 les
1137 4122 1261 4178 calendes

192 4214 226 4268 tle
237 4215 344 4285 janvier
357 4237 464 4273 comme
479 4221 689 4290 appartenenti
702 4238 732 4272 ce
747 4216 826 4271 mois.
