2888 4934
241 412 297 470 roa
515 409 699 470 ntsronn
721 409 1024 471 moliminum.
1197 418 1434 495 [rosit]

236 544 347 618 asiais
379 559 416 614 et
445 542 624 641 prosperis
650 558 793 617 strenue
821 521 1065 643 nobiliterque
1086 548 1194 619 rexit.
1220 549 1437 621 Erae:

235 660 332 733 enim
376 658 531 731 multum
562 658 701 756 sapiens
739 676 776 731 ct
821 659 1023 732 misericors
1066 661 1299 761 pauperibus,
1318 718 1426 749 .-

236 779 393 853 bcllator
424 779 528 850 sortis
556 792 592 850 et
620 776 888 877 magnanimus,
921 776 1072 850 affabilis
1104 778 1427 869 militibus,-

236 919 500 995 munerumque
519 893 625 968 dator
648 893 885 993 largissimus,
898 893 1100 995 dirinaeque
1111 896 1208 996 legis
1223 898 1282 970 cul

236 1029 296 1086 tor
316 1010 575 1085 devotissimus.
594 1011 672 1108 lpse
695 1036 780 1084 mox
801 1027 842 1081 ut
861 1035 1014 1111 regnare
1034 1013 1170 1110 coepit,
1190 1011 1242 1086 lili

236 1129 437 1218 Michaelis,
452 1154 561 1229 quem
578 1144 750 1231 caecatum
769 1129 897 1216 retuli,
916 1128 960 1201 de
978 1130 1130 1202 vinculis
1145 1131 1416 1217 sustulit..

235 1263 273 1321 et
286 1246 407 1322 abbati
425 1245 585 1321 coenobii
608 1246 727 1319 Sancti
746 1245 827 1344 Cyri
844 1245 1033 1319 tutandum
1052 1246 1214 1321 tradidit.
1243 1248 1274 1323 ll
1294 1283 1444 1313 ·--*

237 1393 341 1459 vero,
354 1384 480 1467 utpote
495 1364 633 1439 mundo
655 1366 811 1455 inutilis,
827 1365 1024 1439 monachus
1046 1365 1180 1440 ibidem
1195 1366 1229 1440 fa
1277 1400 1301 1432 ι»

235 1500 309 1574 est,
328 1483 501 1583 omnique
515 1483 587 1554 vita
601 1508 661 1553 sua
675 1508 759 1555 cum
772 1483 882 1555 servis
897 1483 962 1555 Dei
979 1499 1224 1557 commoratus
1238 1498 1383 1557 est-

235 1600 344 1675 filias
360 1598 697 1701 quoqueWiscardi
716 1599 882 1697 praelatus
904 1597 1029 1688 heros,
1048 1603 1131 1673 acsi
1152 1601 1230 1700 ipse
1243 1626 1442 1702 gea-

237 1718 370 1791 unisset
387 1743 460 1801 eas,
479 1718 612 1789 amavit
630 1714 810 1791 blanditer
833 1733 869 1790 et
892 1718 950 1814 pic
967 1719 1153 1806 tractavit,
1177 1734 1216 1791 et
1234 1720 1437 1792 sare*

235 1858 285 1911 xx
304 1835 408 1907 antris
427 1833 494 1906 sub
516 1834 626 1907 tutela
649 1859 710 1905 sua
731 1833 768 1905 in
786 1832 921 1909 deliciis
938 1833 1114 1907 educavit.
1139 1833 1412 1909 Officium-

237 1951 382 2025 illarum
399 1967 476 2023 erat
489 1975 596 2022 manc
604 2004 615 2037 ,
630 1948 715 2021 dum
739 1951 934 2049 imperator
950 1949 995 2023 de
1013 1976 1077 2024 suo
1092 1967 1209 2025 stratu
1224 1979 1363 2025 sur-—

237 2069 403 2157 missbt,
423 2093 620 2169 manusque
638 2094 717 2140 suas
729 2065 909 2155 ablueret,
925 2069 1131 2167 mappulam
1149 2086 1187 2142 et
1198 2071 1360 2168 pecti-

237 2211 321 2261 nem
333 2186 535 2260 eburneum
547 2185 690 2274 allerre,
705 2201 740 2257 et
750 2184 899 2256 barbam
912 2186 1139 2285 imperatoris
1147 2203 1336 2286 pectere-

236 2300 385 2377 Nobiles
401 2302 530 2401 puellae
545 2301 639 2375 sacili
656 2317 831 2401 gratoque
843 2303 1022 2375 servitioa
1041 2301 1181 2375 liberali
1200 2303 1350 2402 prin*

236 2420 316 2519 cipe
328 2416 507 2517 deputatae
519 2434 623 2509 sunt,
638 2445 719 2518 quae
730 2434 811 2516 post
827 2419 979 2518 longum
995 2436 1133 2517 tempus
1149 2419 1344 2520 Rogerio

237 2536 360 2610 comiti
388 2536 540 2623 Siciliae,
569 2535 731 2634 Augusto
760 2536 891 2609 faventi
920 2553 961 2609 ut
989 2537 1127 2625 amico,
1156 2536 1333 2613 redditae

238 2670 323 2733 sunt
338 2657 409 2752 (t).

380 2823 515 2892 Quotidie
527 2823 624 2878 mundi
638 2835 699 2878 rota
710 2835 833 2878 versatur
847 2825 1001 2878 titulantis.

384 2912 454 2970 Vera
469 2913 589 2985 probant
601 2914 660 2969 fieri
673 2914 802 2967 mortales
814 2913 888 2967 dicta
901 2915 1047 2967 Tonantis.

237 3081 406 3094 m-—u
837 3085 1305 3095 ---———-———-—-—-————-

273 3199 409 3272 (1)Notre
421 3210 528 3267 auteur,
542 3219 576 3254 en
593 3200 691 3254 faisant
706 3201 794 3273 partit·
806 3201 898 3254 Alexis
911 3202 949 3257 du
961 3205 1035 3276 siege
1050 3202 1085 3258 de
1101 3202 1230 3272 Nicee‚a
1243 3223 1305 3260 cou-

239 3289 327 3346 londu
345 3288 371 3343 le
390 3300 569 3345 mourement
585 3291 634 3363 qui
656 3302 736 3362 porta
755 3309 787 3344 ce
800 3292 897 3363 prince
913 3310 961 3346 sur
972 3293 999 3348 le
1012 3293 1093 3347 taline
1107 3310 1172 3348 avec
1184 3292 1257 3349 celui
1275 3294 1307 3350 de

238 3383 397 3458 Nicephore
409 3382 569 3442 Melissene,
584 3384 633 3456 qui
647 3382 689 3436 sut
702 3386 717 3436 'a
730 3382 755 3435 la
767 3385 853 3436 verite
867 3385 1030 3450 simultane,
1044 3403 1081 3439 ou
1091 3386 1308 3456 peut-etmavec

237 3475 310 3531 celui
320 3474 356 3530 dc
368 3473 528 3546 Nicephore
540 3473 686 3528 Botouiate
699 3473 855 3538 lui-mdmr,
869 3476 937 3527 trois
952 3494 1001 3528 ans
1012 3485 1191 3547 aulieravaut.
1206 3476 1308 3546 Quand

237 3565 278 3621 leo
297 3565 362 3620 faits
382 3576 445 3620 sont
461 3566 616 3623 trarestisa
635 3583 667 3619 ce
683 3565 779 3635 point,
801 3563 819 3616 il
834 3563 946 3618 devient
963 3563 1125 3636 impossible
1138 3563 1174 3618 de
1187 3563 1310 3621 demdler

238 3654 318 3728 quala
333 3666 397 3711 sont
411 3655 451 3709 les
462 3658 638 3711 esc'nemcnts
651 3652 721 3707 dont
734 3672 770 3707 on
787 3673 802 3705 a
814 3652 938 3707 rutendu
956 3654 1055 3727 parler.
1069 3655 1120 3708 Les
1132 3652 1235 3709 (le'taila
1248 3667 1311 3712 sont

236 3742 337 3814 dignes
349 3744 386 3798 du
397 3743 463 3798 lond
473 3744 511 3798 du
525 3745 604 3800 tecit.
620 3743 769 3797 L'liistoire
782 3743 817 3796 de
830 3743 855 3795 la
870 3742 954 3796 barbe
966 3742 1001 3796 de
1016 3743 1190 3814 Niceplrore,
1202 3748 1311 3817 coupee

237 3850 287 3906 par
301 3831 393 3888 Alexis
408 3834 567 3899 lui-nieme,
582 3835 651 3888 n'est
664 3852 711 3907 pas
724 3833 879 3888 seulement
893 3833 981 3887 sausse
995 3851 1029 3885 en
1043 3833 1108 3893 tait.
1125 3834 1195 3889 roais
1207 3851 1311 3888 encore

237 3923 399 3979 lolalcntenl
411 3924 478 3978 hors
494 3922 542 3977 des
556 3943 659 3977 rrierurs
673 3923 708 3977 de
720 3943 752 3976 cc
765 3922 871 3994 priner.
887 3923 1054 3975 Constantio
1071 3922 1114 3975 u’a
1127 3939 1176 3994 pas
1191 3923 1256 3994 plus
1266 3925 1313 3979 ἅθ’

231 4016 292 4087 jete
310 4013 379 4068 daus
400 4033 437 4067 un
449 4013 546 4067 cloltre
560 4014 628 4087 qn'il
645 4015 740 4068 n'arail
757 4033 790 4065 en
805 4013 845 4066 lrs
856 4031 927 4083 reus
941 4016 1043 4066 cretes,
1055 4015 1098 4067 Aa
1112 4014 1312 4077 contrairem

238 4106 329 4169 anem,
349 4123 385 4157 en
405 4104 529 4176 quittant
543 4102 567 4156 lc
582 4102 666 4175 palcis
682 4123 752 4176 pour
773 4123 800 4154 sr
817 4104 916 4157 irtirer
928 4122 991 4156 avec
1003 4102 1043 4156 lui
1057 4121 1092 4156 au
1103 4104 1265 4157 monaster-c
1276 4103 1313 4157 de

235 4197 382 4265 tisanana.
393 4195 463 4248 avait
482 4192 583 4265 stipulo
598 4212 667 4263 pour
681 4192 719 4246 lui
733 4192 781 4247 des·
793 4193 1020 4265 linnnenrsquasi
1034 4193 1199 4263 imperiaux.
1211 4193 1313 4261 Quanl
