2872 4920
46 124 133 201 [sss]
436 102 731 177 sinsussxuus.
1076 118 1115 176 75

45 255 104 326 sit.
129 251 238 325 Nuus
260 260 400 335 ensem,
429 230 521 321 sicut
542 245 761 345 principium
780 242 936 346 ejusdem
956 241 1119 318 iectionis

46 384 177 441 nostro
198 365 330 439 inserui
353 363 544 464 opusculo,
574 362 624 434 sic
642 362 750 433 etiam
776 361 884 434 finem
908 370 1058 460 operum
1083 376 1120 433 et

47 487 133 560 vitm
152 481 494 557 sinsffleosulsitasis
510 480 651 552 utiliter
671 479 944 580 compaginabo.

70 674 76 685 ,
98 630 119 670 κ
138 599 273 699 Elapso
288 599 423 671 interea
439 620 536 670 anno
553 594 890 670 vicesimosecundo
906 596 959 693 (r)
976 592 1120 666 inchoa-

49 719 159 792 tionis
174 741 303 790 eorum
321 717 357 787 in
375 716 448 815 ipss
469 738 613 804 eremo,
642 715 680 786 in
697 712 822 787 eodem
840 711 1059 787 monasterio
1075 706 1120 782 ab

51 822 259 908 incursione
272 831 490 906 insidiatoris
502 833 642 932 generis
658 832 804 903 humani
824 831 986 930 pestifera
1007 828 1121 901 clades

51 951 249 1025 subitaneos
257 951 386 1024 mortis
396 952 551 1049 ingressa
562 949 685 1022 adsuit.
698 949 826 1023 Beatus
834 973 921 1021 vero
933 946 1118 1037 Ebrulsus,

53 1092 124 1140 non
135 1066 231 1138 sicut
240 1065 495 1154 mercenarius,
506 1065 568 1164 qui
580 1066 616 1136 in
629 1062 749 1137 medio
763 1064 932 1163 luporum
944 1063 1122 1136 derelictis

54 1180 180 1254 ovibus
206 1179 519 1281 fugam-arripuit,
547 1179 608 1253 sed
628 1196 670 1251 ut
693 1203 798 1252 verus
821 1194 944 1279 pastor
964 1205 1047 1251 cum
1072 1177 1121 1250 eis

55 1315 236 1372 commen
259 1299 355 1384 iniit,
375 1315 413 1371 et
430 1298 582 1396 implens
597 1298 750 1397 apostoli
766 1296 904 1372 monita
914 1353 927 1388 ‚
946 1295 1123 1397 gaudebat

57 1439 135 1486 eum
158 1411 415 1513 gaudentibus,
444 1410 554 1486 flebat
582 1436 664 1487 cum
682 1411 851 1487 flentibus
881 1415 950 1512 (α).
985 1410 1123 1504 Quibus

57 1529 164 1604 verba
181 1528 441 1605 exhortationis
458 1530 610 1621 faciens,
631 1533 682 1603 ait
701 1563 709 1602 ε
732 1531 764 1604 0
770 1528 933 1629 fratres,
960 1531 1124 1604 roborate

59 1647 168 1721 eorda
194 1665 340 1739 vestra,
372 1663 406 1721 et
436 1664 546 1722 estote
572 1653 710 1750 parati.
743 1651 784 1722 V
781 1650 908 1722 in'liter
936 1651 1058 1749 agite,
1092 1664 1125 1719 et

61 1762 316 1865 corifortnmini
347 1769 384 1838 in
415 1769 596 1857 Domino,
627 1771 777 1840 seientes
807 1765 909 1866 quod
935 1766 1124 1837 tribulatio

60 1886 271 1981 parentiam
295 1900 467 1985 operatur
487 1884 556 1983 (ὃ)
581 1885 823 1958 Renoramini
842 1887 974 1986 spiritu
997 1886 1124 1954 mentis

61 2015 187 2073 vestm
198 2000 270 2098 (4),
285 2016 318 2072 et
324 2017 491 2103 pugnate
502 2018 584 2073 eum
598 2002 750 2102 antiquo
763 2017 937 2099 serpente.
954 2001 1012 2074 Sit
1023 2000 1126 2074 vobis

63 2144 120 2191 eor
132 2143 250 2190 ursum
257 2175 270 2208 ,
286 2134 321 2190 et
334 2124 459 2191 aruma
473 2144 547 2191 una
561 2119 600 2191 in
613 2118 783 2191 Domino.
802 2120 904 2193 Eece
916 2116 1124 2222 appropin-

64 2238 303 2334 quatvocatio
315 2252 457 2326 nostra,
473 2254 506 2309 et
516 2234 846 2335 manifestabuntur
855 2263 967 2339 opera
980 2253 1123 2325 nostra,

65 2350 256 2452 reddetque
282 2380 389 2426 uerus
419 2356 555 2427 arbiter
577 2371 691 2457 prout
720 2373 925 2457 exposcunt
955 2354 1124 2454 singulo-

66 2496 138 2542 rum
166 2476 309 2543 merita.
344 2472 507 2568 Vigilate
535 2498 620 2569 ergo
650 2489 684 2543 et
710 2489 832 2559 orate,
863 2476 950 2570 quia
980 2471 1126 2542 nescitis

67 2584 156 2658 diem
180 2610 297 2684 neque
318 2586 458 2659 boram.
480 2588 616 2660 Beatus
640 2587 701 2658 ille
724 2613 863 2676 servus,
888 2566 1017 2686 quem,
1044 2603 1125 2659 eum

69 2706 198 2775 venerit
216 2703 419 2794 Dominus,
439 2707 612 2777 invenerit
627 2705 853 2805 vigilantem.
872 2705 935 2779 His
950 2721 986 2777 et
1002 2702 1127 2804 hujus-

70 2817 160 2892 modi
187 2819 386 2891 Dominicis
406 2819 693 2919 persuasionibus
716 2822 872 2920 prudens
894 2823 1128 2896 concionator

72 2935 300 3009 conscientias
324 2938 479 3010 fratrum
511 2938 769 3028 conveniebat,
802 2939 992 3013 adnectens
1021 2941 1127 3013 etiam

96 3170 134 3240 (1)
145 3171 230 3226 Cette
243 3180 319 3243 peste
331 3169 420 3244 persii
437 3173 497 3227 &tre
518 3173 543 3226 ia
565 3173 655 3228 meme
672 3174 720 3247 qui
736 3188 850 3247 ravagea
861 3178 875 3228 a
888 3183 960 3229 cette
972 3175 1082 3246 speque
1103 3173 1128 3226 le

76 3261 220 3314 manure
232 3261 355 3316 naissaut
367 3261 403 3318 de
419 3262 575 3328 Gianseuii‚
592 3264 771 3336 aujourd'hui
784 3263 1127 3330 saint-naumur-Loire

76 3355 154 3421 etque
164 3346 234 3403 celle
251 3350 301 3422 qui
313 3361 355 3405 est
369 3353 544 3408 mentionnee
557 3372 607 3426 par
621 3354 758 3426 Gregoire
772 3353 807 3409 de
820 3355 913 3409 Tours
922 3372 1031 3409 comme
1047 3364 1129 3427 ayant

78 3440 160 3492 exerce
172 3455 217 3492 ses
236 3456 348 3512 ravages
367 3458 402 3496 en
420 3439 483 3497 582.
498 3442 571 3497 C'est
589 3442 625 3498 de
638 3462 669 3497 ce
682 3444 915 3516 rapprochernent
928 3463 982 3518 que
996 3433 1128 3500 Mabilion

78 3534 109 3580 ut
118 3529 201 3600 parti,
212 3544 285 3600 pour
295 3538 440 3604 rapporter
448 3534 463 3587 i
472 3531 579 3588 l’annee
589 3533 641 3589 560
649 3533 872 3592 l’e'tabiissement
880 3534 915 3591 de
925 3523 1129 3593 saint-Enoun

80 3610 135 3671 dens
147 3616 171 3672 is
188 3617 262 3674 forsit
273 3613 414 3686 d’Ouche.

106 3707 141 3778 (a)
152 3706 235 3762 Rom.
250 3726 303 3776 su,
322 3707 361 3765 15.

109 3792 143 3866 (3)
157 3796 238 3852 Rom.
253 3817 280 3866 v,
294 3795 321 3855 3.

111 3885 145 3953 ii)
156 3886 190 3941 ln
204 3887 332 3943 Doneino.
348 3891 428 3956 (Mes.
446 3892 505 3945 Bec¹
522 3904 549 3948 ct
564 3893 692 3964 Conch.).
