2888 4934
172 358 286 436 noer]
555 352 672 414 meaa
693 352 896 414 sturmus.
1191 364 1251 423 255

174 507 284 562 tenus
309 501 347 559 ct
376 484 564 583 superfluis
597 485 726 587 opibus
760 489 868 558 nimis
901 485 1111 561 abundavit.
1144 493 1251 566 Secus

175 601 388 677 incendium
416 628 435 672 a
462 600 704 674 formidolosis
734 618 856 674 vectus
889 619 942 674 est
974 602 1018 674 ad
1045 602 1249 696 basilicam,

176 725 368 827 liberoque
393 723 488 812 solo,
520 725 583 823 qui
611 742 665 798 tot
691 723 844 797 urbibus
871 741 907 797 et
933 725 1074 825 oppidis
1104 744 1141 801 et
1165 732 1253 803 vicis

176 844 405 944 principatus
421 859 490 930 est,
510 843 625 914 caruit
642 842 687 914 ad
705 844 939 940 sepulturam.
964 842 1101 916 Arvina
1117 849 1253 922 ventris

177 971 272 1068 eius,
288 983 344 1041 tot
356 966 625 1041 delectamentis
639 967 797 1047 enutrita
805 1022 817 1057 ‚
833 995 916 1043 cum
926 966 1103 1044 dedecore
1116 972 1249 1067 patuit,

177 1103 216 1167 et
241 1083 437 1185 prudentes
462 1111 503 1158 ac
526 1085 737 1172 infrunitos,
766 1086 879 1185 qualis
901 1087 949 1165 sit
973 1086 1090 1185 gloria
1114 1090 1251 1176 carnis,

177 1202 338 1279 edocuit.
356 1204 518 1302 inspecta
544 1201 721 1302 siquidem
739 1203 974 1304 corruptione
991 1205 1129 1279 coenosi
1147 1206 1253 1281 oada-

178 1323 297 1413 veris,
326 1322 476 1422 quisquc
505 1337 677 1399 mouetur
702 1337 746 1399 ut
766 1321 937 1409 meliora,
962 1347 1071 1421 quam
1096 1320 1254 1398 delectu-

178 1437 414 1521 mentesani
441 1439 579 1526 carnis,
607 1465 690 1539 quae
715 1454 811 1517 terra
837 1455 910 1528 est,
938 1455 975 1513 et
1007 1441 1254 1538 inpuberem

179 1573 400 1647 revertetur,
419 1556 547 1634 labore
566 1557 730 1635 salutaris
750 1557 986 1636 continentiae
1002 1560 1158 1635 mercari
1178 1561 1254 1637 fcr-

178 1689 310 1754 venter
326 1690 491 1751 conetur.

227 1793 361 1873 Divitis
376 1809 412 1866 et
426 1793 668 1891 pauperispar
680 1809 734 1865 est
747 1791 928 1880 conditi0,
946 1809 982 1867 ct
994 1793 1162 1869 similiter
1178 1822 1257 1870 am-

180 1909 247 1986 bos
265 1909 403 1988 invadit
421 1935 519 1983 mors
536 1926 573 1983 et
587 1908 756 2008 putredo.
780 1909 903 1984 Nolite
916 1934 1006 2010 crgo
1021 1910 1202 1989 confidere
1220 1915 1256 1986 in

180 2027 409 2128 principibus
425 2029 532 2117 salsis,
552 2054 576 2102 o
592 2026 659 2102 filii
676 2028 887 2118 hominum
905 2027 1018 2106 sedin
1035 2030 1112 2105 Deo
1124 2032 1209 2104 vivo
1222 2050 1258 2106 et

179 2171 289 2236 vero,
309 2147 370 2245 qui
389 2162 532 2227 creator
553 2160 607 2226 est
619 2145 799 2225 omnium.
822 2144 962 2220 Veteris
978 2161 1016 2218 et
1029 2147 1113 2220 novi
1129 2147 1258 2221 Testa-

180 2264 296 2343 uenti
321 2265 452 2343 seriem
474 2263 669 2353 revolvite,
690 2279 727 2341 et
750 2263 913 2360 exempla
939 2260 1022 2336 inde
1043 2264 1257 2363 multiplicia

181 2382 286 2459 robis
298 2383 487 2481 capessite,
500 2379 587 2482 quid
603 2406 748 2470 cavere,
762 2378 896 2480 quidve
907 2379 1064 2458 debeatis
1075 2398 1256 2481 appetere.

182 2499 308 2579 Nolite
324 2524 469 2598 sperare
489 2501 527 2577 iu
544 2499 752 2599 iniquitate,
770 2515 808 2571 et
824 2500 968 2598 rapinas
986 2499 1101 2574 nolite
1119 2526 1257 2575 concu-

181 2619 332 2718 piscere.
346 2616 490 2690 Divitiae
503 2617 531 2689 si
544 2617 708 2707 affluant,
720 2617 836 2691 nolite
848 2643 913 2692 cor
926 2641 1121 2717 apponere.
1134 2617 1258 2693 Omnis

181 2735 280 2819 euim
294 2760 380 2810 caro
394 2752 436 2807 ut
446 2735 608 2822 soenum,
620 2751 657 2806 et
668 2736 787 2810 omnis
797 2735 916 2833 gloria
928 2735 1002 2834 ejus
1015 2750 1056 2807 ut
1071 2733 1138 2806 llos
1151 2735 1255 2808 soeni.

182 2852 337 2931 Exarsit
353 2854 516 2939 foenum,
541 2868 578 2930 et
600 2851 667 2927 llos
688 2853 763 2950 ejus
786 2850 927 2927 cecidit.
956 2850 1120 2925 Verbum
1138 2868 1259 2927 autem

182 2969 331 3051 Domini
350 2985 471 3044 manet
486 2970 524 3041 in
541 2984 735 3043 aeternum.

229 3088 300 3160 Hic
315 3087 466 3186 septimo
478 3084 575 3161 libro
588 3087 766 3167 Uticensis
780 3087 952 3163 Historias
960 3087 1078 3186 placet
1091 3110 1174 3161 cum
1186 3087 1261 3161 fine

183 3205 281 3306 tegis
301 3205 498 3284 terminum
520 3202 627 3294 dare,
655 3221 691 3278 et
715 3205 752 3280 in
777 3219 906 3283 octavo
928 3202 973 3279 de
998 3203 1083 3279 filiis
1104 3206 1196 3304 ejus,
1223 3223 1259 3276 et

183 3321 397 3403 multimoda
421 3321 714 3421 perturbatione,
735 3347 817 3421 quae
833 3320 898 3397 diu
915 3319 1120 3396 Neustriam
1145 3319 1258 3395 rehe-

184 3455 329 3515 meutcr
359 3456 396 3516 et
432 3439 603 3540 Angliam
633 3440 777 3527 afflixit,
814 3436 951 3539 aliquid
983 3439 1069 3513 volo
1105 3440 1257 3536 posteris

185 3555 351 3631 enodare.
