2888 4934
183 405 221 461 lti
454 395 637 456 HISTORIA
660 391 965 454 tectfistasnct.

180 526 392 604 criminibus
419 528 595 600 accusarit
619 525 713 625 apud
745 549 867 623 regem
893 525 1101 595 Henricnm.
1128 523 1245 596 Porro

182 645 309 737 abbas,
327 661 411 716 ante
428 669 550 743 regem
571 642 779 727 accersitus,
800 640 950 736 prolixis
972 636 1171 711 rationibrn
1190 640 1244 710 uti

183 764 317 850 noluit,
337 759 398 834 sed
420 760 604 831 innooenti
626 758 842 830 conscientia
861 771 1067 839 contentus,
1090 753 1245 827 abbatiae

181 880 406 953 dominatum
437 877 511 976 regi
545 876 644 948 ultro
668 875 840 973 reliquit,
869 889 1012 971 etpost
1046 871 1248 945 laboriosos

182 995 336 1070 Martha
345 995 547 1079 famulatus,
562 994 739 1090 optimam
750 992 873 1062 llariae
882 1007 1021 1088 partem
1033 992 1126 1062 intra
1136 1015 1249 1062 secre-

184 1132 261 1186 tum
273 1113 551 1186 Gnentoniensis
560 1110 704 1182 claustri
714 1111 870 1207 repetiit.
883 1109 1058 1207 Denique,
1070 1106 1155 1179 dum
1166 1126 1250 1206 post

182 1231 329 1331 aliquod
360 1248 499 1330 tempus
524 1256 543 1300 a
570 1225 767 1299 venerabili
798 1226 950 1298 lladullo
976 1225 1134 1298 lloffensi
1168 1228 1250 1324 epi·

185 1376 294 1448 scopo
312 1355 365 1444 tr)
380 1349 550 1419 inritatus
564 1346 702 1430 luisset,
717 1362 755 1416 et
772 1347 846 1442 ipse
860 1361 993 1442 rogatu
1007 1344 1251 1442 plurimorum

186 1466 351 1537 eumdem
363 1462 570 1562 pontificem
578 1489 680 1534 musa
689 1477 820 1533 sanctae
834 1461 1084 1533 oellocutionis
1094 1459 1249 1548 adiisset,

189 1580 325 1653 ibidem
337 1595 488 1651 rorante
504 1577 580 1651 [len
604 1581 641 1649 in
659 1580 791 1650 lectum
806 1576 977 1649 decubuit
983 1609 995 1667 ;
1011 1595 1048 1651 et
1063 1580 1253 1677 completis

189 1695 358 1770 omnibus
382 1723 464 1796 quae
481 1721 587 1767 servo
608 1696 673 1768 Ilei
702 1697 772 1768 rite
794 1713 1023 1793 competunt,
1045 1712 1254 1769 reverenter

191 1814 297 1888 obiit.

240 1930 416 2030 Rogemus
428 1955 516 2002 vero
524 1929 768 2004 deGuarenna
779 1931 903 2029 (quem
914 1932 1052 2029 prmsati
1063 1929 1256 2005 sacerdotis

191 2047 346 2121 diximus
361 2047 509 2120 hortatu
526 2064 729 2121 correctum
751 2049 873 2134 fuisse,
889 2065 926 2119 et
937 2048 1082 2120 Utictun
1095 2050 1196 2147 qnasi
1211 2046 1257 2121 de

192 2165 346 2236 flammis
354 2163 520 2237 Sodomae
529 2182 776 2264 cumquatnor
784 2165 1092 2239 commilitonibus
1100 2193 1259 2265 promo-

194 2279 348 2351 nachatu
363 2281 572 2376 accurrisse)
588 2281 663 2352 lere
674 2305 760 2354 xnus
777 2283 879 2352 annis
894 2280 1028 2354 ibidem
1041 2283 1151 2369 uixit,
1169 2297 1207 2354 et
1219 2282 1257 2355 in

195 2396 324 2468 ordine
335 2396 491 2484 fervens,
504 2396 716 2470 multimoda
727 2396 912 2471 honestate
922 2401 1048 2498 viguit.
1059 2399 1151 2470 Erat
1160 2400 1259 2472 euim

197 2538 351 2612 corpore
375 2531 563 2600 venustus,
583 2513 779 2614 habituque
795 2517 858 2587 rili
884 2533 1012 2615 sponte
1027 2515 1197 2615 dejectus.
1215 2518 1258 2587 ln

195 2633 295 2703 omni
325 2657 399 2703 esse
428 2657 493 2704 suo
525 2629 723 2703 venerabili
759 2631 918 2730 pollebat
946 2632 1137 2722 modestia,
1171 2657 1260 2706 soce

197 2746 292 2818 clara
311 2763 349 2819 et
366 2745 514 2820 facunda
538 2747 693 2845 loquela.
717 2746 775 2818 Ad
799 2746 938 2820 labores
958 2747 1164 2821 tolerandos
1183 2763 1262 2820 erat

197 2862 352 2950 validus,
371 2863 415 2935 ad
432 2865 586 2962 psalmos
602 2879 639 2936 et
653 2863 803 2961 hymnos
820 2863 998 2938 muendos
1015 2865 1258 2948 voluntarius,

199 2981 237 3050 in
255 2981 524 3053 conversatione
542 3006 629 3052 sero
644 3008 706 3051 sua
724 2980 1043 3053 contubernalibus
1065 2979 1261 3053 tractabilis

199 3107 235 3163 et
247 3091 340 3165 bene
353 3094 606 3191 morigeratus.
621 3095 662 3165 ln
678 3096 774 3164 victu
786 3077 854 3165 sibi
865 3122 1009 3192 parcus,
1028 3097 1177 3196 aliisque
1194 3095 1262 3167 lar·

198 3234 282 3307 gns,
302 3212 338 3281 in
357 3209 486 3307 vigiliis
501 3235 641 3308 semper
656 3229 863 3308 promptus,
884 3228 922 3284 et
938 3212 1192 3285 inedicibiliter
1207 3236 1263 3285 so

200 3325 313 3398 brius.
342 3325 425 3399 Non
446 3326 537 3397 fastu
555 3329 707 3400 oernalis
729 3326 927 3401 nobilitatis
959 3332 1109 3418 tumuit,
1135 3328 1197 3403 sed
1227 3331 1263 3402 in

200 3443 402 3518 bumilitate
423 3445 618 3517 consistens
634 3446 769 3544 regulae
787 3445 991 3536 succubuit,
1014 3465 1051 3520 et
1067 3450 1150 3520 vilia
1165 3474 1264 3547 quae·

238 3726 277 3794 (r)
286 3723 390 3790 Raoul,
404 3725 446 3779 fit·
454 3726 491 3781 de
500 3727 592 3783 siffmi
602 3715 752 3796 d’Ecums(
759 3731 822 3801 pris
830 3729 1194 3801 saint-Pieroe-sur-Dtve),
1208 3732 1266 3803 prit

204 3809 301 3864 l’babit
314 3812 488 3884 monastique
500 3816 516 3866 'a
526 3814 719 3868 saint-llartin
733 3812 769 3868 de
779 3813 891 3875 secent
901 3834 937 3868 en
950 3815 1045 3869 derint
1056 3816 1126 3870 abbe
1136 3835 1172 3869 en
1187 3816 1265 3891 1089.

204 3900 292 3954 Forne
304 3900 339 3954 de
357 3900 515 3972 s’espatrier
528 3921 599 3975 pour
611 3904 776 3977 echapper'a
795 3903 820 3957 la
839 3905 967 3976 trraunie
982 3904 1017 3959 de
1031 3904 1136 3959 Robert
1149 3903 1184 3958 de
1202 3905 1266 3961 Bel·

205 3989 292 4056 ldme,
318 3988 338 4043 il
362 4007 391 4043 se
408 3991 492 4044 retira
513 4011 548 4045 en
570 3993 734 4066 Angleterre
754 4014 790 4049 en
811 3992 892 4057 1105.
911 3994 954 4048 sut
973 3998 1085 4049 nomme
1101 3995 1206 4068 <ireque
1230 3996 1266 4051 de

207 4079 360 4136 llocbester
376 4099 411 4134 en
431 4081 513 4148 1108,
535 4094 564 4136 et
589 4086 722 4139 transfere?
743 4090 758 4138 'a
784 4085 971 4140 l'archesechc
990 4085 1026 4139 de
1047 4086 1219 4160 Cantrrbery
1242 4091 1268 4145 le

206 4167 242 4224 ἦ
252 4164 321 4224 airil
336 4175 410 4235 ¹¹¹l·
