2888 4934
191 399 297 482 [1094]
571 399 687 462 trusa
708 401 894 463 orsurus,
1201 402 1260 464 ur

243 535 332 606 Pace
349 534 440 605 sactu
462 533 556 603 inter
573 556 749 631 pugnaces
769 530 1009 617 adversarios,
1028 532 1152 604 multis
1171 558 1261 633 gau-

192 650 379 738 dentibus,
399 651 450 722 sol
456 677 493 721 us
510 647 715 722 Rodbertus
732 647 964 721 Belesmeusis
983 646 1177 721 admodum
1193 650 1261 722 luit

193 772 323 858 iratus,
341 770 424 868 quia
453 769 526 866 ipse
552 767 596 839 ad
620 767 811 840 consilium
836 768 951 865 pacis,
979 791 1023 839 ue
1048 764 1258 865 impediret,

192 913 266 961 non
295 887 410 958 luerat
440 886 629 973 invitatus,
658 885 720 985 qui
749 885 951 984 praecipuus
978 881 1193 983 praesederat
1217 881 1261 957 ad

191 1002 339 1077 bellicos
359 1021 566 1102 apparatus,
588 1020 630 1074 ut
647 1020 751 1075 atrox
772 1019 808 1075 et
826 1018 1017 1101 protervus
1036 1000 1147 1075 hostis
1169 1028 1259 1074 cou-

191 1120 404 1193 suaderetur
416 1138 614 1220 superatus.
635 1118 810 1193 Radberti
832 1121 929 1192 enim
946 1121 1095 1220 argutiae
1110 1134 1146 1191 et
1167 1120 1262 1192 vires

190 1235 427 1309 formidandae
452 1262 561 1334 super
584 1261 708 1309 omues
727 1235 815 1307 alios
838 1235 1123 1334 praevalueruut‚
1146 1252 1182 1308 ct
1202 1235 1261 1306 in-

190 1354 329 1451 signem
350 1378 454 1425 sensu
477 1352 677 1451 militiaque
696 1349 908 1450 praedonem
927 1350 1100 1423 mirandis
1120 1349 1263 1423 runchi-

190 1469 396 1542 nationibus
410 1485 639 1558 terruerunt,
656 1494 763 1569 quem
782 1484 884 1540 antea
904 1492 1005 1568 reges
1019 1483 1055 1539 et
1071 1465 1194 1557 duces,
1222 1469 1259 1538 in

188 1587 286 1684 asylo
302 1614 366 1660 suo
386 1587 586 1676 ludentem,
609 1603 645 1659 et
663 1586 828 1658 inimicos
845 1586 969 1656 multis
984 1585 1150 1657 versutiis
1171 1582 1261 1656 sub·
1351 1569 1360 1588 ⁹

185 1720 411 1793 manantem,
424 1731 442 1774 a
455 1702 638 1775 cachinnis
651 1700 820 1775 cohibere
830 1703 1085 1801 nequiverunt.
1097 1701 1261 1800 Denique

185 1821 355 1920 praefatus
373 1821 497 1908 miles,
516 1836 558 1891 ut
575 1818 806 1894 concordiam
825 1820 920 1891 inter
936 1817 1116 1892 discordes
1130 1818 1261 1890 saetam

186 1938 377 2034 cognovit,
401 1960 534 2008 cuneos
554 1962 634 2008 suos
660 1937 827 2034 protinus
847 1935 1078 2022 convocavit,
1098 1935 1261 2034 nullique

186 2052 349 2126 lraudem
362 2055 416 2126 sui
435 2054 553 2127 cordis
574 2052 762 2154 detegens,
787 2055 997 2126 festinanter
1015 2053 1208 2143 remeavit,
1225 2069 1261 2126 et

187 2169 233 2241 ad
246 2170 416 2243 Sanctum
431 2170 643 2242 Cereuicum
657 2173 713 2267 (1)
735 2191 842 2269 super
859 2168 1086 2242 Rodbertum
1104 2168 1261 2242 Geroia-

187 2313 278 2359 num
291 2312 334 2360 ex
350 2289 545 2386 improviso
557 2289 775 2362 convolavit.
793 2288 994 2386 Municipes
1007 2303 1141 2375 autem,
1157 2285 1260 2361 Rod-

187 2403 333 2478 bertum
358 2407 396 2478 in
420 2405 647 2504 expeditione
672 2405 831 2505 generali
855 2432 938 2478 cum
955 2404 1046 2479 duce
1069 2420 1256 2506 putantes,

186 2524 370 2613 exierant,
399 2540 435 2596 et
456 2524 606 2622 sparsim
630 2548 698 2622 per
722 2550 835 2621 agros.
846 2524 960 2595 securi
979 2550 1047 2623 pro
1069 2522 1177 2595 libitu
1193 2549 1258 2596 suo

184 2639 448 2713 discurrebant.
468 2641 630 2740 Cumque
643 2642 741 2714 valer
756 2639 944 2714 insidiator
961 2666 1043 2713 cum
1060 2641 1172 2738 copiis
1187 2640 1258 2712 suis

184 2773 335 2855 repente
356 2757 528 2844 irrueret,
551 2773 587 2828 et
606 2753 781 2855 oppidum
799 2755 959 2856 ingredi,
978 2757 1258 2856 castellanosque

182 2871 252 2945 sibi
281 2872 404 2946 subire
429 2889 627 2972 satageret,
656 2873 855 2948 Garoiauus
881 2889 973 2946 nutu
997 2876 1062 2947 Dei
1089 2873 1258 2947 hostilem

182 2993 359 3090 impetum
377 2994 572 3091 praevenit,
592 3007 628 3064 et
643 2994 886 3067 munitionem
904 3021 987 3066 cum
1004 2994 1075 3066 suis
1092 2993 1258 3066 celeriter

184 3108 355 3197 intravit,
372 3125 408 3180 et
420 3109 653 3181 Belesmeusis
660 3165 672 3199 ,
691 3106 790 3210 quod
804 3110 896 3184 velle
909 3137 1012 3183 suum
1025 3109 1069 3183 de
1083 3109 1257 3210 capiendo

182 3240 302 3297 castro
319 3226 530 3297 frustratum
552 3242 622 3314 est,
643 3224 773 3298 doluit.
795 3226 932 3300 Deinde
953 3226 996 3299 ad
1019 3225 1257 3326 praedandum

184 3363 259 3411 sese
287 3341 488 3430 convertit,
520 3366 635 3412 uuum
663 3342 816 3414 militem
846 3341 1000 3432 occidit,
1030 3358 1067 3414 et
1099 3341 1256 3440 plurima

182 3453 314 3528 damna
331 3457 427 3527 lecit.
447 3457 505 3529 Sic
524 3457 685 3556 nequitia
704 3458 777 3558 ejus
799 3476 835 3533 et
857 3461 952 3532 lraus
975 3459 1111 3533 detecta
1131 3475 1201 3549 est,
1220 3474 1257 3530 et

183 3569 313 3644 exinde
324 3573 509 3645 manifesta
523 3599 652 3672 guerra
670 3575 835 3649 inchoata
845 3593 910 3649 est.
922 3575 1122 3650 Garoianus
1136 3592 1256 3649 autem

181 3684 410 3759 Goissredum
427 3687 471 3759 de
496 3686 659 3762 Madeuia
685 3692 760 3790 (2),
788 3707 825 3764 et
849 3690 1084 3763 Guillelmum
1111 3691 1156 3764 de
1179 3691 1255 3763 Sil·

182 3803 254 3875 leio
266 3804 341 3901 (3),
357 3805 516 3906 aliosque
527 3806 703 3905 plurimos
720 3810 948 3882 auxiliatores
961 3808 1108 3901 habuit,
1124 3825 1255 3883 totam-

218 4004 259 4074 (1)
273 4003 636 4062 Salnt-Ceneri·sur-Sarte.

216 4095 256 4165 (a)
267 4093 390 4148 Geoffroi
405 4095 440 4149 de
453 4098 597 4170 lllaycnne.

219 4179 259 4255 (3)
274 4181 568 4253 stlte-loGuiltaume,
582 4188 597 4239 a
608 4185 730 4241 distance
740 4187 817 4259 dgalc
827 4187 978 4261 ‹l'Aleoqon
992 4191 1006 4241 a
1020 4189 1169 4259 llayennc,
1184 4189 1255 4241 avait

258 4297 296 4342 lll
303 4327 311 4342 .
1061 4307 1102 4375 27
