<?xml version="1.0" encoding="UTF-8"?>
<!DOCTYPE html PUBLIC "-//W3C//DTD XHTML 1.0 Transitional//EN"
    "http://www.w3.org/TR/xhtml1/DTD/xhtml1-transitional.dtd">
<html xmlns="http://www.w3.org/1999/xhtml" xml:lang="en" lang="en">
 <head>
  <title>
</title>
<meta http-equiv="Content-Type" content="text/html;charset=utf-8" />
  <meta name='ocr-system' content='tesseract 3.04.00' />
  <meta name='ocr-capabilities' content='ocr_page ocr_carea ocr_par ocr_line ocrx_word'/>
</head>
<body>
  <div class='ocr_page' id='page_1' title='image "./ordericivitalis05deligoog/ordericivitalis05deligoog_0502.png"; bbox 0 0 2888 4934; ppageno 0'>
   <div class='ocr_carea' id='block_1_1' title="bbox 179 366 1250 496">
    <p class='ocr_par' dir='ltr' id='par_1_1' title="bbox 179 366 1250 496">
     <span class='ocr_line' id='line_1_1' title="bbox 179 366 1250 496; baseline 0.001 -19"><span class='ocrx_word' id='word_1_1' title='bbox 179 419 288 496; x_wconf 77' lang='lat'>[1096]</span> <span class='ocrx_word' id='word_1_2' title='bbox 577 418 693 479; x_wconf 78' lang='lat' dir='ltr'>tltsEtt</span> <span class='ocrx_word' id='word_1_3' title='bbox 715 419 851 478; x_wconf 83' lang='lat' dir='ltr'><strong>NONUS.</strong></span> <span class='ocrx_word' id='word_1_4' title='bbox 875 366 880 379; x_wconf 35' lang='grc' dir='ltr'><strong><em>ι</em></strong></span> <span class='ocrx_word' id='word_1_5' title='bbox 1192 419 1250 480; x_wconf 80' lang='lat' dir='ltr'>lut</span> 
     </span>
    </p>
   </div>
   <div class='ocr_carea' id='block_1_2' title="bbox 182 548 1272 3927">
    <p class='ocr_par' dir='ltr' id='par_1_2' title="bbox 182 548 1272 3927">
     <span class='ocr_line' id='line_1_2' title="bbox 182 548 1256 652; baseline 0 -29"><span class='ocrx_word' id='word_1_6' title='bbox 182 548 353 623; x_wconf 84' lang='lat' dir='ltr'>bentibus</span> <span class='ocrx_word' id='word_1_7' title='bbox 361 551 506 638; x_wconf 86' lang='lat' dir='ltr'>ancis,</span> <span class='ocrx_word' id='word_1_8' title='bbox 519 577 598 625; x_wconf 90' lang='lat' dir='ltr'>eam</span> <span class='ocrx_word' id='word_1_9' title='bbox 609 552 850 652; x_wconf 77' lang='lat' dir='ltr'><strong>imperfectam</strong></span> <span class='ocrx_word' id='word_1_10' title='bbox 860 552 1067 652; x_wconf 77' lang='lat' dir='ltr'><strong>reliquerat.</strong></span> <span class='ocrx_word' id='word_1_11' title='bbox 1080 552 1256 624; x_wconf 84' lang='lat' dir='ltr'>Soliman-</span> 
     </span>
     <span class='ocr_line' id='line_1_3' title="bbox 185 665 1254 767; baseline 0 -29"><span class='ocrx_word' id='word_1_12' title='bbox 185 692 254 738; x_wconf 91' lang='lat' dir='ltr'>nus</span> <span class='ocrx_word' id='word_1_13' title='bbox 283 690 388 751; x_wconf 88' lang='lat' dir='ltr'>vero,</span> <span class='ocrx_word' id='word_1_14' title='bbox 418 667 518 737; x_wconf 86' lang='lat' dir='ltr'>victis</span> <span class='ocrx_word' id='word_1_15' title='bbox 543 665 803 767; x_wconf 76' lang='lat' dir='ltr'><strong>Allobrogibus</strong></span> <span class='ocrx_word' id='word_1_16' title='bbox 827 683 863 740; x_wconf 92' lang='lat' dir='ltr'>et</span> <span class='ocrx_word' id='word_1_17' title='bbox 892 667 1102 741; x_wconf 83' lang='lat' dir='ltr'><strong>Alemannis</strong></span> <span class='ocrx_word' id='word_1_18' title='bbox 1127 668 1254 752; x_wconf 85' lang='lat' dir='ltr'>elatus,</span> 
     </span>
     <span class='ocr_line' id='line_1_4' title="bbox 185 780 1254 882; baseline 0.001 -28"><span class='ocrx_word' id='word_1_19' title='bbox 185 780 432 871; x_wconf 83' lang='lat' dir='ltr'>Chsvetotem,</span> <span class='ocrx_word' id='word_1_20' title='bbox 443 781 750 872; x_wconf 84' lang='lat' dir='ltr'>Nioaeaevicinam,</span> <span class='ocrx_word' id='word_1_21' title='bbox 761 782 1254 882; x_wconf 85' lang='lat' dir='ltr'>detriumphosecurns,cum</span> 
     </span>
     <span class='ocr_line' id='line_1_5' title="bbox 185 898 1256 1000; baseline 0.001 -28"><span class='ocrx_word' id='word_1_22' title='bbox 185 900 268 986; x_wconf 88' lang='lat' dir='ltr'>suis,</span> <span class='ocrx_word' id='word_1_23' title='bbox 284 901 357 996; x_wconf 88' lang='lat' dir='ltr'>jam</span> <span class='ocrx_word' id='word_1_24' title='bbox 372 898 422 970; x_wconf 92' lang='lat' dir='ltr'>nil</span> <span class='ocrx_word' id='word_1_25' title='bbox 442 900 508 971; x_wconf 92' lang='lat' dir='ltr'>nisi</span> <span class='ocrx_word' id='word_1_26' title='bbox 526 901 735 1000; x_wconf 82' lang='lat' dir='ltr'>sangninem</span> <span class='ocrx_word' id='word_1_27' title='bbox 753 900 974 987; x_wconf 78' lang='lat' dir='ltr'>sitientibus,</span> <span class='ocrx_word' id='word_1_28' title='bbox 995 900 1101 984; x_wconf 89' lang='lat' dir='ltr'>adiit,</span> <span class='ocrx_word' id='word_1_29' title='bbox 1123 917 1256 973; x_wconf 92' lang='lat' dir='ltr'>etcum</span> 
     </span>
     <span class='ocr_line' id='line_1_6' title="bbox 186 1016 1257 1115; baseline 0.002 -29"><span class='ocrx_word' id='word_1_30' title='bbox 186 1041 320 1114; x_wconf 78' lang='lat' dir='ltr'>magno</span> <span class='ocrx_word' id='word_1_31' title='bbox 343 1016 479 1112; x_wconf 86' lang='lat' dir='ltr'>impetu</span> <span class='ocrx_word' id='word_1_32' title='bbox 503 1042 610 1115; x_wconf 88' lang='lat' dir='ltr'>super</span> <span class='ocrx_word' id='word_1_33' title='bbox 627 1017 749 1092; x_wconf 86' lang='lat' dir='ltr'>Gallos</span> <span class='ocrx_word' id='word_1_34' title='bbox 775 1019 895 1092; x_wconf 87' lang='lat' dir='ltr'>irruit.</span> <span class='ocrx_word' id='word_1_35' title='bbox 921 1018 1047 1090; x_wconf 88' lang='lat' dir='ltr'>Pstrus</span> <span class='ocrx_word' id='word_1_36' title='bbox 1065 1016 1162 1089; x_wconf 90' lang='lat' dir='ltr'>enim</span> <span class='ocrx_word' id='word_1_37' title='bbox 1184 1021 1257 1112; x_wconf 86' lang='lat' dir='ltr'>jam</span> 
     </span>
     <span class='ocr_line' id='line_1_7' title="bbox 187 1120 1267 1236; baseline 0.001 -32"><span class='ocrx_word' id='word_1_38' title='bbox 187 1133 541 1231; x_wconf 73' lang='lat' dir='ltr'>Constantinopolim</span> <span class='ocrx_word' id='word_1_39' title='bbox 558 1135 732 1223; x_wconf 73' lang='lat' dir='ltr'>redierat,</span> <span class='ocrx_word' id='word_1_40' title='bbox 751 1135 923 1236; x_wconf 88' lang='lat' dir='ltr'>qnoniam</span> <span class='ocrx_word' id='word_1_41' title='bbox 943 1135 1046 1207; x_wconf 92' lang='lat' dir='ltr'>illum</span> <span class='ocrx_word' id='word_1_42' title='bbox 1060 1120 1267 1206; x_wconf 84' lang='lat' dir='ltr'>auscultare¹</span> 
     </span>
     <span class='ocr_line' id='line_1_8' title="bbox 188 1251 1260 1350; baseline -0.005 -23"><span class='ocrx_word' id='word_1_43' title='bbox 188 1279 249 1327; x_wconf 80' lang='lat' dir='ltr'>sua</span> <span class='ocrx_word' id='word_1_44' title='bbox 262 1251 392 1325; x_wconf 84' lang='lat' dir='ltr'>cohors</span> <span class='ocrx_word' id='word_1_45' title='bbox 401 1278 477 1325; x_wconf 91' lang='lat' dir='ltr'>non</span> <span class='ocrx_word' id='word_1_46' title='bbox 489 1252 750 1350; x_wconf 83' lang='lat' dir='ltr'>adquiesoebat.</span> <span class='ocrx_word' id='word_1_47' title='bbox 767 1254 930 1326; x_wconf 84' lang='lat' dir='ltr'>Ellreucs</span> <span class='ocrx_word' id='word_1_48' title='bbox 944 1268 1064 1324; x_wconf 79' lang='lat' dir='ltr'>autem</span> <span class='ocrx_word' id='word_1_49' title='bbox 1078 1251 1187 1324; x_wconf 86' lang='lat' dir='ltr'>anci</span> <span class='ocrx_word' id='word_1_50' title='bbox 1205 1278 1260 1322; x_wconf 90' lang='lat' dir='ltr'>sn-</span> 
     </span>
     <span class='ocr_line' id='line_1_9' title="bbox 189 1367 1261 1470; baseline -0.001 -30"><span class='ocrx_word' id='word_1_51' title='bbox 189 1368 269 1445; x_wconf 89' lang='lat' dir='ltr'>bito</span> <span class='ocrx_word' id='word_1_52' title='bbox 280 1386 527 1449; x_wconf 75' lang='lat' dir='ltr'>uocauerunt,</span> <span class='ocrx_word' id='word_1_53' title='bbox 543 1372 690 1470; x_wconf 80' lang='lat' dir='ltr'>egregio</span> <span class='ocrx_word' id='word_1_54' title='bbox 700 1371 809 1444; x_wconf 89' lang='lat' dir='ltr'>militi</span> <span class='ocrx_word' id='word_1_55' title='bbox 824 1370 1011 1442; x_wconf 89' lang='lat' dir='ltr'>Gualterio</span> <span class='ocrx_word' id='word_1_56' title='bbox 1024 1370 1092 1467; x_wconf 82' lang='lat' dir='ltr'>(r),</span> <span class='ocrx_word' id='word_1_57' title='bbox 1104 1367 1261 1466; x_wconf 85' lang='lat' dir='ltr'>principi</span> 
     </span>
     <span class='ocr_line' id='line_1_10' title="bbox 188 1485 1260 1586; baseline 0 -28"><span class='ocrx_word' id='word_1_58' title='bbox 188 1485 350 1571; x_wconf 76' lang='lat' dir='ltr'>militias,</span> <span class='ocrx_word' id='word_1_59' title='bbox 368 1487 510 1586; x_wconf 84' lang='lat' dir='ltr'>suisque</span> <span class='ocrx_word' id='word_1_60' title='bbox 527 1487 837 1561; x_wconf 84' lang='lat' dir='ltr'>commilitonibus</span> <span class='ocrx_word' id='word_1_61' title='bbox 855 1489 1096 1562; x_wconf 75' lang='lat' dir='ltr'>obviaverunt</span> <span class='ocrx_word' id='word_1_62' title='bbox 1116 1487 1183 1583; x_wconf 78' lang='lat' dir='ltr'>(a),</span> <span class='ocrx_word' id='word_1_63' title='bbox 1199 1486 1260 1584; x_wconf 90' lang='lat' dir='ltr'>ip-</span> 
     </span>
     <span class='ocr_line' id='line_1_11' title="bbox 188 1601 1261 1704; baseline -0.003 -27"><span class='ocrx_word' id='word_1_64' title='bbox 188 1628 341 1702; x_wconf 84' lang='lat' dir='ltr'>sumque</span> <span class='ocrx_word' id='word_1_65' title='bbox 359 1629 440 1677; x_wconf 90' lang='lat' dir='ltr'>cum</span> <span class='ocrx_word' id='word_1_66' title='bbox 464 1604 604 1692; x_wconf 87' lang='lat' dir='ltr'>multis,</span> <span class='ocrx_word' id='word_1_67' title='bbox 632 1607 714 1704; x_wconf 89' lang='lat' dir='ltr'>quin</span> <span class='ocrx_word' id='word_1_68' title='bbox 741 1606 904 1703; x_wconf 80' lang='lat' dir='ltr'>imparati</span> <span class='ocrx_word' id='word_1_69' title='bbox 926 1620 1048 1690; x_wconf 86' lang='lat' dir='ltr'>erant,</span> <span class='ocrx_word' id='word_1_70' title='bbox 1074 1602 1176 1676; x_wconf 78' lang='lat' dir='ltr'>facile</span> <span class='ocrx_word' id='word_1_71' title='bbox 1196 1601 1261 1674; x_wconf 88' lang='lat' dir='ltr'>de-</span> 
     </span>
     <span class='ocr_line' id='line_1_12' title="bbox 191 1720 1264 1821; baseline 0.001 -33"><span class='ocrx_word' id='word_1_72' title='bbox 191 1735 463 1793; x_wconf 82' lang='lat' dir='ltr'>truncaverunt.</span> <span class='ocrx_word' id='word_1_73' title='bbox 476 1721 708 1795; x_wconf 88' lang='lat' dir='ltr'>Gnillelmum</span> <span class='ocrx_word' id='word_1_74' title='bbox 722 1748 824 1806; x_wconf 84' lang='lat' dir='ltr'>vero,</span> <span class='ocrx_word' id='word_1_75' title='bbox 835 1724 982 1795; x_wconf 78' lang='lat' dir='ltr'>fratrem</span> <span class='ocrx_word' id='word_1_76' title='bbox 993 1723 1081 1821; x_wconf 84' lang='lat' dir='ltr'>ejus,</span> <span class='ocrx_word' id='word_1_77' title='bbox 1095 1744 1176 1794; x_wconf 91' lang='lat' dir='ltr'>cum</span> <span class='ocrx_word' id='word_1_78' title='bbox 1188 1720 1264 1818; x_wconf 87' lang='lat' dir='ltr'>qui-</span> 
     </span>
     <span class='ocr_line' id='line_1_13' title="bbox 193 1835 1263 1913; baseline -0.002 -5"><span class='ocrx_word' id='word_1_79' title='bbox 193 1835 341 1909; x_wconf 88' lang='lat' dir='ltr'>busdam</span> <span class='ocrx_word' id='word_1_80' title='bbox 357 1838 435 1911; x_wconf 88' lang='lat' dir='ltr'>aliis</span> <span class='ocrx_word' id='word_1_81' title='bbox 453 1839 748 1912; x_wconf 81' lang='lat' dir='ltr'>vulneraverunt.</span> <span class='ocrx_word' id='word_1_82' title='bbox 781 1841 834 1911; x_wconf 88' lang='lat' dir='ltr'>lbi</span> <span class='ocrx_word' id='word_1_83' title='bbox 862 1841 969 1912; x_wconf 89' lang='lat' dir='ltr'>etiam</span> <span class='ocrx_word' id='word_1_84' title='bbox 993 1839 1263 1913; x_wconf 86' lang='lat' dir='ltr'>decollaverunt</span> 
     </span>
     <span class='ocr_line' id='line_1_14' title="bbox 192 1954 1263 2054; baseline -0.003 -26"><span class='ocrx_word' id='word_1_85' title='bbox 192 1954 383 2054; x_wconf 87' lang='lat' dir='ltr'>quemdam</span> <span class='ocrx_word' id='word_1_86' title='bbox 393 1954 540 2028; x_wconf 87' lang='lat' dir='ltr'>Domini</span> <span class='ocrx_word' id='word_1_87' title='bbox 552 1957 787 2039; x_wconf 78' lang='lat' dir='ltr'>sacerdotem,</span> <span class='ocrx_word' id='word_1_88' title='bbox 800 1960 989 2030; x_wconf 88' lang='lat' dir='ltr'>missarum</span> <span class='ocrx_word' id='word_1_89' title='bbox 998 1955 1171 2030; x_wconf 84' lang='lat' dir='ltr'>solemnia</span> <span class='ocrx_word' id='word_1_90' title='bbox 1182 1980 1263 2052; x_wconf 81' lang='lat' dir='ltr'>sup</span> 
     </span>
     <span class='ocr_line' id='line_1_15' title="bbox 192 2070 1263 2173; baseline -0.001 -29"><span class='ocrx_word' id='word_1_91' title='bbox 192 2071 337 2171; x_wconf 79' lang='lat' dir='ltr'>pliciter</span> <span class='ocrx_word' id='word_1_92' title='bbox 354 2070 610 2146; x_wconf 71' lang='lat' dir='ltr'>celebrantem.</span> <span class='ocrx_word' id='word_1_93' title='bbox 623 2074 659 2145; x_wconf 90' lang='lat' dir='ltr'>Si</span> <span class='ocrx_word' id='word_1_94' title='bbox 672 2075 734 2173; x_wconf 87' lang='lat' dir='ltr'>qui</span> <span class='ocrx_word' id='word_1_95' title='bbox 752 2074 902 2147; x_wconf 87' lang='lat' dir='ltr'>evadere</span> <span class='ocrx_word' id='word_1_96' title='bbox 912 2076 985 2147; x_wconf 88' lang='lat' dir='ltr'>vivi</span> <span class='ocrx_word' id='word_1_97' title='bbox 999 2088 1212 2173; x_wconf 82' lang='lat' dir='ltr'>potnerunt,</span> <span class='ocrx_word' id='word_1_98' title='bbox 1225 2073 1263 2144; x_wconf 93' lang='lat' dir='ltr'>in</span> 
     </span>
     <span class='ocr_line' id='line_1_16' title="bbox 192 2187 1272 2287; baseline -0.001 -26"><span class='ocrx_word' id='word_1_99' title='bbox 192 2187 323 2262; x_wconf 82' lang='lat' dir='ltr'>urbem</span> <span class='ocrx_word' id='word_1_100' title='bbox 332 2189 585 2287; x_wconf 78' lang='lat' dir='ltr'>fugerunt,·rel</span> <span class='ocrx_word' id='word_1_101' title='bbox 596 2191 632 2262; x_wconf 88' lang='lat' dir='ltr'>iu</span> <span class='ocrx_word' id='word_1_102' title='bbox 644 2192 808 2282; x_wconf 89' lang='lat' dir='ltr'>carectis,</span> <span class='ocrx_word' id='word_1_103' title='bbox 818 2208 879 2263; x_wconf 92' lang='lat' dir='ltr'>ant</span> <span class='ocrx_word' id='word_1_104' title='bbox 891 2191 1004 2281; x_wconf 83' lang='lat' dir='ltr'>silvis,</span> <span class='ocrx_word' id='word_1_105' title='bbox 1012 2215 1073 2263; x_wconf 89' lang='lat' dir='ltr'>seu</span> <span class='ocrx_word' id='word_1_106' title='bbox 1084 2191 1272 2263; x_wconf 81' lang='lat' dir='ltr'>montanis·</span> 
     </span>
     <span class='ocr_line' id='line_1_17' title="bbox 193 2303 1265 2407; baseline 0.003 -31"><span class='ocrx_word' id='word_1_107' title='bbox 193 2303 428 2378; x_wconf 89' lang='lat' dir='ltr'>delituerunt.</span> <span class='ocrx_word' id='word_1_108' title='bbox 438 2306 1265 2407; x_wconf 74' lang='lat' dir='ltr'>Pancivero,quicastellum,utsedelenderent,</span> 
     </span>
     <span class='ocr_line' id='line_1_18' title="bbox 193 2421 1264 2524; baseline -0.001 -29"><span class='ocrx_word' id='word_1_109' title='bbox 193 2436 409 2506; x_wconf 83' lang='lat' dir='ltr'>tenuerunt,</span> <span class='ocrx_word' id='word_1_110' title='bbox 442 2421 576 2494; x_wconf 85' lang='lat' dir='ltr'>multos</span> <span class='ocrx_word' id='word_1_111' title='bbox 607 2421 850 2499; x_wconf 85' lang='lat' dir='ltr'>obsidentium</span> <span class='ocrx_word' id='word_1_112' title='bbox 882 2439 1128 2524; x_wconf 84' lang='lat' dir='ltr'>peremerunt.</span> <span class='ocrx_word' id='word_1_113' title='bbox 1155 2423 1264 2496; x_wconf 86' lang='lat' dir='ltr'>Turci</span> 
     </span>
     <span class='ocr_line' id='line_1_19' title="bbox 193 2522 1267 2640; baseline 0.003 -31"><span class='ocrx_word' id='word_1_114' title='bbox 193 2537 289 2636; x_wconf 78' lang='lat' dir='ltr'>ligna</span> <span class='ocrx_word' id='word_1_115' title='bbox 316 2539 582 2636; x_wconf 80' lang='lat' dir='ltr'>quamplurima</span> <span class='ocrx_word' id='word_1_116' title='bbox 614 2539 865 2640; x_wconf 86' lang='lat' dir='ltr'>undecumque</span> <span class='ocrx_word' id='word_1_117' title='bbox 891 2542 1109 2635; x_wconf 83' lang='lat' dir='ltr'>attulerunt,</span> <span class='ocrx_word' id='word_1_118' title='bbox 1139 2522 1267 2613; x_wconf 84' lang='lat' dir='ltr'>incen-</span> 
     </span>
     <span class='ocr_line' id='line_1_20' title="bbox 192 2651 1265 2756; baseline 0.005 -32"><span class='ocrx_word' id='word_1_119' title='bbox 192 2651 294 2727; x_wconf 87' lang='lat' dir='ltr'>dium</span> <span class='ocrx_word' id='word_1_120' title='bbox 307 2654 454 2727; x_wconf 86' lang='lat' dir='ltr'>oastello</span> <span class='ocrx_word' id='word_1_121' title='bbox 468 2671 504 2727; x_wconf 89' lang='lat' dir='ltr'>et</span> <span class='ocrx_word' id='word_1_122' title='bbox 521 2653 731 2729; x_wconf 87' lang='lat' dir='ltr'>bominibus</span> <span class='ocrx_word' id='word_1_123' title='bbox 745 2675 1055 2756; x_wconf 78' lang='lat' dir='ltr'>praeparaverunt.</span> <span class='ocrx_word' id='word_1_124' title='bbox 1071 2656 1265 2730; x_wconf 78' lang='lat' dir='ltr'>Christiani</span> 
     </span>
     <span class='ocr_line' id='line_1_21' title="bbox 193 2772 1266 2873; baseline 0.004 -32"><span class='ocrx_word' id='word_1_125' title='bbox 193 2784 335 2857; x_wconf 88' lang='lat' dir='ltr'>autem,</span> <span class='ocrx_word' id='word_1_126' title='bbox 355 2786 513 2844; x_wconf 84' lang='lat' dir='ltr'>extrema</span> <span class='ocrx_word' id='word_1_127' title='bbox 528 2773 603 2870; x_wconf 77' lang='lat' dir='ltr'>jam</span> <span class='ocrx_word' id='word_1_128' title='bbox 619 2774 655 2845; x_wconf 90' lang='lat' dir='ltr'>in</span> <span class='ocrx_word' id='word_1_129' title='bbox 668 2772 917 2872; x_wconf 85' lang='lat' dir='ltr'>desperatione</span> <span class='ocrx_word' id='word_1_130' title='bbox 928 2775 1053 2873; x_wconf 88' lang='lat' dir='ltr'>positi,</span> <span class='ocrx_word' id='word_1_131' title='bbox 1073 2774 1266 2846; x_wconf 86' lang='lat' dir='ltr'>animosio-</span> 
     </span>
     <span class='ocr_line' id='line_1_22' title="bbox 196 2888 1269 2990; baseline 0 -29"><span class='ocrx_word' id='word_1_132' title='bbox 196 2912 253 2961; x_wconf 83' lang='lat' dir='ltr'>res</span> <span class='ocrx_word' id='word_1_133' title='bbox 265 2888 434 2960; x_wconf 88' lang='lat' dir='ltr'>audacter</span> <span class='ocrx_word' id='word_1_134' title='bbox 448 2890 566 2986; x_wconf 78' lang='lat' dir='ltr'>ignem</span> <span class='ocrx_word' id='word_1_135' title='bbox 579 2890 615 2962; x_wconf 90' lang='lat' dir='ltr'>in</span> <span class='ocrx_word' id='word_1_136' title='bbox 628 2889 724 2988; x_wconf 79' lang='lat' dir='ltr'>ligna</span> <span class='ocrx_word' id='word_1_137' title='bbox 734 2893 985 2990; x_wconf 75' lang='lat' dir='ltr'>sunt-jaculati.</span> <span class='ocrx_word' id='word_1_138' title='bbox 1001 2892 1059 2965; x_wconf 87' lang='lat' dir='ltr'>Sic</span> <span class='ocrx_word' id='word_1_139' title='bbox 1072 2890 1182 2990; x_wconf 81' lang='lat' dir='ltr'>igitur</span> <span class='ocrx_word' id='word_1_140' title='bbox 1190 2915 1269 2962; x_wconf 83' lang='lat' dir='ltr'>evu-</span> 
     </span>
     <span class='ocr_line' id='line_1_23' title="bbox 194 3004 1270 3109; baseline 0.001 -30"><span class='ocrx_word' id='word_1_141' title='bbox 194 3020 322 3079; x_wconf 83' lang='lat' dir='ltr'>serunt</span> <span class='ocrx_word' id='word_1_142' title='bbox 341 3004 561 3081; x_wconf 87' lang='lat' dir='ltr'>incendium.</span> <span class='ocrx_word' id='word_1_143' title='bbox 581 3007 637 3080; x_wconf 81' lang='lat' dir='ltr'>Ex</span> <span class='ocrx_word' id='word_1_144' title='bbox 654 3008 815 3109; x_wconf 85' lang='lat' dir='ltr'>utrisque</span> <span class='ocrx_word' id='word_1_145' title='bbox 837 3011 1026 3107; x_wconf 87' lang='lat' dir='ltr'>perierunt</span> <span class='ocrx_word' id='word_1_146' title='bbox 1047 3009 1214 3106; x_wconf 84' lang='lat' dir='ltr'>plorimi,</span> <span class='ocrx_word' id='word_1_147' title='bbox 1233 3023 1270 3080; x_wconf 87' lang='lat' dir='ltr'>et</span> 
     </span>
     <span class='ocr_line' id='line_1_24' title="bbox 196 3121 1269 3225; baseline 0.002 -31"><span class='ocrx_word' id='word_1_148' title='bbox 196 3121 267 3197; x_wconf 85' lang='lat' dir='ltr'>boo</span> <span class='ocrx_word' id='word_1_149' title='bbox 284 3124 438 3222; x_wconf 79' lang='lat' dir='ltr'>contigit</span> <span class='ocrx_word' id='word_1_150' title='bbox 457 3148 580 3197; x_wconf 84' lang='lat' dir='ltr'>mense</span> <span class='ocrx_word' id='word_1_151' title='bbox 596 3124 755 3198; x_wconf 89' lang='lat' dir='ltr'>octobri.</span> <span class='ocrx_word' id='word_1_152' title='bbox 769 3127 893 3200; x_wconf 85' lang='lat' dir='ltr'>Plures</span> <span class='ocrx_word' id='word_1_153' title='bbox 904 3152 948 3200; x_wconf 86' lang='lat' dir='ltr'>ex</span> <span class='ocrx_word' id='word_1_154' title='bbox 961 3124 1163 3225; x_wconf 79' lang='lat' dir='ltr'>peregrinis</span> <span class='ocrx_word' id='word_1_155' title='bbox 1179 3150 1269 3223; x_wconf 88' lang='lat' dir='ltr'>pro-</span> 
     </span>
     <span class='ocr_line' id='line_1_25' title="bbox 194 3239 1268 3343; baseline 0.003 -33"><span class='ocrx_word' id='word_1_156' title='bbox 194 3240 269 3337; x_wconf 77' lang='lat' dir='ltr'>logi</span> <span class='ocrx_word' id='word_1_157' title='bbox 288 3239 493 3326; x_wconf 88' lang='lat' dir='ltr'>redierunt,</span> <span class='ocrx_word' id='word_1_158' title='bbox 514 3258 551 3314; x_wconf 90' lang='lat' dir='ltr'>et</span> <span class='ocrx_word' id='word_1_159' title='bbox 564 3242 794 3343; x_wconf 89' lang='lat' dir='ltr'>sequacibus,</span> <span class='ocrx_word' id='word_1_160' title='bbox 813 3244 874 3338; x_wconf 83' lang='lat' dir='ltr'>qni</span> <span class='ocrx_word' id='word_1_161' title='bbox 893 3243 1010 3318; x_wconf 84' lang='lat' dir='ltr'>adbuc</span> <span class='ocrx_word' id='word_1_162' title='bbox 1026 3245 1114 3318; x_wconf 87' lang='lat' dir='ltr'>citm</span> <span class='ocrx_word' id='word_1_163' title='bbox 1132 3245 1268 3341; x_wconf 76' lang='lat' dir='ltr'>Byzan·</span> 
     </span>
     <span class='ocr_line' id='line_1_26' title="bbox 197 3355 1269 3450; baseline 0.002 -24"><span class='ocrx_word' id='word_1_164' title='bbox 197 3370 275 3427; x_wconf 80' lang='lat' dir='ltr'>turn</span> <span class='ocrx_word' id='word_1_165' title='bbox 293 3371 405 3426; x_wconf 86' lang='lat' dir='ltr'>castra</span> <span class='ocrx_word' id='word_1_166' title='bbox 424 3355 547 3431; x_wconf 85' lang='lat' dir='ltr'>metati</span> <span class='ocrx_word' id='word_1_167' title='bbox 565 3355 707 3431; x_wconf 79' lang='lat' dir='ltr'>lucrant</span> <span class='ocrx_word' id='word_1_168' title='bbox 716 3412 729 3450; x_wconf 93' lang='lat'>,</span> <span class='ocrx_word' id='word_1_169' title='bbox 746 3384 846 3432; x_wconf 90' lang='lat' dir='ltr'>casus</span> <span class='ocrx_word' id='word_1_170' title='bbox 862 3385 943 3434; x_wconf 88' lang='lat' dir='ltr'>snos</span> <span class='ocrx_word' id='word_1_171' title='bbox 955 3360 1172 3432; x_wconf 88' lang='lat' dir='ltr'>retulerunt.</span> <span class='ocrx_word' id='word_1_172' title='bbox 1193 3358 1269 3428; x_wconf 90' lang='lat' dir='ltr'>lm-</span> 
     </span>
     <span class='ocr_line' id='line_1_27' title="bbox 199 3473 1270 3570; baseline 0.002 -27"><span class='ocrx_word' id='word_1_173' title='bbox 199 3488 347 3570; x_wconf 82' lang='lat' dir='ltr'>per&#39;ator</span> <span class='ocrx_word' id='word_1_174' title='bbox 361 3473 526 3544; x_wconf 91' lang='lat' dir='ltr'>omnium</span> <span class='ocrx_word' id='word_1_175' title='bbox 540 3474 628 3545; x_wconf 88' lang='lat' dir='ltr'>emit</span> <span class='ocrx_word' id='word_1_176' title='bbox 639 3501 759 3559; x_wconf 90' lang='lat' dir='ltr'>arma,</span> <span class='ocrx_word' id='word_1_177' title='bbox 779 3492 818 3547; x_wconf 93' lang='lat' dir='ltr'>ut</span> <span class='ocrx_word' id='word_1_178' title='bbox 836 3476 990 3548; x_wconf 89' lang='lat' dir='ltr'>inermes</span> <span class='ocrx_word' id='word_1_179' title='bbox 1007 3474 1135 3548; x_wconf 88' lang='lat' dir='ltr'>incolis</span> <span class='ocrx_word' id='word_1_180' title='bbox 1151 3475 1270 3545; x_wconf 86' lang='lat' dir='ltr'>minus</span> 
     </span>
     <span class='ocr_line' id='line_1_28' title="bbox 200 3591 1269 3691; baseline 0.003 -29"><span class='ocrx_word' id='word_1_181' title='bbox 200 3614 331 3662; x_wconf 92' lang='lat' dir='ltr'>nocere</span> <span class='ocrx_word' id='word_1_182' title='bbox 352 3606 497 3687; x_wconf 89' lang='lat' dir='ltr'>possent</span> <span class='ocrx_word' id='word_1_183' title='bbox 521 3591 557 3663; x_wconf 89' lang='lat' dir='ltr'>in</span> <span class='ocrx_word' id='word_1_184' title='bbox 581 3595 729 3691; x_wconf 85' lang='lat' dir='ltr'>regione</span> <span class='ocrx_word' id='word_1_185' title='bbox 751 3593 880 3666; x_wconf 83' lang='lat' dir='ltr'>aliena.</span> <span class='ocrx_word' id='word_1_186' title='bbox 902 3593 975 3664; x_wconf 83' lang='lat' dir='ltr'>Alii</span> <span class='ocrx_word' id='word_1_187' title='bbox 997 3594 1083 3665; x_wconf 84' lang='lat' dir='ltr'>alios</span> <span class='ocrx_word' id='word_1_188' title='bbox 1100 3610 1269 3691; x_wconf 83' lang='lat' dir='ltr'>expecta-</span> 
     </span>
     <span class='ocr_line' id='line_1_29' title="bbox 199 3705 1269 3796; baseline 0.002 -18"><span class='ocrx_word' id='word_1_189' title='bbox 199 3705 306 3794; x_wconf 91' lang='lat' dir='ltr'>bant,</span> <span class='ocrx_word' id='word_1_190' title='bbox 325 3723 366 3778; x_wconf 89' lang='lat' dir='ltr'>ut</span> <span class='ocrx_word' id='word_1_191' title='bbox 380 3706 530 3781; x_wconf 88' lang='lat' dir='ltr'>consilio</span> <span class='ocrx_word' id='word_1_192' title='bbox 547 3709 830 3796; x_wconf 91' lang='lat' dir='ltr'>communicato,</span> <span class='ocrx_word' id='word_1_193' title='bbox 849 3706 1083 3782; x_wconf 82' lang='lat' dir='ltr'>auxiliaribus</span> <span class='ocrx_word' id='word_1_194' title='bbox 1099 3711 1180 3782; x_wconf 82' lang='lat' dir='ltr'>lreti</span> <span class='ocrx_word' id='word_1_195' title='bbox 1198 3710 1269 3781; x_wconf 92' lang='lat' dir='ltr'>du-</span> 
     </span>
     <span class='ocr_line' id='line_1_30' title="bbox 200 3814 1271 3927; baseline 0.002 -29"><span class='ocrx_word' id='word_1_196' title='bbox 200 3814 318 3904; x_wconf 82' lang='lat' dir='ltr'>cibus.</span> <span class='ocrx_word' id='word_1_197' title='bbox 343 3841 379 3896; x_wconf 92' lang='lat' dir='ltr'>et</span> <span class='ocrx_word' id='word_1_198' title='bbox 397 3826 509 3924; x_wconf 89' lang='lat' dir='ltr'>copiis</span> <span class='ocrx_word' id='word_1_199' title='bbox 526 3827 644 3924; x_wconf 91' lang='lat' dir='ltr'>stipati</span> <span class='ocrx_word' id='word_1_200' title='bbox 667 3826 904 3917; x_wconf 86' lang='lat' dir='ltr'>militaribus,</span> <span class='ocrx_word' id='word_1_201' title='bbox 923 3828 1038 3901; x_wconf 85' lang='lat' dir='ltr'>Deum</span> <span class='ocrx_word' id='word_1_202' title='bbox 1056 3827 1222 3927; x_wconf 90' lang='lat' dir='ltr'>precibus</span> <span class='ocrx_word' id='word_1_203' title='bbox 1235 3844 1271 3900; x_wconf 91' lang='lat' dir='ltr'>et</span> 
     </span>
    </p>
   </div>
   <div class='ocr_carea' id='block_1_3' title="bbox 202 4036 1270 4292">
    <p class='ocr_par' dir='ltr' id='par_1_3' title="bbox 202 4036 1270 4292">
     <span class='ocr_line' id='line_1_31' title="bbox 236 4036 988 4116; baseline 0.007 -25"><span class='ocrx_word' id='word_1_204' title='bbox 236 4037 277 4108; x_wconf 82' lang='grc' dir='ltr'>(ι)</span> <span class='ocrx_word' id='word_1_205' title='bbox 287 4036 597 4092; x_wconf 75' lang='lat' dir='ltr'>Guntiei··Sans·Aroir.</span> <span class='ocrx_word' id='word_1_206' title='bbox 615 4038 706 4109; x_wconf 82' lang='lat' dir='ltr'>Voyez</span> <span class='ocrx_word' id='word_1_207' title='bbox 724 4039 869 4110; x_wconf 71' lang='lat' dir='ltr'>cidessus,</span> <span class='ocrx_word' id='word_1_208' title='bbox 885 4060 911 4113; x_wconf 90' lang='lat' dir='ltr'>p.</span> <span class='ocrx_word' id='word_1_209' title='bbox 927 4042 988 4116; x_wconf 60' lang='lat'>478.</span> 
     </span>
     <span class='ocr_line' id='line_1_32' title="bbox 234 4126 1270 4197; baseline 0.002 -17"><span class='ocrx_word' id='word_1_210' title='bbox 234 4127 276 4194; x_wconf 79' lang='lat' dir='ltr'>(a)</span> <span class='ocrx_word' id='word_1_211' title='bbox 291 4127 329 4181; x_wconf 79' lang='lat' dir='ltr'>ll.</span> <span class='ocrx_word' id='word_1_212' title='bbox 345 4126 476 4181; x_wconf 80' lang='lat' dir='ltr'>Micband</span> <span class='ocrx_word' id='word_1_213' title='bbox 491 4126 566 4197; x_wconf 83' lang='lat' dir='ltr'>place</span> <span class='ocrx_word' id='word_1_214' title='bbox 579 4126 604 4180; x_wconf 91' lang='lat' dir='ltr'>le</span> <span class='ocrx_word' id='word_1_215' title='bbox 617 4126 727 4181; x_wconf 53' lang='lat' dir='ltr'>theatro</span> <span class='ocrx_word' id='word_1_216' title='bbox 742 4127 777 4182; x_wconf 87' lang='lat' dir='ltr'>de</span> <span class='ocrx_word' id='word_1_217' title='bbox 793 4148 824 4183; x_wconf 89' lang='lat' dir='ltr'>ce</span> <span class='ocrx_word' id='word_1_218' title='bbox 843 4129 953 4185; x_wconf 84' lang='lat' dir='ltr'>combat</span> <span class='ocrx_word' id='word_1_219' title='bbox 967 4132 982 4183; x_wconf 76' lang='lat' dir='ltr'>a</span> <span class='ocrx_word' id='word_1_220' title='bbox 995 4131 1034 4185; x_wconf 81' lang='lat' dir='ltr'>six</span> <span class='ocrx_word' id='word_1_221' title='bbox 1048 4130 1134 4185; x_wconf 77' lang='lat' dir='ltr'>licum</span> <span class='ocrx_word' id='word_1_222' title='bbox 1146 4133 1159 4184; x_wconf 82' lang='lat' dir='ltr'>&#39;a</span> <span class='ocrx_word' id='word_1_223' title='bbox 1173 4128 1270 4184; x_wconf 84' lang='lat' dir='ltr'>l’ouest</span> 
     </span>
     <span class='ocr_line' id='line_1_33' title="bbox 202 4214 1183 4292; baseline 0.006 -24"><span class='ocrx_word' id='word_1_224' title='bbox 202 4214 237 4269; x_wconf 88' lang='lat' dir='ltr'>dc</span> <span class='ocrx_word' id='word_1_225' title='bbox 250 4216 348 4283; x_wconf 77' lang='lat' dir='ltr'>Nicde,</span> <span class='ocrx_word' id='word_1_226' title='bbox 362 4227 441 4271; x_wconf 82' lang='lat' dir='ltr'>entre</span> <span class='ocrx_word' id='word_1_227' title='bbox 454 4217 479 4270; x_wconf 79' lang='lat' dir='ltr'>le</span> <span class='ocrx_word' id='word_1_228' title='bbox 493 4216 533 4271; x_wconf 87' lang='lat' dir='ltr'>lac</span> <span class='ocrx_word' id='word_1_229' title='bbox 546 4216 679 4272; x_wconf 79' lang='lat' dir='ltr'>Ascanius</span> <span class='ocrx_word' id='word_1_230' title='bbox 691 4228 720 4273; x_wconf 89' lang='lat' dir='ltr'>et</span> <span class='ocrx_word' id='word_1_231' title='bbox 733 4217 758 4273; x_wconf 85' lang='lat' dir='ltr'>le</span> <span class='ocrx_word' id='word_1_232' title='bbox 772 4218 868 4292; x_wconf 77' lang='lat' dir='ltr'>village</span> <span class='ocrx_word' id='word_1_233' title='bbox 878 4231 940 4276; x_wconf 87' lang='lat' dir='ltr'>turc</span> <span class='ocrx_word' id='word_1_234' title='bbox 956 4220 990 4276; x_wconf 85' lang='lat' dir='ltr'>de</span> <span class='ocrx_word' id='word_1_235' title='bbox 1002 4219 1183 4275; x_wconf 74' lang='lat' dir='ltr'>basar-llum.</span> 
     </span>
    </p>
   </div>
   <div class='ocr_carea' id='block_1_4' title="bbox 0 0 1470 4934">
    <p class='ocr_par' dir='ltr' id='par_1_4' title="bbox 0 0 1470 4934">
     <span class='ocr_line' id='line_1_34' title="bbox 0 0 1470 4934; baseline 0 0"><span class='ocrx_word' id='word_1_236' title='bbox 0 0 1470 4934; x_wconf 95' lang='lat' dir='ltr'> </span> 
     </span>
    </p>
   </div>
  </div>
 </body>
</html>
