2888 4934
181 424 288 502 [1096]
582 424 698 484 mam
721 425 857 486 nonos.
904 424 922 435 ³
1193 425 1253 486 ass

184 552 286 626 bioso
311 554 325 641 ζ
334 555 379 646 1).
406 553 451 624 Ηί
476 578 600 626 omnes
623 582 705 626 curn
732 554 921 628 clientibus
947 556 1017 625 suis
1041 555 1255 629 Buamundo

184 670 401 743 unanimiter
412 670 653 759 adhaeserunt,
668 672 771 770 eique
783 697 819 744 se
834 673 870 742 in
884 673 936 741 via
952 671 1015 741 Dei
1029 668 1255 743 devotissime

184 786 392 871 obedituros
407 788 706 887 inseparabiliter,
726 792 963 888 jnraverunt.¹

233 904 339 1002 Hugo
355 903 522 1001 Magnus,
539 921 575 976 et
592 904 821 993 Guillelmus,
839 902 1007 977 Marcbisi
1021 903 1115 975 filins
1131 905 1198 998 (a),
1213 901 1257 973 atl

185 1037 331 1119 portum
344 1022 426 1093 Bari
446 1022 589 1120 pelagus
604 1047 838 1121 praepropere
856 1023 1003 1122 ingressi
1021 1038 1124 1108 sunt,
1142 1035 1178 1092 et
1195 1046 1255 1091 na·

186 1139 359 1238 rigantes,
378 1139 597 1213 lluracbium
613 1142 667 1238 (3)
685 1140 949 1238 applicuerunt.
969 1140 1049 1210 an
1064 1154 1183 1210 antem
1197 1164 1258 1208 ur-

186 1254 241 1326 bis
261 1256 334 1353 (4),
350 1282 499 1355 magnos
512 1256 666 1330 barones
682 1274 798 1345 ratus,
814 1258 918 1357 jussit
935 1283 995 1330 eos
1014 1253 1255 1354 apprehendi,

184 1390 222 1447 et
238 1373 305 1446 sub
319 1374 509 1447 excubanti
529 1375 687 1449 custodia
705 1375 1058 1473 Constantinopolim
1075 1373 1120 1446 ad
1139 1374 1257 1471 impe-

186 1510 344 1567 ratorem
363 1494 517 1566 solerter
532 1493 673 1566 deduci.
695 1492 927 1566 Adulatorius
946 1493 1065 1590 itaque
1081 1488 1152 1562 dux
1170 1515 1256 1588 per-

185 1610 259 1685 fido
272 1636 308 1684 se
323 1611 465 1685 volebat
477 1611 651 1710 obsequio
664 1611 793 1684 Caesari
810 1609 1083 1695 commendare,
1102 1625 1138 1680 et
1151 1606 1259 1680 devo·

186 1727 322 1800 tionem
334 1753 433 1800 sunm
447 1752 531 1827 erga
543 1727 660 1825 ipsum
672 1726 812 1799 indiciis
830 1723 1030 1825 hujusmodi
1043 1723 1258 1823 approbare.

238 1847 285 1914 V.
307 1844 552 1927 Solimannus,
580 1846 785 1918 Tuscorum
801 1843 874 1915 dux
896 1844 962 1939 (5),
983 1859 1024 1914 ut
1040 1840 1262 1914 Christianos

186 1986 295 2059 super
313 1959 475 2034 ethnicos
494 1962 627 2034 venisse
648 1962 836 2059 cognovit,
858 1962 1041 2059 ingentem
1062 1958 1261 2032 exercitum

187 2080 412 2179 aggregavit,
442 2095 477 2151 et
494 2078 678 2151 castellum
694 2079 973 2177 Exerogorgan,
991 2076 1054 2149 ubi
1070 2075 1260 2148 Alemanni

187 2213 308 2277 erant.
328 2196 480 2271 obsedit.
502 2199 610 2270 Turci
630 2196 804 2295 oppidum
823 2194 1094 2270 circumvallare
1110 2193 1260 2266 festina-

188 2329 337 2398 verunt,
354 2330 390 2386 et
399 2313 631 2402 llainnldom,
644 2339 728 2386 com
740 2315 811 2385 suis
821 2338 1021 2413 egressum,
1036 2328 1077 2384 ut
1090 2309 1264 2384 venienti-

186 2429 256 2504 bus
275 2432 345 2504 illis
367 2430 508 2503 insidias
525 2430 782 2529 praetenderet,
808 2428 1008 2529 praeliando
1028 2432 1258 2530 fugaverunt.

141 2774 144 2779 Ι
225 2701 265 2766 (ι)
279 2699 395 2753 Suivant
408 2698 432 2753 la
445 2700 609 2774 Clrronique
622 2700 659 2754 dn
672 2701 881 2771 lllont-Cassin,
894 2699 912 2754 il
922 2700 982 2754 lant
992 2699 1042 2754 lire
1058 2723 1064 2752 z
1078 2696 1219 2774 Joffridus
1228 2695 1263 2749 de

190 2789 289 2845 Monte
301 2790 423 2844 Scaioso.
434 2791 520 2846 Mons
532 2793 677 2859 Scaiosns,
691 2791 854 2857 Scabiosns,
869 2791 1023 2852 Caveosu.r,·
1035 2790 1146 2843 Civitas
1162 2786 1192 2840 V
1190 2796 1262 2850 etus,

194 2881 297 2937 Civilem
310 2882 473 2952 Severiana,
486 2893 527 2937 est
537 2881 715 2954 aujourd‘bui
732 2881 999 2955 Monte-Scaglloso,
1019 2879 1111 2952 bourg
1126 2878 1160 2933 de
1175 2877 1199 2931 la
1212 2877 1265 2932 Ba·

190 2969 310 3038 silicam,
331 2971 404 3039 han,
426 2971 535 3039 dit-on,
554 2972 603 3027 des
621 2974 715 3028 rnines
732 2972 768 3027 de
783 2973 956 3044 Metaponte,
974 2990 1025 3045 par
1046 2967 1266 3025 Alexandro-Se·

191 3062 269 3130 vere,
283 3060 353 3116 dans
368 3060 393 3116 le
406 3063 546 3135 voisinage
560 3063 595 3117 de
608 3063 723 3118 Matera.
738 3061 827 3117 Notre
840 3072 967 3116 auteura
985 3059 1094 3125 oublie',
1111 3058 1180 3113 dans
1192 3067 1265 3112 cette

190 3154 401 3220 enumkration,
416 3173 454 3208 on
466 3172 640 3228 personnsge
651 3155 700 3228 qni
714 3153 802 3227 paralt
815 3154 890 3209 avoir
907 3155 953 3209 ete
965 3154 1134 3225 important,
1147 3151 1265 3222 puisque

191 3241 216 3295 la
229 3241 394 3316 Chronique
409 3241 447 3297 du
467 3243 657 3298 Mont-Cassin
678 3243 704 3297 le
719 3261 830 3298 nomme
844 3241 1084 3297 immediatement
1097 3239 1177 3311 apres
1188 3238 1264 3291 Tan-

191 3328 274 3384 crbde
292 3354 297 3383 :
318 3330 384 3385 c’est
396 3331 520 3399 Robert,
544 3331 585 3386 lils
600 3332 635 3387 de
654 3332 778 3400 Girard,
793 3333 841 3408 qui
855 3333 960 3405 portait
972 3327 1125 3385 l'etendartl
1142 3327 1177 3381 de¹
1196 3327 1264 3380 Βοό-

192 3419 277 3474 mond
292 3419 344 3475 ala
358 3420 469 3476 bataillo
483 3422 518 3476 de
528 3422 657 3493 Dorylee.

225 3510 267 3583 (a)
279 3508 457 3578 Guillaume,
474 3512 547 3567 frtre
560 3511 596 3565 de
609 3511 765 3566 Tanertde.

225 3597 267 3668 (3)
280 3600 420 3671 Durazzo,
432 3620 467 3655 en
483 3600 608 3657 Albanio.

226 3688 267 3761 (6)
279 3690 313 3742 Le
322 3689 377 3744 duc
388 3692 455 3744 dean
468 3692 629 3756 Comnene,
646 3691 687 3745 fils
701 3690 804 3745 d’lsaac
816 3689 977 3752 Cotnnene,
991 3696 1018 3740 et
1034 3703 1119 3739 neven
1133 3683 1168 3739 de
1186 3684 1265 3738 l’em-

192 3795 295 3849 pereur
309 3778 410 3834 Alexis.

226 3862 267 3936 (5)
278 3866 318 3921 Ce
333 3886 368 3921 ne
378 3868 489 3940 ponvait
498 3867 557 3922 titre
569 3867 706 3935 Soliman,
723 3868 871 3923 fondateur
885 3866 920 3920 ‹le
933 3864 959 3918 la
976 3864 1103 3938 dynastie
1113 3863 1162 3918 des
1176 3863 1266 3916 Tui-cs

191 3954 370 4027 Seljoncides,
382 3957 430 4031 qui
446 3957 535 4011 s'ttait
546 3960 592 4012 tue
602 3958 637 4013 de
646 3957 811 4031 desespoirlr
826 3958 850 4011 la
867 3957 938 4010 snite
947 3955 1032 4008 d'uno
1043 3954 1152 4009 bataille
1163 3952 1267 4026 pordne

191 4055 289 4099 contre
307 4045 331 4100 le
353 4047 443 4101 sultan
465 4046 564 4119 ‹l'ltlep
582 4066 616 4102 en
642 4045 722 4113 1085,
747 4050 815 4102 nnis
835 4066 884 4102 son
908 4046 948 4101 fils
960 4045 1022 4100 aine
1045 4045 1155 4117 Kilidgo
1169 4044 1265 4099 Arslan

190 4131 236 4201 (le
256 4134 414 4206 Cltampion
429 4137 533 4204 sacre),
557 4138 677 4206 premier
699 4137 737 4191 dn
753 4156 835 4199 nom,
858 4138 923 4210 qni,
944 4137 1024 4207 aprds
1039 4153 1075 4188 nn
1097 4132 1161 4204 long
1183 4134 1268 4187 intor-

192 4224 291 4297 rbgno,
312 4224 351 4278 lui
365 4226 436 4283 avait
450 4225 566 4280 succede
578 4244 613 4281 en
631 4243 705 4300 ¹⁰9²·
