2888 4934
182 397 289 477 [tosa]
499 456 502 461 ,
551 390 669 451 tinen
690 390 876 450 octavus.
1190 389 1249 450 ass

182 524 379 603 honorifice
389 539 635 622 susceperunt,
644 538 681 595 et
689 518 1250 607 excussoRodbertideBelesmo,

183 670 203 717 a
220 668 294 744 quo
306 641 369 713 diu
390 642 548 741 graviter
561 640 720 738 oppressi
734 639 895 727 fuerant,
914 636 1098 728 dominio,
1115 637 1253 709 llenri-

184 787 267 837 cnm
291 758 358 831 sibi
387 757 589 857 principem
617 757 897 831 constituerunt.
928 755 993 828 llle
1014 779 1102 827 vero
1127 770 1253 827 contra

184 862 669 963 Rodbertum‚'N01-manniae
679 873 1257 970 comitem,viriliterarmasump

184 995 249 1086 sit,
272 992 445 1066 incendiis
460 1007 496 1064 et
511 991 646 1090 rapinis
664 989 881 1088 expulsionis
898 1014 971 1062 suae
992 986 1161 1088 injuriam
1175 987 1255 1058 vin·

184 1110 336 1198 dicavit,
356 1111 561 1210 multosque
579 1109 674 1209 cepit
692 1125 728 1182 et
746 1109 879 1181 carceri
903 1107 1132 1206 mancipavit.
1157 1108 1258 1178 lnter

187 1229 285 1317 haec,
300 1227 388 1302 dum
401 1225 590 1328 quemdam
603 1226 807 1314 hominem,
823 1225 971 1298 nomine
983 1222 1202 1314 Rualedum,
1214 1220 1259 1295 de

186 1363 283 1421 terra
303 1348 339 1418 S.
356 1345 500 1418 Ebrulfi
523 1346 689 1444 cepisset,
711 1341 804 1442 apud
820 1343 1058 1415 Danlrontem
1076 1341 1260 1415 castellum

186 1464 363 1564 deposuit.
379 1464 447 1557 Qui
460 1491 543 1536 cum
557 1463 694 1535 sederet
705 1462 749 1534 ad
761 1463 879 1535 locum
893 1460 1028 1559 (hiems
1041 1462 1139 1534 enim
1151 1461 1258 1559 erat),

187 1608 271 1657 oum
288 1582 454 1680 lacrymis
470 1584 507 1653 S.
527 1581 721 1653 Ebrullum
739 1581 852 1679 coepit
867 1580 1035 1653 invocare
1053 1577 1228 1652 aedicere
1248 1609 1257 1649 :

188 1702 377 1803 Deprecor
390 1717 436 1791 te,
454 1718 579 1773 sancte
592 1697 761 1798 Ebrulse,
778 1699 990 1787 amicastu,
1008 1714 1046 1769 ut
1059 1724 1115 1770 me
1130 1697 1177 1768 de
1189 1700 1261 1769 ista

189 1821 401 1920 captivitate
414 1820 564 1919 eripias.
582 1818 665 1890 Scis
682 1819 778 1889 enim
794 1819 884 1917 quia
900 1843 1042 1917 semper
1059 1815 1262 1916 tibtfideti-

187 1953 242 2011 ter
255 1938 439 2011 deservivi.
469 1938 631 2037 Cumque
645 1921 726 2008 lraec
742 1933 906 2025 dixisset,
927 1933 1046 2008 subito
1071 1934 1263 2008 obdormi-

187 2056 256 2129 vit.
271 2056 320 2128 Et
336 2081 417 2129 eece
429 2055 576 2156 quidam
592 2081 741 2127 manum
758 2056 832 2155 ejus
845 2051 1133 2153 apprehendens,
1149 2055 1264 2152 coepit

188 2196 272 2245 eum
289 2170 443 2245 trahere.
468 2171 572 2245 Tunc
596 2170 884 2270 expergefaetus,
904 2170 1012 2243 sensit
1027 2170 1180 2246 omnino
1193 2170 1259 2244 do·

188 2286 306 2363 lorem
322 2286 367 2360 de
384 2312 539 2387 corpore
556 2312 620 2360 suo
641 2286 836 2360 recessisse.
858 2288 947 2360 Erat
962 2286 1061 2358 enim
1073 2285 1176 2359 valde
1197 2284 1264 2360 de-

189 2402 372 2492 bilitatus,
394 2405 430 2476 in
451 2420 593 2477 tantum
611 2419 651 2476 ut
668 2430 734 2478 nec
759 2402 803 2477 de
825 2404 907 2479 looo
929 2402 1063 2505 absque
1083 2402 1264 2504 adjutorio

189 2521 338 2596 alterius
361 2547 508 2595 movere
533 2546 569 2594 se
596 2537 727 2622 posset.
755 2520 940 2595 Ceciderat
958 2546 1048 2597 vero
1073 2523 1111 2594 in
1136 2522 1265 2597 itinere

188 2637 235 2712 de
259 2640 445 2738 jumento,
473 2663 580 2737 super
598 2636 696 2737 quod
724 2638 853 2738 ligatus
878 2655 968 2711 erat.
1001 2640 1125 2739 ltaque
1150 2640 1265 2739 coepit

191 2757 287 2831 intra
312 2757 541 2856 semetipsum
563 2756 721 2857 cogitare
744 2755 831 2856 quid
856 2771 994 2857 ageret,
1020 2754 1204 2856 quomodo
1219 2756 1264 2831 de

188 2871 300 2948 domo
327 2875 448 2973 egredi
476 2889 607 2973 posset.
640 2872 790 2947 Viderat
814 2873 913 2947 enim
938 2871 1036 2975 qnod
1061 2875 1181 2966 miles,
1200 2876 1262 2976 qui

190 3016 275 3065 eum
303 2990 437 3064 ibidem
460 2990 693 3091 deposuerat,
718 2992 871 3080 ostium,
887 3019 954 3091 per
976 2992 1074 3093 quod
1092 2994 1207 3067 exitus
1224 2993 1263 3069 in

190 3107 338 3181 hortum
352 3107 495 3206 patebat
504 3163 514 3197 ,
534 3106 637 3180 valde
648 3134 730 3181 cum
746 3134 861 3182 cuneo
872 3108 1109 3183 obfirmasset.
1124 3111 1260 3185 Tamen

190 3227 378 3324 assumptis
405 3224 542 3298 viribus
561 3225 661 3315 lidei,
680 3229 827 3301 accessit
852 3227 896 3300 ad
918 3228 1070 3318 ostium,
1095 3245 1131 3303 et
1150 3255 1261 3302 manu

189 3343 400 3443 repagulam
426 3344 555 3415 tenuit.
582 3343 705 3433 Tunc,
725 3346 861 3417 mirum
879 3345 994 3418 dictu!
1019 3370 1172 3433 cuneus,
1197 3347 1260 3446 qui

189 3458 334 3531 lortiter
356 3456 485 3530 infixus
505 3456 639 3548 suerat,
666 3457 710 3531 ad
732 3475 867 3533 terram
890 3458 1037 3534 decidit.
1060 3460 1126 3534 llle
1149 3486 1258 3552 vero,

190 3576 355 3677 aperiens
371 3576 525 3667 ostium,
545 3577 710 3677 pervenit
725 3577 770 3651 ad
785 3580 921 3651 exitum
939 3576 1094 3668 hortuli,
1113 3596 1149 3652 et
1165 3581 1262 3679 aspi·

190 3693 309 3782 ciens,
332 3694 604 3768 multitudinem
628 3696 786 3768 militum
810 3712 893 3769 ante
915 3720 951 3768 se
975 3697 1011 3769 in
1033 3697 1149 3795 platea
1172 3696 1263 3771 vidit

189 3809 400 3899 consistere,
414 3826 451 3882 et
464 3809 659 3884 extendens
671 3838 819 3886 manum
834 3810 961 3886 dixisse
973 3813 1089 3886 fertur
1105 3843 1113 3886 ε
1128 3814 1264 3888 Sancte

190 4107 303 4146 comme
319 4092 426 4145 temoin
443 4091 512 4146 dans
528 4093 553 4146 la
571 4093 667 4147 charte
684 4093 719 4148 de
734 4094 880 4151 fondation
898 4095 933 4151 de
951 4097 1046 4153 lonlei
1061 4097 1158 4170 (1026)
1170 4117 1205 4156 en
1219 4118 1264 4154 ces

193 4189 298 4235 memes
311 4203 316 4232 :
329 4180 482 4236 dchardus
496 4181 587 4250 diues,
602 4184 693 4251 miles,
709 4184 744 4240 de
757 4186 954 4259 Dounifroute.

274 4295 329 4344 ιιι.
1072 4281 1118 4352 25
