2872 4920
117 507 119 512 μ
181 397 242 480 'ste
461 415 649 480 nisaonn
671 415 976 476 acetastasnct.
1149 420 1257 497 [roso]

181 566 246 622 est.
265 549 381 642 Quam
399 573 485 621 mox
502 564 544 620 ut
558 573 665 647 super
683 573 719 621 se
732 563 859 622 cuncta
874 549 1058 648 corripere
1070 547 1253 638 viderunt,

181 665 345 765 collapsis
368 666 506 738 viribus
528 666 755 757 deiecerunt,
774 683 811 739 et
830 666 1033 740 furentibus
1049 693 1117 766 per
1131 668 1253 741 omnia

182 785 397 857 intrinsecus
419 783 646 857 flammarum
670 784 805 885 globis,
837 785 1040 859 clementiae
1058 784 1160 859 ducis
1185 810 1254 859 sese

154 928 158 937 ·
181 901 409 975 dediderunt.
425 902 483 974 Sic
496 901 701 975 Rodbertus
711 902 784 975 dux
798 902 844 974 ab
862 903 950 976 hora
962 928 1058 976 nona
1070 904 1254 976 Brioniam

180 1036 263 1093 aute
282 1019 365 1094 solis
391 1045 556 1094 occasum
580 1021 761 1109 obtinuit,
788 1048 898 1121 quam
919 1020 1135 1093 Guillelmus
1157 1037 1253 1119 pater

181 1139 270 1235 ejus,
285 1164 369 1209 cum
381 1137 515 1209 auxilio
532 1138 679 1212 Heurici
694 1138 919 1211 Francorum
932 1139 1041 1237 regis,
1058 1138 1126 1210 sibi
1141 1139 1202 1210 vix
1219 1139 1252 1210 in

183 1251 298 1324 tribus
322 1254 425 1324 annis
447 1251 614 1353 subigere
632 1255 769 1351 potuit,
790 1252 879 1326 dum
895 1253 1034 1341 Guido,
1056 1252 1152 1326 filius
1172 1253 1253 1325 Rai-

180 1367 277 1441 naldi
290 1368 574 1468 Burgundionis,
593 1385 675 1469 post
686 1369 856 1469 praelium
868 1368 1168 1458 vallisdunensis,
1185 1369 1253 1442 illic

93 1473 99 1484 ’
180 1484 390 1583 praesidium
407 1485 474 1558 sibi
492 1487 629 1558 statuit.

230 1605 272 1675 ln
309 1606 575 1703 expugnatione
611 1603 778 1704 praedicti
814 1605 920 1676 castri
955 1601 1180 1676 Gislebertus
1213 1600 1253 1674 de

180 1721 272 1795 Pino
291 1727 343 1818 (ι)
360 1722 527 1821 princeps
543 1724 684 1796 militiae
698 1739 793 1811 erat,
815 1739 852 1795 et
863 1721 1108 1795 obsidentium
1121 1724 1253 1793 turmas

180 1838 224 1912 de
240 1841 355 1913 Ponte
373 1837 556 1914 Aldemari
571 1858 607 1914 et
624 1842 851 1915 Bellomonte
868 1843 921 1940 (2)
936 1839 1087 1939 provide
1105 1840 1253 1913 ordina-

180 1954 260 2042 bat,
281 1984 322 2031 ac
349 1975 391 2030 ut
415 1958 682 2033 intolerabilem
716 1959 887 2031 assultum
914 1957 1061 2044 darent,
1090 1956 1254 2033 audacter

167 2072 365 2146 incitabat.
386 2077 526 2149 lnterea
539 2077 615 2175 pilo
631 2075 783 2175 desuper
799 2092 928 2148 ruente
941 2074 1122 2148 lethaliter
1139 2073 1178 2146 in
1195 2100 1254 2146 ca-

180 2191 256 2288 pite
266 2216 451 2290 percussus
465 2210 533 2283 est,
548 2209 584 2266 et
596 2195 763 2292 protinus
777 2220 796 2265 a
810 2194 914 2267 sociis
928 2191 1149 2292 lugentibus,
1166 2214 1255 2289 pene

181 2309 368 2397 exanimis,
384 2309 606 2409 depressura
621 2312 868 2410 proeliantium
885 2313 1016 2410 ejectus
1034 2326 1100 2383 est.
1117 2306 1254 2382 Deinde

180 2447 247 2520 per
262 2423 372 2498 breve
388 2429 541 2525 spatium
561 2429 697 2500 saucius
715 2427 759 2501 de
775 2428 981 2527 lipotosmia
1002 2427 1060 2526 (ὅ)
1074 2424 1205 2514 rediit,
1223 2439 1256 2496 et

181 2540 395 2614 terribiliter
410 2542 455 2615 ad
473 2545 745 2618 circumstantes
761 2545 949 2618 vociferari
968 2543 1081 2641 eoepit
1099 2572 1107 2612 ε
1133 2541 1167 2614 0
1187 2545 1257 2613 mi-

180 2664 269 2748 seri,
288 2663 431 2751 miseri,
451 2660 711 2761 quidfacitt's?
728 2691 795 2738 cur
810 2681 972 2763 tempora
988 2678 1114 2734 nostro
1127 2657 1257 2760 perdi-

181 2779 257 2848 tis?
275 2805 341 2850 our
356 2780 488 2853 mundi
509 2786 690 2854 vanitates
716 2781 895 2880 diligitis,
921 2797 956 2851 ct
973 2805 1039 2868 eo,
1065 2803 1148 2874 quae
1178 2801 1259 2848 uere

655 2973 667 3007 s

219 3040 229 3109 (
235 3041 258 3109 t)
268 3040 292 3095 ll
303 3042 389 3096 existe
399 3060 434 3097 en
444 3043 616 3099 Nornraudie
627 3045 696 3099 trois
706 3059 869 3097 communes
881 3040 916 3095 de
926 3059 956 3095 ce
966 3057 1047 3105 norn;
1058 3055 1129 3092 nous
1140 3054 1260 3110 pensons

183 3129 253 3202 qu'il
271 3130 352 3204 s'agit
369 3133 405 3186 ici
424 3133 463 3187 du
482 3135 701 3201 Pin-au·Haras,
722 3143 825 3188 canton
842 3131 984 3199 d’Exmes,
1005 3130 1076 3184 dont
1096 3128 1207 3183 Robert
1225 3127 1259 3182 de

184 3219 295 3275 Meulan
312 3222 380 3276 etait
398 3224 542 3297 seigneur,
563 3234 591 3279 et
608 3224 676 3297 qu’il
692 3222 785 3279 donna
798 3226 813 3277 a
826 3224 930 3296 Hugue
945 3221 980 3275 de
995 3220 1071 3286 laci,
1091 3227 1259 3291 moyennant

183 3309 209 3366 lc
221 3311 325 3366 service
337 3311 372 3365 de
383 3312 457 3368 deux
468 3313 619 3370 chevaliers
631 3339 637 3368 ε
650 3314 791 3370 Honorem
804 3313 839 3367 de
848 3313 923 3367 Pinu
933 3315 1041 3385 integre
1052 3329 1106 3382 per
1118 3312 1259 3364 servitium

183 3400 303 3457 duorum
317 3404 434 3459 militum
440 3448 447 3473 ,
463 3406 567 3461 scilicet
580 3405 661 3478 apud
676 3406 781 3460 Pinum
794 3414 820 3459 et
838 3404 1001 3474 ll'ealpltam
1018 3400 1259 3474 (Neaupble·sur·

183 3490 272 3564 Dive),
286 3503 313 3547 ot
324 3495 503 3550 Montormou
513 3498 523 3566 l
530 3494 745 3566 Mont-Ormel),
757 3505 785 3548 ct
793 3496 975 3562 Assevillom,
988 3504 1014 3549 ct
1024 3493 1256 3548 Brusevillam....

186 3583 265 3637 Sicut
280 3605 404 3659 unquam
419 3587 505 3641 libere
520 3597 547 3641 et
561 3589 660 3643 melius
674 3587 815 3642 liebertus
832 3586 866 3641 de
884 3586 972 3653 Pina,
992 3583 1127 3638 oilardus
1142 3593 1171 3637 et
1191 3581 1257 3637 Gat-

185 3683 261 3729 tcrus
283 3686 440 3731 tenuerunt.
466 3678 609 3733 (lislebert
631 3678 746 3752 pouvait
767 3695 868 3732 encorc
886 3677 946 3732 etre
967 3676 1121 3748 originaire
1144 3673 1184 3729 du
1206 3673 1256 3728 Piu

183 3782 219 3818 en
236 3766 365 3835 Lieuviu,
381 3779 461 3823 entre
478 3770 587 3824 Lisieux
601 3781 630 3824 et
643 3769 821 3836 Cormeilles,
838 3786 987 3822 commuue
1000 3784 1055 3840 peu
1069 3766 1198 3839 cloignee
1210 3763 1256 3817 des

184 3868 272 3911 vastes
289 3860 457 3931 possessione
475 3860 510 3916 ‹lc
526 3862 621 3936 Roger
637 3861 672 3917 de
685 3862 840 3916 Beaumont
856 3859 925 3913 dans
946 3856 1206 3912 l'arroudissement
1222 3851 1255 3907 de

184 3945 401 4004 Pontaudemer.

219 4036 258 4107 (a)
274 4037 481 4093 Pontaudemcr
496 4050 524 4094 et
542 4040 861 4112 eeaamont-te-Roger,
878 4039 917 4095 lcs
934 4040 1006 4095 deux
1024 4037 1193 4093 chefe-lieux
1209 4033 1251 4088 des

183 4125 340 4198 propriete's
354 4125 389 4181 de
404 4126 506 4199 Roget.

219 4213 257 4287 (ὅ)
272 4203 526 4273 Ενιηουὶεεεηιοηι.
