<?xml version="1.0" encoding="UTF-8"?>
<!DOCTYPE html PUBLIC "-//W3C//DTD XHTML 1.0 Transitional//EN"
    "http://www.w3.org/TR/xhtml1/DTD/xhtml1-transitional.dtd">
<html xmlns="http://www.w3.org/1999/xhtml" xml:lang="en" lang="en">
 <head>
  <title>
</title>
<meta http-equiv="Content-Type" content="text/html;charset=utf-8" />
  <meta name='ocr-system' content='tesseract 3.04.00' />
  <meta name='ocr-capabilities' content='ocr_page ocr_carea ocr_par ocr_line ocrx_word'/>
</head>
<body>
  <div class='ocr_page' id='page_1' title='image "./ordericivitalis05deligoog/ordericivitalis05deligoog_0158.png"; bbox 0 0 2872 4920; ppageno 0'>
   <div class='ocr_carea' id='block_1_1' title="bbox 180 363 1234 443">
    <p class='ocr_par' dir='ltr' id='par_1_1' title="bbox 180 363 1234 443">
     <span class='ocr_line' id='line_1_1' title="bbox 180 363 1234 443; baseline 0.003 -17"><span class='ocrx_word' id='word_1_1' title='bbox 180 363 345 443; x_wconf 55' lang='lat' dir='ltr'><strong>[meets]</strong></span> <span class='ocrx_word' id='word_1_2' title='bbox 539 364 654 425; x_wconf 81' lang='lat' dir='ltr'>LIBER</span> <span class='ocrx_word' id='word_1_3' title='bbox 675 365 875 424; x_wconf 79' lang='lat' dir='ltr'><strong>SEPTIMUS.</strong></span> <span class='ocrx_word' id='word_1_4' title='bbox 1179 366 1234 430; x_wconf 73' lang='lat'><strong>147</strong></span> 
     </span>
    </p>
   </div>
   <div class='ocr_carea' id='block_1_2' title="bbox 177 493 1246 2458">
    <p class='ocr_par' dir='ltr' id='par_1_2' title="bbox 178 493 1236 1178">
     <span class='ocr_line' id='line_1_2' title="bbox 178 493 1231 597; baseline 0.003 -31"><span class='ocrx_word' id='word_1_5' title='bbox 178 495 329 593; x_wconf 80' lang='lat' dir='ltr'><strong>llugone</strong></span> <span class='ocrx_word' id='word_1_6' title='bbox 339 494 472 594; x_wconf 75' lang='lat' dir='ltr'><strong>Magno</strong></span> <span class='ocrx_word' id='word_1_7' title='bbox 486 495 555 593; x_wconf 86' lang='grc' dir='ltr'>(ι).</span> <span class='ocrx_word' id='word_1_8' title='bbox 568 495 652 567; x_wconf 83' lang='lat' dir='ltr'><strong>Post</strong></span> <span class='ocrx_word' id='word_1_9' title='bbox 664 493 741 568; x_wconf 83' lang='lat' dir='ltr'><strong>hoec</strong></span> <span class='ocrx_word' id='word_1_10' title='bbox 752 518 871 567; x_wconf 88' lang='lat' dir='ltr'><strong>mense</strong></span> <span class='ocrx_word' id='word_1_11' title='bbox 879 494 986 583; x_wconf 84' lang='lat' dir='ltr'><strong>maio,</strong></span> <span class='ocrx_word' id='word_1_12' title='bbox 995 495 1083 568; x_wconf 84' lang='lat' dir='ltr'><strong>seria</strong></span> <span class='ocrx_word' id='word_1_13' title='bbox 1097 507 1154 568; x_wconf 76' lang='lat'><strong>111⁸</strong></span> <span class='ocrx_word' id='word_1_14' title='bbox 1163 498 1231 597; x_wconf 85' lang='lat'>(2),</span> 
     </span>
     <span class='ocr_line' id='line_1_3' title="bbox 178 609 1235 711; baseline 0.005 -30"><span class='ocrx_word' id='word_1_15' title='bbox 178 609 269 709; x_wconf 86' lang='lat' dir='ltr'><strong>pluit</strong></span> <span class='ocrx_word' id='word_1_16' title='bbox 279 612 420 710; x_wconf 78' lang='lat' dir='ltr'><strong>sanguis</strong></span> <span class='ocrx_word' id='word_1_17' title='bbox 432 636 538 709; x_wconf 89' lang='lat' dir='ltr'><strong>super</strong></span> <span class='ocrx_word' id='word_1_18' title='bbox 551 611 734 711; x_wconf 84' lang='lat' dir='ltr'><strong>operarios</strong></span> <span class='ocrx_word' id='word_1_19' title='bbox 751 613 820 710; x_wconf 74' lang='grc' dir='ltr'><strong>(ὅ)</strong></span> <span class='ocrx_word' id='word_1_20' title='bbox 834 611 883 683; x_wconf 86' lang='lat' dir='ltr'><strong>Et</strong></span> <span class='ocrx_word' id='word_1_21' title='bbox 896 612 973 710; x_wconf 88' lang='lat' dir='ltr'><strong>ipso</strong></span> <span class='ocrx_word' id='word_1_22' title='bbox 987 636 1100 702; x_wconf 86' lang='lat' dir='ltr'><strong>anno,</strong></span> <span class='ocrx_word' id='word_1_23' title='bbox 1115 637 1235 686; x_wconf 86' lang='lat' dir='ltr'><strong>mense</strong></span> 
     </span>
     <span class='ocr_line' id='line_1_4' title="bbox 179 726 1234 828; baseline 0.006 -30"><span class='ocrx_word' id='word_1_24' title='bbox 179 726 390 825; x_wconf 73' lang='lat' dir='ltr'><strong>septembri,</strong></span> <span class='ocrx_word' id='word_1_25' title='bbox 419 726 636 802; x_wconf 84' lang='lat' dir='ltr'><strong>Hludovious</strong></span> <span class='ocrx_word' id='word_1_26' title='bbox 659 754 722 801; x_wconf 81' lang='lat' dir='ltr'><strong>rex</strong></span> <span class='ocrx_word' id='word_1_27' title='bbox 751 745 866 802; x_wconf 90' lang='lat' dir='ltr'><strong>totum</strong></span> <span class='ocrx_word' id='word_1_28' title='bbox 893 745 1030 828; x_wconf 92' lang='lat' dir='ltr'><strong>tempus</strong></span> <span class='ocrx_word' id='word_1_29' title='bbox 1057 730 1140 803; x_wconf 73' lang='lat' dir='ltr'><strong>vitre</strong></span> <span class='ocrx_word' id='word_1_30' title='bbox 1163 758 1234 804; x_wconf 85' lang='lat' dir='ltr'><strong>suoe</strong></span> 
     </span>
     <span class='ocr_line' id='line_1_5' title="bbox 180 840 1235 944; baseline 0.005 -30"><span class='ocrx_word' id='word_1_31' title='bbox 180 842 325 941; x_wconf 90' lang='lat' dir='ltr'><strong>plenum</strong></span> <span class='ocrx_word' id='word_1_32' title='bbox 347 840 480 916; x_wconf 85' lang='lat' dir='ltr'><strong>ducens</strong></span> <span class='ocrx_word' id='word_1_33' title='bbox 500 847 744 944; x_wconf 76' lang='lat' dir='ltr'><strong>angustiarum</strong></span> <span class='ocrx_word' id='word_1_34' title='bbox 766 862 802 918; x_wconf 91' lang='lat' dir='ltr'><strong>et</strong></span> <span class='ocrx_word' id='word_1_35' title='bbox 824 844 1116 936; x_wconf 83' lang='lat' dir='ltr'>tribulationum,</span> <span class='ocrx_word' id='word_1_36' title='bbox 1141 844 1235 919; x_wconf 90' lang='lat' dir='ltr'><strong>diem</strong></span> 
     </span>
     <span class='ocr_line' id='line_1_6' title="bbox 182 959 1236 1063; baseline 0.003 -30"><span class='ocrx_word' id='word_1_37' title='bbox 182 959 304 1033; x_wconf 80' lang='lat' dir='ltr'><strong>clausit</strong></span> <span class='ocrx_word' id='word_1_38' title='bbox 321 977 520 1036; x_wconf 83' lang='lat' dir='ltr'><strong>extremum</strong></span> <span class='ocrx_word' id='word_1_39' title='bbox 537 963 614 1060; x_wconf 83' lang='grc'>(4),</span> <span class='ocrx_word' id='word_1_40' title='bbox 634 963 860 1063; x_wconf 84' lang='lat' dir='ltr'>sepultusque</span> <span class='ocrx_word' id='word_1_41' title='bbox 878 979 930 1035; x_wconf 85' lang='lat' dir='ltr'><strong>est</strong></span> <span class='ocrx_word' id='word_1_42' title='bbox 946 961 1067 1036; x_wconf 86' lang='lat' dir='ltr'>Remis</span> <span class='ocrx_word' id='word_1_43' title='bbox 1081 964 1117 1036; x_wconf 90' lang='lat' dir='ltr'><strong>in</strong></span> <span class='ocrx_word' id='word_1_44' title='bbox 1138 961 1236 1036; x_wconf 83' lang='lat' dir='ltr'><strong>basi-</strong></span> 
     </span>
     <span class='ocr_line' id='line_1_7' title="bbox 183 1072 482 1178; baseline 0.02 -33"><span class='ocrx_word' id='word_1_45' title='bbox 183 1072 244 1147; x_wconf 84' lang='lat' dir='ltr'><strong>lica</strong></span> <span class='ocrx_word' id='word_1_46' title='bbox 258 1077 296 1147; x_wconf 89' lang='lat' dir='ltr'><strong>S.</strong></span> <span class='ocrx_word' id='word_1_47' title='bbox 315 1076 482 1178; x_wconf 79' lang='lat' dir='ltr'><strong>Remigii.</strong></span> 
     </span>
    </p>

    <p class='ocr_par' dir='ltr' id='par_1_3' title="bbox 177 1190 1246 2458">
     <span class='ocr_line' id='line_1_8' title="bbox 226 1190 1238 1296; baseline 0.008 -34"><span class='ocrx_word' id='word_1_48' title='bbox 226 1190 397 1293; x_wconf 84' lang='lat' dir='ltr'><strong>Sequenti</strong></span> <span class='ocrx_word' id='word_1_49' title='bbox 408 1220 552 1296; x_wconf 87' lang='lat' dir='ltr'><strong>quoque</strong></span> <span class='ocrx_word' id='word_1_50' title='bbox 566 1219 699 1284; x_wconf 87' lang='lat' dir='ltr'><strong>mense,</strong></span> <span class='ocrx_word' id='word_1_51' title='bbox 717 1209 758 1268; x_wconf 84' lang='lat'><strong>11⁰</strong></span> <span class='ocrx_word' id='word_1_52' title='bbox 772 1193 849 1267; x_wconf 89' lang='lat' dir='ltr'><strong>idus</strong></span> <span class='ocrx_word' id='word_1_53' title='bbox 861 1194 1080 1285; x_wconf 85' lang='lat' dir='ltr'><strong>novembris,</strong></span> <span class='ocrx_word' id='word_1_54' title='bbox 1093 1195 1238 1270; x_wconf 81' lang='lat' dir='ltr'><strong>Hlothu·</strong></span> 
     </span>
     <span class='ocr_line' id='line_1_9' title="bbox 182 1307 1238 1411; baseline 0.006 -32"><span class='ocrx_word' id='word_1_55' title='bbox 182 1307 252 1380; x_wconf 82' lang='lat' dir='ltr'><strong>rius</strong></span> <span class='ocrx_word' id='word_1_56' title='bbox 260 1310 336 1408; x_wconf 83' lang='lat' dir='ltr'><strong>jam</strong></span> <span class='ocrx_word' id='word_1_57' title='bbox 344 1312 497 1410; x_wconf 77' lang='lat' dir='ltr'><strong>juvenis,</strong></span> <span class='ocrx_word' id='word_1_58' title='bbox 513 1312 606 1385; x_wconf 91' lang='lat' dir='ltr'><strong>lilius</strong></span> <span class='ocrx_word' id='word_1_59' title='bbox 617 1313 704 1411; x_wconf 90' lang='lat' dir='ltr'><strong>ejus,</strong></span> <span class='ocrx_word' id='word_1_60' title='bbox 719 1327 847 1385; x_wconf 88' lang='lat' dir='ltr'><strong>unctus</strong></span> <span class='ocrx_word' id='word_1_61' title='bbox 857 1327 909 1385; x_wconf 87' lang='lat' dir='ltr'><strong>est</strong></span> <span class='ocrx_word' id='word_1_62' title='bbox 921 1313 957 1385; x_wconf 90' lang='lat' dir='ltr'><strong>in</strong></span> <span class='ocrx_word' id='word_1_63' title='bbox 970 1337 1091 1410; x_wconf 85' lang='lat' dir='ltr'><strong>regem</strong></span> <span class='ocrx_word' id='word_1_64' title='bbox 1104 1313 1238 1403; x_wconf 81' lang='lat' dir='ltr'><strong>Remis,</strong></span> 
     </span>
     <span class='ocr_line' id='line_1_10' title="bbox 183 1427 1240 1529; baseline 0.006 -32"><span class='ocrx_word' id='word_1_65' title='bbox 183 1439 217 1497; x_wconf 91' lang='lat' dir='ltr'><strong>et</strong></span> <span class='ocrx_word' id='word_1_66' title='bbox 227 1427 333 1525; x_wconf 79' lang='lat' dir='ltr'><strong>Hugo</strong></span> <span class='ocrx_word' id='word_1_67' title='bbox 342 1429 491 1528; x_wconf 79' lang='lat' dir='ltr'><strong>Magnus</strong></span> <span class='ocrx_word' id='word_1_68' title='bbox 499 1430 610 1502; x_wconf 82' lang='lat' dir='ltr'><strong>sactus</strong></span> <span class='ocrx_word' id='word_1_69' title='bbox 621 1446 673 1502; x_wconf 88' lang='lat' dir='ltr'><strong>est</strong></span> <span class='ocrx_word' id='word_1_70' title='bbox 683 1429 756 1502; x_wconf 86' lang='lat' dir='ltr'><strong>dux</strong></span> <span class='ocrx_word' id='word_1_71' title='bbox 766 1429 987 1504; x_wconf 83' lang='lat' dir='ltr'><strong>Francorum</strong></span> <span class='ocrx_word' id='word_1_72' title='bbox 995 1431 1064 1529; x_wconf 85' lang='lat'><strong>(5)</strong></span> <span class='ocrx_word' id='word_1_73' title='bbox 1079 1428 1240 1505; x_wconf 89' lang='lat' dir='ltr'><strong>Secundo</strong></span> 
     </span>
     <span class='ocr_line' id='line_1_11' title="bbox 185 1545 1241 1647; baseline 0.007 -34"><span class='ocrx_word' id='word_1_74' title='bbox 185 1558 301 1615; x_wconf 78' lang='lat' dir='ltr'><strong>sutem</strong></span> <span class='ocrx_word' id='word_1_75' title='bbox 314 1571 411 1618; x_wconf 85' lang='lat' dir='ltr'><strong>anno</strong></span> <span class='ocrx_word' id='word_1_76' title='bbox 425 1563 506 1644; x_wconf 88' lang='lat' dir='ltr'><strong>post</strong></span> <span class='ocrx_word' id='word_1_77' title='bbox 526 1546 620 1634; x_wconf 83' lang='lat' dir='ltr'><strong>hoee,</strong></span> <span class='ocrx_word' id='word_1_78' title='bbox 640 1571 761 1620; x_wconf 87' lang='lat' dir='ltr'><strong>mense</strong></span> <span class='ocrx_word' id='word_1_79' title='bbox 777 1563 943 1647; x_wconf 80' lang='lat' dir='ltr'><strong>augusto,</strong></span> <span class='ocrx_word' id='word_1_80' title='bbox 962 1545 1101 1621; x_wconf 89' lang='lat' dir='ltr'><strong>obsedit</strong></span> <span class='ocrx_word' id='word_1_81' title='bbox 1113 1575 1241 1646; x_wconf 84' lang='lat' dir='ltr'><strong>supra-</strong></span> 
     </span>
     <span class='ocr_line' id='line_1_12' title="bbox 184 1653 1240 1761; baseline 0.005 -33"><span class='ocrx_word' id='word_1_82' title='bbox 184 1653 295 1729; x_wconf 87' lang='lat' dir='ltr'><strong>dictus</strong></span> <span class='ocrx_word' id='word_1_83' title='bbox 320 1660 426 1759; x_wconf 82' lang='lat' dir='ltr'><strong>Ilugo</strong></span> <span class='ocrx_word' id='word_1_84' title='bbox 451 1660 601 1761; x_wconf 76' lang='lat' dir='ltr'><strong>Magnus</strong></span> <span class='ocrx_word' id='word_1_85' title='bbox 625 1662 776 1735; x_wconf 81' lang='lat' dir='ltr'><strong>Pictavis</strong></span> <span class='ocrx_word' id='word_1_86' title='bbox 793 1662 990 1750; x_wconf 86' lang='lat' dir='ltr'><strong>civitatem,</strong></span> <span class='ocrx_word' id='word_1_87' title='bbox 1011 1661 1071 1734; x_wconf 86' lang='lat' dir='ltr'><strong>sed</strong></span> <span class='ocrx_word' id='word_1_88' title='bbox 1093 1660 1185 1734; x_wconf 87' lang='lat' dir='ltr'><strong>nihil</strong></span> <span class='ocrx_word' id='word_1_89' title='bbox 1208 1662 1240 1734; x_wconf 90' lang='lat' dir='ltr'><strong>ei</strong></span> 
     </span>
     <span class='ocr_line' id='line_1_13' title="bbox 177 1775 1242 1877; baseline 0.003 -31"><span class='ocrx_word' id='word_1_90' title='bbox 177 1775 329 1871; x_wconf 82' lang='lat' dir='ltr'><strong>pmluit.</strong></span> <span class='ocrx_word' id='word_1_91' title='bbox 347 1776 442 1848; x_wconf 89' lang='lat' dir='ltr'><strong>Dum</strong></span> <span class='ocrx_word' id='word_1_92' title='bbox 458 1779 554 1850; x_wconf 91' lang='lat' dir='ltr'><strong>enim</strong></span> <span class='ocrx_word' id='word_1_93' title='bbox 567 1777 746 1851; x_wconf 81' lang='lat' dir='ltr'><strong>obsideret</strong></span> <span class='ocrx_word' id='word_1_94' title='bbox 757 1777 917 1850; x_wconf 85' lang='lat' dir='ltr'><strong>eamdem</strong></span> <span class='ocrx_word' id='word_1_95' title='bbox 928 1777 1075 1867; x_wconf 84' lang='lat' dir='ltr'><strong>urbem,</strong></span> <span class='ocrx_word' id='word_1_96' title='bbox 1089 1776 1242 1877; x_wconf 76' lang='lat' dir='ltr'><strong>quedmn</strong></span> 
     </span>
     <span class='ocr_line' id='line_1_14' title="bbox 186 1887 1242 1994; baseline 0.005 -33"><span class='ocrx_word' id='word_1_97' title='bbox 186 1887 240 1962; x_wconf 85' lang='lat' dir='ltr'><strong>die</strong></span> <span class='ocrx_word' id='word_1_98' title='bbox 271 1892 429 1966; x_wconf 76' lang='lat' dir='ltr'><strong>intonuit</strong></span> <span class='ocrx_word' id='word_1_99' title='bbox 459 1895 634 1968; x_wconf 90' lang='lat' dir='ltr'><strong>Dominus</strong></span> <span class='ocrx_word' id='word_1_100' title='bbox 667 1911 805 1968; x_wconf 89' lang='lat' dir='ltr'><strong>terrore</strong></span> <span class='ocrx_word' id='word_1_101' title='bbox 833 1921 988 1994; x_wconf 80' lang='lat' dir='ltr'><strong>magno,</strong></span> <span class='ocrx_word' id='word_1_102' title='bbox 1020 1894 1242 1994; x_wconf 82' lang='lat' dir='ltr'><strong>disrupitque</strong></span> 
     </span>
     <span class='ocr_line' id='line_1_15' title="bbox 189 2006 1240 2112; baseline 0.003 -32"><span class='ocrx_word' id='word_1_103' title='bbox 189 2006 294 2083; x_wconf 88' lang='lat' dir='ltr'><strong>turbo</strong></span> <span class='ocrx_word' id='word_1_104' title='bbox 314 2011 533 2109; x_wconf 86' lang='lat' dir='ltr'><strong>papilionem</strong></span> <span class='ocrx_word' id='word_1_105' title='bbox 555 2014 629 2112; x_wconf 84' lang='lat' dir='ltr'><strong>ejus</strong></span> <span class='ocrx_word' id='word_1_106' title='bbox 650 2039 669 2085; x_wconf 86' lang='lat' dir='ltr'>a</span> <span class='ocrx_word' id='word_1_107' title='bbox 691 2014 893 2085; x_wconf 79' lang='lat' dir='ltr'><strong>summitate</strong></span> <span class='ocrx_word' id='word_1_108' title='bbox 915 2037 1025 2112; x_wconf 91' lang='lat' dir='ltr'><strong>usque</strong></span> <span class='ocrx_word' id='word_1_109' title='bbox 1052 2011 1240 2099; x_wconf 87' lang='lat' dir='ltr'><strong>deorsum,</strong></span> 
     </span>
     <span class='ocr_line' id='line_1_16' title="bbox 189 2127 1243 2227; baseline 0.003 -33"><span class='ocrx_word' id='word_1_110' title='bbox 189 2139 382 2226; x_wconf 83' lang='lat' dir='ltr'><strong>stuporque</strong></span> <span class='ocrx_word' id='word_1_111' title='bbox 396 2153 546 2227; x_wconf 81' lang='lat' dir='ltr'><strong>magnus</strong></span> <span class='ocrx_word' id='word_1_112' title='bbox 565 2129 691 2200; x_wconf 85' lang='lat' dir='ltr'><strong>invasit</strong></span> <span class='ocrx_word' id='word_1_113' title='bbox 706 2127 808 2200; x_wconf 92' lang='lat' dir='ltr'><strong>illum</strong></span> <span class='ocrx_word' id='word_1_114' title='bbox 824 2153 908 2200; x_wconf 86' lang='lat' dir='ltr'><strong>cum</strong></span> <span class='ocrx_word' id='word_1_115' title='bbox 920 2127 1077 2225; x_wconf 81' lang='lat' dir='ltr'><strong>exercitu</strong></span> <span class='ocrx_word' id='word_1_116' title='bbox 1093 2150 1175 2213; x_wconf 85' lang='lat' dir='ltr'><strong>suo,</strong></span> <span class='ocrx_word' id='word_1_117' title='bbox 1196 2127 1243 2197; x_wconf 79' lang='lat' dir='ltr'><strong>ite</strong></span> 
     </span>
     <span class='ocr_line' id='line_1_17' title="bbox 190 2239 1245 2341; baseline 0.005 -32"><span class='ocrx_word' id='word_1_118' title='bbox 190 2252 228 2309; x_wconf 88' lang='lat' dir='ltr'><strong>ut</strong></span> <span class='ocrx_word' id='word_1_119' title='bbox 240 2239 362 2314; x_wconf 79' lang='lat' dir='ltr'><strong>vivere</strong></span> <span class='ocrx_word' id='word_1_120' title='bbox 379 2243 584 2341; x_wconf 90' lang='lat' dir='ltr'><strong>nequirent.</strong></span> <span class='ocrx_word' id='word_1_121' title='bbox 601 2243 800 2341; x_wconf 80' lang='lat' dir='ltr'><strong>Statimque</strong></span> <span class='ocrx_word' id='word_1_122' title='bbox 816 2242 852 2314; x_wconf 92' lang='lat' dir='ltr'><strong>in</strong></span> <span class='ocrx_word' id='word_1_123' title='bbox 871 2243 990 2340; x_wconf 75' lang='lat' dir='ltr'><strong>logum</strong></span> <span class='ocrx_word' id='word_1_124' title='bbox 1006 2241 1118 2331; x_wconf 81' lang='lat' dir='ltr'><strong>versi,</strong></span> <span class='ocrx_word' id='word_1_125' title='bbox 1133 2264 1245 2314; x_wconf 86' lang='lat' dir='ltr'><strong>reces-</strong></span> 
     </span>
     <span class='ocr_line' id='line_1_18' title="bbox 191 2355 1246 2458; baseline 0.002 -29"><span class='ocrx_word' id='word_1_126' title='bbox 191 2372 311 2430; x_wconf 84' lang='lat' dir='ltr'><strong>serunt</strong></span> <span class='ocrx_word' id='word_1_127' title='bbox 326 2355 372 2429; x_wconf 85' lang='lat' dir='ltr'><strong>ab</strong></span> <span class='ocrx_word' id='word_1_128' title='bbox 389 2358 488 2432; x_wconf 88' lang='lat' dir='ltr'><strong>urbis</strong></span> <span class='ocrx_word' id='word_1_129' title='bbox 504 2358 703 2433; x_wconf 83' lang='lat' dir='ltr'><strong>obsidione.</strong></span> <span class='ocrx_word' id='word_1_130' title='bbox 726 2360 824 2435; x_wconf 84' lang='lat' dir='ltr'><strong>Fecit</strong></span> <span class='ocrx_word' id='word_1_131' title='bbox 844 2375 961 2432; x_wconf 82' lang='lat' dir='ltr'><strong>autem</strong></span> <span class='ocrx_word' id='word_1_132' title='bbox 983 2358 1052 2432; x_wconf 86' lang='lat' dir='ltr'><strong>hoc</strong></span> <span class='ocrx_word' id='word_1_133' title='bbox 1068 2359 1161 2433; x_wconf 84' lang='lat' dir='ltr'><strong>Deus</strong></span> <span class='ocrx_word' id='word_1_134' title='bbox 1178 2383 1246 2458; x_wconf 90' lang='lat' dir='ltr'><strong>per</strong></span> 
     </span>
    </p>
   </div>
   <div class='ocr_carea' id='block_1_3' title="bbox 191 2653 1248 3112">
    <p class='ocr_par' dir='ltr' id='par_1_4' title="bbox 191 2653 1246 2820">
     <span class='ocr_line' id='line_1_19' title="bbox 225 2653 1246 2730; baseline -0.003 -21"><span class='ocrx_word' id='word_1_135' title='bbox 225 2656 262 2728; x_wconf 88' lang='grc' dir='ltr'><strong>(ι)</strong></span> <span class='ocrx_word' id='word_1_136' title='bbox 274 2657 299 2711; x_wconf 82' lang='grc' dir='ltr'><strong>Δ</strong></span> <span class='ocrx_word' id='word_1_137' title='bbox 311 2673 367 2711; x_wconf 89' lang='lat' dir='ltr'><strong>une</strong></span> <span class='ocrx_word' id='word_1_138' title='bbox 385 2659 493 2730; x_wconf 78' lang='lat' dir='ltr'><strong>epoque</strong></span> <span class='ocrx_word' id='word_1_139' title='bbox 506 2659 620 2712; x_wconf 77' lang='lat' dir='ltr'><strong>avoocee</strong></span> <span class='ocrx_word' id='word_1_140' title='bbox 634 2657 669 2711; x_wconf 87' lang='lat' dir='ltr'><strong>de</strong></span> <span class='ocrx_word' id='word_1_141' title='bbox 680 2656 746 2730; x_wconf 72' lang='lat'><strong>945,</strong></span> <span class='ocrx_word' id='word_1_142' title='bbox 769 2674 877 2711; x_wconf 85' lang='lat' dir='ltr'><strong>comme</strong></span> <span class='ocrx_word' id='word_1_143' title='bbox 890 2674 960 2710; x_wconf 88' lang='lat' dir='ltr'><strong>nous</strong></span> <span class='ocrx_word' id='word_1_144' title='bbox 973 2655 1073 2711; x_wconf 79' lang='lat' dir='ltr'><strong>l&#39;arons</strong></span> <span class='ocrx_word' id='word_1_145' title='bbox 1086 2654 1129 2709; x_wconf 89' lang='lat' dir='ltr'><strong>dit</strong></span> <span class='ocrx_word' id='word_1_146' title='bbox 1140 2653 1246 2709; x_wconf 86' lang='lat' dir='ltr'><strong>ci-des-</strong></span> 
     </span>
     <span class='ocr_line' id='line_1_20' title="bbox 191 2759 352 2820; baseline 0.012 -22"><span class='ocrx_word' id='word_1_147' title='bbox 191 2759 249 2813; x_wconf 77' lang='lat' dir='ltr'><strong>sm,</strong></span> <span class='ocrx_word' id='word_1_148' title='bbox 264 2762 292 2818; x_wconf 86' lang='lat' dir='ltr'><strong>p.</strong></span> <span class='ocrx_word' id='word_1_149' title='bbox 305 2762 352 2820; x_wconf 89' lang='lat'><strong>9⁰·</strong></span> 
     </span>
    </p>

    <p class='ocr_par' dir='ltr' id='par_1_5' title="bbox 226 2848 464 2919">
     <span class='ocr_line' id='line_1_21' title="bbox 226 2848 464 2919; baseline 0.004 -17"><span class='ocrx_word' id='word_1_150' title='bbox 226 2848 464 2919; x_wconf 44' lang='lat' dir='ltr'><strong>memte</strong></span> 
     </span>
    </p>

    <p class='ocr_par' dir='ltr' id='par_1_6' title="bbox 195 2946 1248 3112">
     <span class='ocr_line' id='line_1_22' title="bbox 226 2946 1247 3023; baseline -0.002 -19"><span class='ocrx_word' id='word_1_151' title='bbox 226 2946 264 3020; x_wconf 80' lang='lat'><strong>(3)</strong></span> <span class='ocrx_word' id='word_1_152' title='bbox 276 2950 316 3006; x_wconf 84' lang='lat' dir='ltr'><strong>ee</strong></span> <span class='ocrx_word' id='word_1_153' title='bbox 329 2949 518 3022; x_wconf 76' lang='lat' dir='ltr'><strong>phenomene,</strong></span> <span class='ocrx_word' id='word_1_154' title='bbox 532 2951 582 3023; x_wconf 88' lang='lat' dir='ltr'><strong>qui</strong></span> <span class='ocrx_word' id='word_1_155' title='bbox 593 2959 642 3003; x_wconf 90' lang='lat' dir='ltr'><strong>eut</strong></span> <span class='ocrx_word' id='word_1_156' title='bbox 654 2947 710 3003; x_wconf 90' lang='lat' dir='ltr'><strong>lieu</strong></span> <span class='ocrx_word' id='word_1_157' title='bbox 723 2966 757 3002; x_wconf 87' lang='lat' dir='ltr'><strong>au</strong></span> <span class='ocrx_word' id='word_1_158' title='bbox 771 2947 868 3003; x_wconf 89' lang='lat' dir='ltr'><strong>milieu</strong></span> <span class='ocrx_word' id='word_1_159' title='bbox 880 2947 916 3003; x_wconf 90' lang='lat' dir='ltr'><strong>de</strong></span> <span class='ocrx_word' id='word_1_160' title='bbox 928 2949 983 3003; x_wconf 86' lang='lat' dir='ltr'><strong>mai</strong></span> <span class='ocrx_word' id='word_1_161' title='bbox 994 2950 1062 3022; x_wconf 77' lang='grc'><strong>954,</strong></span> <span class='ocrx_word' id='word_1_162' title='bbox 1075 2950 1163 3003; x_wconf 79' lang='lat' dir='ltr'><strong>aonee</strong></span> <span class='ocrx_word' id='word_1_163' title='bbox 1174 2946 1210 3003; x_wconf 88' lang='lat' dir='ltr'><strong>de</strong></span> <span class='ocrx_word' id='word_1_164' title='bbox 1222 2948 1247 3002; x_wconf 81' lang='lat' dir='ltr'><strong>la</strong></span> 
     </span>
     <span class='ocr_line' id='line_1_23' title="bbox 195 3037 1248 3112; baseline -0.001 -19"><span class='ocrx_word' id='word_1_165' title='bbox 195 3050 266 3095; x_wconf 87' lang='lat' dir='ltr'><strong>mort</strong></span> <span class='ocrx_word' id='word_1_166' title='bbox 281 3039 316 3095; x_wconf 89' lang='lat' dir='ltr'><strong>de</strong></span> <span class='ocrx_word' id='word_1_167' title='bbox 333 3040 416 3094; x_wconf 87' lang='lat' dir='ltr'><strong>Louis</strong></span> <span class='ocrx_word' id='word_1_168' title='bbox 428 3040 632 3107; x_wconf 86' lang='lat' dir='ltr'><strong>d’Outre-lller,</strong></span> <span class='ocrx_word' id='word_1_169' title='bbox 647 3049 689 3093; x_wconf 88' lang='lat' dir='ltr'><strong>est</strong></span> <span class='ocrx_word' id='word_1_170' title='bbox 707 3040 838 3112; x_wconf 79' lang='lat' dir='ltr'><strong>rapporte</strong></span> <span class='ocrx_word' id='word_1_171' title='bbox 856 3039 893 3092; x_wconf 90' lang='lat' dir='ltr'><strong>ici</strong></span> <span class='ocrx_word' id='word_1_172' title='bbox 906 3057 939 3093; x_wconf 80' lang='lat' dir='ltr'><strong>uu</strong></span> <span class='ocrx_word' id='word_1_173' title='bbox 953 3037 1058 3105; x_wconf 77' lang='lat' dir='ltr'><strong>mardi,</strong></span> <span class='ocrx_word' id='word_1_174' title='bbox 1072 3048 1101 3093; x_wconf 89' lang='lat' dir='ltr'><strong>et</strong></span> <span class='ocrx_word' id='word_1_175' title='bbox 1112 3037 1248 3093; x_wconf 67' lang='lat' dir='ltr'><strong>uidemus</strong></span> 
     </span>
    </p>
   </div>
   <div class='ocr_carea' id='block_1_4' title="bbox 198 3126 1247 3289">
    <p class='ocr_par' dir='ltr' id='par_1_7' title="bbox 198 3126 1247 3289">
     <span class='ocr_line' id='line_1_24' title="bbox 198 3126 1247 3202; baseline 0.001 -21"><span class='ocrx_word' id='word_1_176' title='bbox 198 3126 234 3198; x_wconf 91' lang='lat' dir='ltr'><strong>(t.</strong></span> <span class='ocrx_word' id='word_1_177' title='bbox 251 3129 281 3197; x_wconf 92' lang='lat' dir='ltr'><strong>l,</strong></span> <span class='ocrx_word' id='word_1_178' title='bbox 304 3127 414 3202; x_wconf 80' lang='lat' dir='ltr'><strong>p.166)</strong></span> <span class='ocrx_word' id='word_1_179' title='bbox 435 3145 470 3182; x_wconf 79' lang='lat' dir='ltr'><strong>uu</strong></span> <span class='ocrx_word' id='word_1_180' title='bbox 486 3128 627 3183; x_wconf 87' lang='lat' dir='ltr'><strong>vendredi.</strong></span> <span class='ocrx_word' id='word_1_181' title='bbox 645 3132 762 3183; x_wconf 83' lang='lat' dir='ltr'><strong>Aueuue</strong></span> <span class='ocrx_word' id='word_1_182' title='bbox 775 3128 810 3183; x_wconf 89' lang='lat' dir='ltr'><strong>de</strong></span> <span class='ocrx_word' id='word_1_183' title='bbox 830 3144 875 3182; x_wconf 87' lang='lat' dir='ltr'><strong>ces</strong></span> <span class='ocrx_word' id='word_1_184' title='bbox 896 3126 968 3182; x_wconf 82' lang='lat' dir='ltr'><strong>deux</strong></span> <span class='ocrx_word' id='word_1_185' title='bbox 987 3127 1113 3183; x_wconf 82' lang='lat' dir='ltr'><strong>fimtions</strong></span> <span class='ocrx_word' id='word_1_186' title='bbox 1125 3145 1161 3182; x_wconf 92' lang='lat' dir='ltr'><strong>ne</strong></span> <span class='ocrx_word' id='word_1_187' title='bbox 1180 3127 1247 3182; x_wconf 83' lang='lat' dir='ltr'><strong>s’ac-</strong></span> 
     </span>
     <span class='ocr_line' id='line_1_25' title="bbox 198 3214 1147 3289; baseline 0 -19"><span class='ocrx_word' id='word_1_188' title='bbox 198 3216 275 3272; x_wconf 81' lang='lat' dir='ltr'><strong>eorde</strong></span> <span class='ocrx_word' id='word_1_189' title='bbox 285 3235 349 3272; x_wconf 80' lang='lat' dir='ltr'><strong>avec</strong></span> <span class='ocrx_word' id='word_1_190' title='bbox 362 3216 429 3272; x_wconf 87' lang='lat' dir='ltr'><strong>celle</strong></span> <span class='ocrx_word' id='word_1_191' title='bbox 443 3215 478 3271; x_wconf 89' lang='lat' dir='ltr'><strong>de</strong></span> <span class='ocrx_word' id='word_1_192' title='bbox 488 3217 590 3289; x_wconf 79' lang='lat' dir='ltr'><strong>Hugue</strong></span> <span class='ocrx_word' id='word_1_193' title='bbox 601 3215 637 3270; x_wconf 90' lang='lat' dir='ltr'><strong>de</strong></span> <span class='ocrx_word' id='word_1_194' title='bbox 652 3216 758 3284; x_wconf 85' lang='lat' dir='ltr'><strong>Fleuri,</strong></span> <span class='ocrx_word' id='word_1_195' title='bbox 772 3215 821 3289; x_wconf 92' lang='lat' dir='ltr'><strong>qui</strong></span> <span class='ocrx_word' id='word_1_196' title='bbox 835 3214 950 3289; x_wconf 89' lang='lat' dir='ltr'><strong>indique</strong></span> <span class='ocrx_word' id='word_1_197' title='bbox 964 3214 989 3270; x_wconf 88' lang='lat' dir='ltr'><strong>le</strong></span> <span class='ocrx_word' id='word_1_198' title='bbox 1002 3215 1147 3270; x_wconf 89' lang='lat' dir='ltr'><strong>mereredi.</strong></span> 
     </span>
    </p>
   </div>
   <div class='ocr_carea' id='block_1_5' title="bbox 192 3316 1255 4212">
    <p class='ocr_par' dir='ltr' id='par_1_8' title="bbox 199 3316 1250 3574">
     <span class='ocr_line' id='line_1_26' title="bbox 228 3316 1249 3392; baseline -0.006 -16"><span class='ocrx_word' id='word_1_199' title='bbox 228 3323 265 3392; x_wconf 69' lang='grc'><strong>(4)</strong></span> <span class='ocrx_word' id='word_1_200' title='bbox 277 3323 361 3376; x_wconf 86' lang='lat' dir='ltr'><strong>Leuis</strong></span> <span class='ocrx_word' id='word_1_201' title='bbox 369 3320 565 3377; x_wconf 84' lang='lat' dir='ltr'><strong>d’Outre-Mer</strong></span> <span class='ocrx_word' id='word_1_202' title='bbox 574 3321 692 3375; x_wconf 83' lang='lat' dir='ltr'><strong>termina</strong></span> <span class='ocrx_word' id='word_1_203' title='bbox 701 3337 730 3375; x_wconf 85' lang='lat' dir='ltr'><strong>sa</strong></span> <span class='ocrx_word' id='word_1_204' title='bbox 743 3318 886 3374; x_wconf 73' lang='lat' dir='ltr'><strong>miserable</strong></span> <span class='ocrx_word' id='word_1_205' title='bbox 896 3319 938 3373; x_wconf 84' lang='lat' dir='ltr'><strong>vie</strong></span> <span class='ocrx_word' id='word_1_206' title='bbox 950 3321 966 3372; x_wconf 73' lang='lat' dir='ltr'><strong>d</strong></span> <span class='ocrx_word' id='word_1_207' title='bbox 978 3317 1088 3384; x_wconf 80' lang='lat' dir='ltr'><strong>Reims‚</strong></span> <span class='ocrx_word' id='word_1_208' title='bbox 1104 3316 1128 3373; x_wconf 91' lang='lat' dir='ltr'><strong>le</strong></span> <span class='ocrx_word' id='word_1_209' title='bbox 1145 3337 1175 3371; x_wconf 86' lang='lat' dir='ltr'><strong>ro</strong></span> <span class='ocrx_word' id='word_1_210' title='bbox 1187 3335 1249 3389; x_wconf 87' lang='lat' dir='ltr'><strong>sep-</strong></span> 
     </span>
     <span class='ocr_line' id='line_1_27' title="bbox 199 3406 1250 3485; baseline -0.003 -23"><span class='ocrx_word' id='word_1_211' title='bbox 199 3410 300 3467; x_wconf 77' lang='lat' dir='ltr'><strong>tembre</strong></span> <span class='ocrx_word' id='word_1_212' title='bbox 320 3413 388 3485; x_wconf 68' lang='lat'><strong>954,</strong></span> <span class='ocrx_word' id='word_1_213' title='bbox 410 3410 459 3465; x_wconf 84' lang='lat' dir='ltr'><strong>des</strong></span> <span class='ocrx_word' id='word_1_214' title='bbox 476 3410 561 3465; x_wconf 84' lang='lat' dir='ltr'><strong>suites</strong></span> <span class='ocrx_word' id='word_1_215' title='bbox 580 3410 663 3465; x_wconf 90' lang='lat' dir='ltr'><strong>d‘une</strong></span> <span class='ocrx_word' id='word_1_216' title='bbox 675 3410 760 3465; x_wconf 88' lang='lat' dir='ltr'><strong>chute</strong></span> <span class='ocrx_word' id='word_1_217' title='bbox 779 3410 814 3463; x_wconf 92' lang='lat' dir='ltr'><strong>de</strong></span> <span class='ocrx_word' id='word_1_218' title='bbox 830 3407 938 3475; x_wconf 62' lang='lat' dir='ltr'><strong>cheul,</strong></span> <span class='ocrx_word' id='word_1_219' title='bbox 953 3419 980 3463; x_wconf 89' lang='lat' dir='ltr'><strong>et</strong></span> <span class='ocrx_word' id='word_1_220' title='bbox 994 3408 1036 3463; x_wconf 87' lang='lat' dir='ltr'><strong>lut</strong></span> <span class='ocrx_word' id='word_1_221' title='bbox 1055 3411 1165 3462; x_wconf 86' lang='lat' dir='ltr'><strong>enterre&#39;</strong></span> <span class='ocrx_word' id='word_1_222' title='bbox 1184 3406 1250 3460; x_wconf 83' lang='lat' dir='ltr'><strong>dans</strong></span> 
     </span>
     <span class='ocr_line' id='line_1_28' title="bbox 200 3497 493 3574; baseline 0.014 -24"><span class='ocrx_word' id='word_1_223' title='bbox 200 3497 295 3574; x_wconf 69' lang='lat' dir='ltr'><strong>l’eglise</strong></span> <span class='ocrx_word' id='word_1_224' title='bbox 308 3499 493 3556; x_wconf 78' lang='lat' dir='ltr'><strong>saint-Remi.</strong></span> 
     </span>
    </p>

    <p class='ocr_par' dir='ltr' id='par_1_9' title="bbox 192 3594 1255 4212">
     <span class='ocr_line' id='line_1_29' title="bbox 228 3594 1251 3671; baseline -0.005 -17"><span class='ocrx_word' id='word_1_225' title='bbox 228 3598 266 3671; x_wconf 84' lang='lat'><strong>(5)</strong></span> <span class='ocrx_word' id='word_1_226' title='bbox 279 3601 317 3655; x_wconf 84' lang='lat' dir='ltr'><strong>Le</strong></span> <span class='ocrx_word' id='word_1_227' title='bbox 331 3617 362 3654; x_wconf 70' lang='grc' dir='ltr'><strong>ια</strong></span> <span class='ocrx_word' id='word_1_228' title='bbox 376 3600 524 3655; x_wconf 87' lang='lat' dir='ltr'><strong>novembre</strong></span> <span class='ocrx_word' id='word_1_229' title='bbox 534 3599 650 3664; x_wconf 71' lang='lat' dir='ltr'><strong>suivant,</strong></span> <span class='ocrx_word' id='word_1_230' title='bbox 660 3598 789 3654; x_wconf 83' lang='lat' dir='ltr'><strong>Lothaire</strong></span> <span class='ocrx_word' id='word_1_231' title='bbox 801 3598 845 3653; x_wconf 84' lang='lat' dir='ltr'><strong>lut</strong></span> <span class='ocrx_word' id='word_1_232' title='bbox 857 3599 933 3651; x_wconf 83' lang='lat' dir='ltr'><strong>sacre</strong></span> <span class='ocrx_word' id='word_1_233' title='bbox 942 3595 1010 3649; x_wconf 77' lang='lat' dir='ltr'><strong>dans</strong></span> <span class='ocrx_word' id='word_1_234' title='bbox 1022 3594 1047 3649; x_wconf 80' lang='lat' dir='ltr'><strong>la</strong></span> <span class='ocrx_word' id='word_1_235' title='bbox 1059 3595 1149 3649; x_wconf 78' lang='lat' dir='ltr'><strong>meme</strong></span> <span class='ocrx_word' id='word_1_236' title='bbox 1158 3594 1251 3668; x_wconf 76' lang='lat' dir='ltr'><strong>eglise.</strong></span> 
     </span>
     <span class='ocr_line' id='line_1_30' title="bbox 198 3683 1252 3764; baseline -0.007 -19"><span class='ocrx_word' id='word_1_237' title='bbox 198 3689 451 3764; x_wconf 61' lang='lat' dir='ltr'><strong>HuquedeGrand</strong></span> <span class='ocrx_word' id='word_1_238' title='bbox 466 3692 536 3745; x_wconf 64' lang='lat' dir='ltr'><strong>aruit</strong></span> <span class='ocrx_word' id='word_1_239' title='bbox 552 3692 598 3745; x_wconf 75' lang='lat' dir='ltr'><strong>ete&#39;</strong></span> <span class='ocrx_word' id='word_1_240' title='bbox 615 3688 747 3745; x_wconf 85' lang='lat' dir='ltr'><strong>confirme&#39;</strong></span> <span class='ocrx_word' id='word_1_241' title='bbox 765 3686 814 3742; x_wconf 77' lang='lat' dir='ltr'><strong>des</strong></span> <span class='ocrx_word' id='word_1_242' title='bbox 824 3684 877 3760; x_wconf 69' lang='lat'><strong>945</strong></span> <span class='ocrx_word' id='word_1_243' title='bbox 897 3685 964 3739; x_wconf 83' lang='lat' dir='ltr'><strong>dans</strong></span> <span class='ocrx_word' id='word_1_244' title='bbox 979 3685 1004 3739; x_wconf 79' lang='lat' dir='ltr'><strong>lu</strong></span> <span class='ocrx_word' id='word_1_245' title='bbox 1018 3684 1127 3757; x_wconf 80' lang='lat' dir='ltr'><strong>diguite</strong></span> <span class='ocrx_word' id='word_1_246' title='bbox 1144 3683 1179 3740; x_wconf 90' lang='lat' dir='ltr'><strong>de</strong></span> <span class='ocrx_word' id='word_1_247' title='bbox 1198 3684 1252 3738; x_wconf 90' lang='lat' dir='ltr'><strong>duc</strong></span> 
     </span>
     <span class='ocr_line' id='line_1_31' title="bbox 197 3773 1253 3854; baseline -0.007 -18"><span class='ocrx_word' id='word_1_248' title='bbox 197 3778 229 3835; x_wconf 80' lang='lat' dir='ltr'><strong>(le</strong></span> <span class='ocrx_word' id='word_1_249' title='bbox 237 3780 353 3836; x_wconf 80' lang='lat' dir='ltr'><strong>Franoe.</strong></span> <span class='ocrx_word' id='word_1_250' title='bbox 367 3779 414 3836; x_wconf 88' lang='lat' dir='ltr'><strong>S’il</strong></span> <span class='ocrx_word' id='word_1_251' title='bbox 427 3799 461 3835; x_wconf 89' lang='lat' dir='ltr'><strong>en</strong></span> <span class='ocrx_word' id='word_1_252' title='bbox 472 3791 551 3854; x_wconf 76' lang='lat' dir='ltr'><strong>requt</strong></span> <span class='ocrx_word' id='word_1_253' title='bbox 564 3797 617 3833; x_wconf 90' lang='lat' dir='ltr'><strong>une</strong></span> <span class='ocrx_word' id='word_1_254' title='bbox 627 3777 753 3833; x_wconf 79' lang='lat' dir='ltr'><strong>nouvelle</strong></span> <span class='ocrx_word' id='word_1_255' title='bbox 764 3775 955 3830; x_wconf 80' lang='lat' dir='ltr'><strong>confirmation</strong></span> <span class='ocrx_word' id='word_1_256' title='bbox 968 3776 1047 3846; x_wconf 73' lang='lat' dir='ltr'><strong>apres</strong></span> <span class='ocrx_word' id='word_1_257' title='bbox 1059 3773 1085 3827; x_wconf 90' lang='lat' dir='ltr'><strong>le</strong></span> <span class='ocrx_word' id='word_1_258' title='bbox 1097 3790 1253 3829; x_wconf 87' lang='lat' dir='ltr'><strong>couronne·</strong></span> 
     </span>
     <span class='ocr_line' id='line_1_32' title="bbox 195 3862 1253 3940; baseline -0.006 -18"><span class='ocrx_word' id='word_1_259' title='bbox 195 3877 271 3922; x_wconf 83' lang='lat' dir='ltr'><strong>ment</strong></span> <span class='ocrx_word' id='word_1_260' title='bbox 289 3867 326 3922; x_wconf 87' lang='lat' dir='ltr'><strong>de</strong></span> <span class='ocrx_word' id='word_1_261' title='bbox 345 3868 487 3936; x_wconf 67' lang='lat' dir='ltr'><strong>Lemaire,</strong></span> <span class='ocrx_word' id='word_1_262' title='bbox 507 3887 539 3922; x_wconf 91' lang='lat' dir='ltr'><strong>ce</strong></span> <span class='ocrx_word' id='word_1_263' title='bbox 556 3886 591 3922; x_wconf 90' lang='lat' dir='ltr'><strong>ne</strong></span> <span class='ocrx_word' id='word_1_264' title='bbox 603 3877 654 3940; x_wconf 92' lang='lat' dir='ltr'><strong>put</strong></span> <span class='ocrx_word' id='word_1_265' title='bbox 674 3867 734 3921; x_wconf 73' lang='lat' dir='ltr'><strong>etre</strong></span> <span class='ocrx_word' id='word_1_266' title='bbox 747 3883 802 3938; x_wconf 90' lang='lat' dir='ltr'><strong>que</strong></span> <span class='ocrx_word' id='word_1_267' title='bbox 818 3881 890 3936; x_wconf 87' lang='lat' dir='ltr'><strong>pour</strong></span> <span class='ocrx_word' id='word_1_268' title='bbox 908 3862 933 3916; x_wconf 81' lang='lat' dir='ltr'><strong>la</strong></span> <span class='ocrx_word' id='word_1_269' title='bbox 949 3863 1048 3917; x_wconf 84' lang='lat' dir='ltr'><strong>forme.</strong></span> <span class='ocrx_word' id='word_1_270' title='bbox 1067 3863 1107 3918; x_wconf 90' lang='lat' dir='ltr'><strong>Ce</strong></span> <span class='ocrx_word' id='word_1_271' title='bbox 1125 3864 1253 3935; x_wconf 76' lang='lat' dir='ltr'><strong>seigneur</strong></span> 
     </span>
     <span class='ocr_line' id='line_1_33' title="bbox 193 3952 1255 4028; baseline -0.007 -15"><span class='ocrx_word' id='word_1_272' title='bbox 193 3959 271 4012; x_wconf 70' lang='lat' dir='ltr'><strong>etant</strong></span> <span class='ocrx_word' id='word_1_273' title='bbox 289 3968 363 4013; x_wconf 87' lang='lat' dir='ltr'><strong>mort</strong></span> <span class='ocrx_word' id='word_1_274' title='bbox 382 3957 557 4023; x_wconf 67' lang='lat' dir='ltr'><strong>leonidas,</strong></span> <span class='ocrx_word' id='word_1_275' title='bbox 572 3957 597 4011; x_wconf 90' lang='lat' dir='ltr'><strong>le</strong></span> <span class='ocrx_word' id='word_1_276' title='bbox 620 3955 651 4012; x_wconf 82' lang='lat'><strong>16</strong></span> <span class='ocrx_word' id='word_1_277' title='bbox 666 3956 730 4026; x_wconf 82' lang='lat' dir='ltr'><strong>juin</strong></span> <span class='ocrx_word' id='word_1_278' title='bbox 750 3953 817 4028; x_wconf 78' lang='lat'><strong>956,</strong></span> <span class='ocrx_word' id='word_1_279' title='bbox 831 3971 881 4008; x_wconf 86' lang='lat' dir='ltr'><strong>son</strong></span> <span class='ocrx_word' id='word_1_280' title='bbox 902 3953 958 4020; x_wconf 82' lang='lat' dir='ltr'><strong>fils,</strong></span> <span class='ocrx_word' id='word_1_281' title='bbox 974 3954 1077 4027; x_wconf 78' lang='lat' dir='ltr'><strong>Hugne</strong></span> <span class='ocrx_word' id='word_1_282' title='bbox 1095 3954 1197 4025; x_wconf 83' lang='lat' dir='ltr'><strong>Capet,</strong></span> <span class='ocrx_word' id='word_1_283' title='bbox 1211 3952 1255 4007; x_wconf 86' lang='lat' dir='ltr'><strong>lut</strong></span> 
     </span>
     <span class='ocr_line' id='line_1_34' title="bbox 193 4041 1252 4122; baseline -0.008 -19"><span class='ocrx_word' id='word_1_284' title='bbox 193 4049 309 4115; x_wconf 75' lang='lat' dir='ltr'><strong>investi,</strong></span> <span class='ocrx_word' id='word_1_285' title='bbox 328 4054 362 4104; x_wconf 77' lang='lat' dir='ltr'><strong>en</strong></span> <span class='ocrx_word' id='word_1_286' title='bbox 376 4048 443 4122; x_wconf 82' lang='lat'>960,</span> <span class='ocrx_word' id='word_1_287' title='bbox 462 4048 500 4105; x_wconf 91' lang='lat' dir='ltr'><strong>du</strong></span> <span class='ocrx_word' id='word_1_288' title='bbox 513 4048 604 4103; x_wconf 79' lang='lat' dir='ltr'><strong>duche</strong></span> <span class='ocrx_word' id='word_1_289' title='bbox 621 4048 656 4102; x_wconf 91' lang='lat' dir='ltr'><strong>de</strong></span> <span class='ocrx_word' id='word_1_290' title='bbox 668 4048 789 4113; x_wconf 83' lang='lat' dir='ltr'><strong>Fraoce,</strong></span> <span class='ocrx_word' id='word_1_291' title='bbox 804 4045 852 4101; x_wconf 86' lang='lat' dir='ltr'><strong>des</strong></span> <span class='ocrx_word' id='word_1_292' title='bbox 863 4047 967 4099; x_wconf 77' lang='lat' dir='ltr'><strong>comtes</strong></span> <span class='ocrx_word' id='word_1_293' title='bbox 982 4043 1016 4099; x_wconf 85' lang='lat' dir='ltr'><strong>de</strong></span> <span class='ocrx_word' id='word_1_294' title='bbox 1030 4043 1106 4098; x_wconf 83' lang='lat' dir='ltr'><strong>Paris</strong></span> <span class='ocrx_word' id='word_1_295' title='bbox 1125 4053 1153 4097; x_wconf 84' lang='lat' dir='ltr'><strong>et</strong></span> <span class='ocrx_word' id='word_1_296' title='bbox 1166 4041 1252 4097; x_wconf 88' lang='lat' dir='ltr'><strong>d’Or·</strong></span> 
     </span>
     <span class='ocr_line' id='line_1_35' title="bbox 192 4134 977 4212; baseline -0.009 -19"><span class='ocrx_word' id='word_1_297' title='bbox 192 4137 285 4206; x_wconf 79' lang='lat' dir='ltr'><strong>le‘am,</strong></span> <span class='ocrx_word' id='word_1_298' title='bbox 301 4149 327 4192; x_wconf 75' lang='lat' dir='ltr'><strong>rt</strong></span> <span class='ocrx_word' id='word_1_299' title='bbox 339 4137 387 4193; x_wconf 80' lang='lat' dir='ltr'><strong>des</strong></span> <span class='ocrx_word' id='word_1_300' title='bbox 401 4137 515 4210; x_wconf 71' lang='lat' dir='ltr'><strong>abliayes</strong></span> <span class='ocrx_word' id='word_1_301' title='bbox 527 4157 580 4212; x_wconf 85' lang='lat' dir='ltr'><strong>que</strong></span> <span class='ocrx_word' id='word_1_302' title='bbox 596 4155 644 4192; x_wconf 89' lang='lat' dir='ltr'><strong>son</strong></span> <span class='ocrx_word' id='word_1_303' title='bbox 657 4138 722 4209; x_wconf 72' lang='lat' dir='ltr'><strong>pere</strong></span> <span class='ocrx_word' id='word_1_304' title='bbox 737 4135 809 4190; x_wconf 75' lang='lat' dir='ltr'><strong>avait</strong></span> <span class='ocrx_word' id='word_1_305' title='bbox 824 4134 977 4207; x_wconf 71' lang='lat' dir='ltr'><strong>possidius.</strong></span> 
     </span>
    </p>
   </div>
   <div class='ocr_carea' id='block_1_6' title="bbox 0 0 1464 4920">
    <p class='ocr_par' dir='ltr' id='par_1_10' title="bbox 0 0 1464 4920">
     <span class='ocr_line' id='line_1_36' title="bbox 0 0 1464 4920; baseline 0 0"><span class='ocrx_word' id='word_1_306' title='bbox 0 0 1464 4920; x_wconf 95' lang='lat' dir='ltr'><strong> </strong></span> 
     </span>
    </p>
   </div>
  </div>
 </body>
</html>
