2888 4934
374 384 415 445 44
647 352 1156 447 444444444444444444444444.
1353 382 1427 461 {ou}

375 542 479 587 suum
501 531 628 587 contra
644 542 684 587 se
700 517 898 617 persuasit.
919 512 1130 584 Admodum
1150 515 1274 602 miror,
1295 512 1432 586 domim

376 634 428 703 mi
442 659 525 721 rex,
547 633 648 731 quod
660 635 925 733 paeteritorum
942 633 1049 702 nimis
1067 633 1251 703 immemor
1269 657 1317 705 es.
1340 630 1432 705 Satis

375 749 541 823 omnibus
556 750 623 821 sub
638 752 725 823 coto
734 753 857 851 patuit
876 752 1012 848 (neque
1027 750 1121 820 euim
1139 745 1434 845 tantumfaciuus

374 873 412 939 iu
424 867 551 939 abdito
560 875 766 969 perpetrari
771 869 908 967 potuit)
927 864 1026 967 quod
1039 866 1229 954 Hobertus,
1240 882 1352 966 pater
1362 866 1436 939 Hu-

371 986 481 1083 gonis
501 985 575 1081 (1),
599 985 755 1057 traditor
765 982 867 1082 fuit,
891 1001 924 1056 et
951 1001 1077 1055 contra
1101 983 1275 1056 Carolum
1293 1000 1435 1085 patrem

376 1117 475 1172 tuum
494 1100 693 1189 rebellavit,
715 1118 889 1201 raptoque
905 1100 1115 1172 diademate
1128 1101 1300 1201 perjurus
1313 1116 1437 1173 contra

375 1218 563 1291 douiimtm
581 1245 685 1290 suum
702 1227 900 1318 pugnavit,
926 1234 959 1288 et
980 1218 1018 1287 in
1035 1215 1130 1287 bello
1146 1242 1345 1315 percussus
1366 1242 1437 1289 me-

375 1338 442 1407 rito
452 1337 574 1436 periit.
592 1337 662 1409 His
675 1335 919 1409 molitionibus
933 1340 1044 1432 Hugo
1058 1330 1231 1431 interficit,
1246 1348 1283 1405 et
1294 1348 1330 1404 te
1341 1337 1441 1435 apud

374 1450 621 1523 Edelstauum
637 1476 757 1549 regem
776 1449 994 1523 avunculum
1011 1466 1110 1520 tuum
1128 1453 1166 1519 ia
1182 1446 1329 1547 Anglia
1345 1472 1438 1521 eau-

377 1567 489 1658 144444,
498 1584 635 1669 septem
646 1574 754 1641 amris
767 1567 933 1640 Galliam
944 1566 1174 1665 turbatus).
1185 1566 1438 1666 Numquidss)

377 1684 459 1759 luce
479 1686 618 1759 clarius
641 1689 741 1757 omui
759 1703 904 1758 sensato
927 1689 1087 1785 patescit
1109 1684 1211 1784 quod
1230 1686 1346 1782 regiae
1362 1710 1439 1757 ma-

369 1803 517 1903 jestatis
544 1829 624 1876 reus
649 1805 791 1892 existit,
818 1806 883 1902 qui
910 1806 989 1899 regi
1010 1801 1191 1873 malitiose
1216 1802 1383 1901 suggerit
1405 1817 1440 1872 ut

371 1923 533 2024 propriis
550 1922 654 1994 rebus
673 1921 868 2021 spoliatus,
889 1921 1091 1993 dourinium
1109 1946 1213 1990 suum
1230 1922 1436 2009 imminuat,

372 2056 410 2110 44
438 2041 578 2112 inimici
602 2045 660 2112 sui
685 2042 783 2112 uires
810 2038 948 2111 sibimet
969 2039 1196 2134 pemiciosas
1226 2034 1438 2137 adaugeat?

376 2154 484 2232 Absit
500 2161 593 2231 utin
610 2159 748 2231 ducatu
765 2158 1005 2231 Normartnite
1023 2155 1189 2256 quislibet
1205 2158 1439 2257 participium

372 2281 523 2377 capiat,
543 2275 611 2347 sed
625 2275 725 2348 solus
743 2302 810 2346 rea·
829 2276 1058 2346 Francorum
1076 2272 1242 2346 omnibus
1258 2272 1439 2347 Norman·

376 2395 434 2467 nis
446 2394 522 2485 sibi
535 2393 766 2493 gratulanter
766 2390 986 2491 faventibus
999 2392 1222 2494 proesideat!

425 2510 488 2583 His
514 2509 661 2597 auditis,
686 2534 749 2582 rex
778 2512 904 2582 anxius
925 2512 1037 2583 iactus
1062 2527 1113 2584 est
1136 2508 1180 2583 de
1202 2507 1323 2598 dono,
1347 2506 1440 2610 quod

376 2630 520 2731 Hugoni
540 2654 614 2703 non
639 2629 781 2729 roganti
804 2644 931 2728 sponte
950 2655 1009 2700 sua
1032 2628 1179 2728 largitus
1199 2642 1271 2715 est;
1291 2648 1441 2727 cumque

376 2749 567 2823 consilium
587 2763 767 2847 quaereret
792 2744 879 2847 quid
907 2746 990 2818 inde
1014 2769 1119 2846 agere
1138 2742 1305 2831 (14144444,
1329 2740 1441 2817 44441-

374 2866 479 2965 pellis
507 2867 627 2939 Danus
653 2881 801 2963 repente
832 2862 1020 2962 persuadet
1048 2878 1088 2935 ut
1118 2862 1239 2935 omnia
1270 2860 1439 2960 promissa

375 2981 586 3083 denegando
607 2984 749 3080 penitus
771 2982 874 3053 irrita
896 2983 1046 3066 1444444,
1070 2980 1294 3080 imperioque
1312 2976 1439 3051 4414441

375 3100 566 3199 1144444444
584 3097 629 3171 414
645 3097 832 3172 obsidione
844 3097 1056 3172 Oximorum
1074 3096 1173 3170 abire
1189 3094 1439 3195 compelleret,

375 3232 413 3288 44
435 3216 463 3290 si
488 3231 672 3315 praecepto
694 3214 809 3287 adhuc
833 3214 978 3288 441441114
999 3206 1221 3315 persister‘et,
1242 3214 1442 3288 4444444414

375 3334 542 3407 omnium
554 3332 668 3405 virtus
684 3328 782 3405 144114
797 3329 931 3405 ibidem
944 3330 1048 3404 illum
1061 3333 1262 3431 impeteret.
1282 3326 1342 3402 Ad
1354 3327 1442 3402 14444

409 3626 450 3697 (4)
467 3623 589 3692 11414444,
609 3620 754 3676 41444ὶὲ444
766 3620 804 3675 du
821 3621 1157 3691 44444144414144444,
1177 3621 1218 3677 fils
1230 3621 1266 3677 de
1284 3620 1441 3679 1141444414-

376 3714 461 3784 Post,
475 3712 518 3769 441
530 3712 566 3768 de
578 3710 686 3768 anoe
697 3712 708 3781 (
714 3710 821 3785 4914144
832 3712 934 3786 pua-15
942 3709 1096 3785 1414943).

411 3800 769 3875 (4)14441441’04444·1144,
784 3804 821 3858 ni
837 3820 873 3858 44
885 3818 955 3877 φο,
970 3802 1060 3858 4441414
1074 3804 1139 3875 pris
1151 3800 1187 3857 de
1204 3819 1254 3857 444
1268 3799 1350 3857 44414
1362 3796 1443 3857 sod·

376 3902 439 3951 1144
449 3892 567 3949 environ
579 3892 664 3947 444144
674 3909 725 3945 444
736 3892 852 3967 (depuis
864 3891 890 3946 14
900 3894 1031 3967 captivit&
1041 3891 1082 3947 du
1093 3894 1136 3948 441
1151 3890 1282 3959 Charin,
1294 3908 1347 3947 444
1359 3892 1436 3964 pere,

461 3976 614 4040 ''¹²¹¹m’en
622 3976 802 4057 95⁶,ipoque
809 3982 845 4039 de
856 4001 907 4038 444
918 3980 1302 4056 444444444444(41,444,14
1316 3980 1441 4055 491414).

562 4066 769 4125 Ι4444441141444
781 4090 819 4144 pu
832 4070 970 4145 4444144414
983 4072 1068 4127 444144
1082 4090 1130 4127 ans
1141 4089 1175 4126 au
1188 4070 1244 4126 1144
1257 4069 1292 4125 de
1302 4078 1374 4143 sept.

577 4170 679 4213 m
687 4158 771 4229 qu’w
784 4160 840 4215 1144
852 4159 888 4216 de
899 4180 932 4215 44
945 4171 1017 4226 mot,
1034 4179 1070 4216 on
1083 4160 1143 4215 doit
1155 4159 1207 4214 1144
1219 4160 1271 4213 ici:
1287 4159 1400 4215 Nouae.
