2888 4934
288 392 349 452 576
565 386 752 448 HISTORIA
773 383 1080 475 tcctssstlstlcl.
1103 387 1262 464 [antonno
1277 387 1369 462 1098]

288 522 375 595 tiani
389 519 673 608 constituerunt,
691 535 727 592 et
746 544 828 620 quae
849 517 894 592 ad
908 518 1049 592 cultum
1064 542 1162 592 verae
1175 518 1369 617 religionis

287 634 508 724 attinebant,
533 635 582 708 ibi
600 635 872 709 ordinaverunt.
891 635 1028 709 Praesul
1053 635 1270 709 Albarensis
1291 634 1369 705 An-

288 754 459 829 tiochiam
477 755 603 825 missus
619 768 689 843 est,
706 752 827 853 ibique
844 750 1041 826 secundnm
1060 753 1238 827 Ecclesiae
1255 753 1367 825 ritum

288 875 396 973 digne
413 887 641 945 consecratus
653 886 718 944 est.

338 990 663 1090 Appropinquantc
677 987 844 1061 condicto
859 1005 1024 1090 tempore
1038 992 1092 1090 (1)
1106 992 1185 1090 jam
1203 987 1316 1061 enndi
1331 989 1365 1059 in

288 1108 505 1197 Jerusalem,
529 1122 779 1179 convenerunt
803 1132 929 1179 omnes
950 1107 1140 1206 optimates
1166 1108 1207 1179 in
1232 1105 1368 1178 Antio-

291 1225 426 1314 chiam,
445 1240 481 1297 et
499 1239 691 1321 coeperunt
703 1248 829 1295 omnes
841 1222 885 1296 de
901 1224 1105 1298 imminenti
1126 1225 1282 1324 negotio
1298 1222 1367 1295 dis·

291 1367 429 1425 serere,
452 1365 498 1414 ne
516 1340 666 1412 ulterius
687 1338 980 1414 disturbarentur
1000 1340 1211 1414 abitinere.
1230 1340 1367 1414 Verum

293 1459 493 1558 insopibilis
508 1459 693 1531 altercatio
708 1456 753 1530 de
776 1456 963 1531 dominatu
983 1461 1136 1533 civitatis
1157 1461 1259 1533 inter
1274 1460 1369 1530 Bua-

292 1574 470 1650 mundum
490 1573 619 1647 ducem
636 1590 673 1645 et
689 1572 932 1646 Raimundum
950 1577 1121 1649 comitem
1138 1592 1243 1665 erat,
1263 1602 1368 1676 qnam

292 1693 471 1790 majorum
486 1705 573 1762 natu
585 1689 713 1787 peritia
727 1689 850 1761 multis
861 1706 899 1763 et
912 1688 1098 1788 profundis
1111 1692 1367 1764 commonitio·

294 1806 400 1879 nibus
411 1829 638 1903 compescere
648 1803 833 1904 nequibat.
847 1806 948 1879 Unus
960 1804 1255 1879 dominationem
1264 1806 1366 1878 totius

295 1923 414 2009 urbis,
438 1925 528 1994 sicut
545 1923 576 1995 ci
596 1947 801 1995 concessum
816 1921 952 2010 suerat,
970 1921 1056 1994 dum
1075 1948 1144 1996 neo
1158 1940 1265 2022 capta
1284 1924 1365 1995 ciri-

295 2057 347 2113 tas
374 2037 613 2124 obsideretur,
651 2035 871 2136 requirebat.
905 2036 1011 2111 Alter
1042 2062 1130 2111 vero
1167 2063 1364 2110 sacramen·

295 2173 372 2228 tum
386 2155 462 2254 (a),
480 2169 591 2252 prout
604 2153 677 2251 ipse
695 2152 925 2228 Bnamundus
943 2154 1234 2246 collaudaverat,
1256 2154 1364 2252 impe-

295 2272 408 2345 ratori
450 2273 627 2360 fecerant,
670 2270 936 2368 praetendehat;
969 2296 1037 2344 nec
1077 2272 1263 2345 ullatenus
1303 2296 1363 2369 pm

294 2383 506 2470 devitando,
537 2401 578 2455 ut
606 2385 803 2475 asserebat,
840 2388 999 2487 perjurio
1025 2387 1183 2460 emolliri
1211 2403 1362 2486 poterat.

295 2501 526 2576 Buamundus
544 2504 662 2603 itaque
673 2506 874 2594 castellum,
887 2504 985 2605 quod
999 2507 1031 2577 ei
1044 2503 1230 2578 redditum
1244 2507 1363 2590 luerat,

296 2622 453 2696 munivit
466 2621 645 2695 alimentis
661 2639 698 2694 et
714 2621 941 2711 hominibus,
960 2625 1069 2695 armis
1088 2640 1125 2696 et
1141 2622 1364 2697 excubitori-

294 2740 375 2813 bus.
404 2739 531 2811 Comes
563 2738 729 2812 similiter
763 2741 936 2840 palatium
973 2740 1127 2812 Cassiani
1154 2739 1362 2827 Admiralii,

296 2857 392 2960 quod
412 2874 745 2956 praeoccupaverat,
762 2874 798 2930 ct
816 2875 973 2948 turrem,
994 2883 1074 2958 quae
1091 2883 1203 2956 super
1223 2874 1365 2957 pontem

295 2992 388 3049 esta
415 2975 528 3047 Portu
551 2975 671 3046 Sancti
702 2975 898 3062 Simeonis,
927 3000 1156 3073 summopere
1190 2973 1362 3048 servabat.

295 3096 421 3165 Tantoe
436 3108 540 3165 erant
556 3089 771 3164 ambitiones
784 3108 821 3164 et
833 3092 1046 3180 simultates,
1063 3109 1104 3164 ut
1119 3108 1251 3165 neuter
1267 3092 1365 3164 alteri

295 3209 477 3297 crederet,
503 3224 584 3283 uter
608 3208 674 3281 sub
697 3210 839 3307 palliata
866 3209 1064 3282 ambitione
1091 3210 1277 3283 civitatem
1302 3207 1364 3280 sibi

294 3343 501 3402 attentaret.
542 3325 616 3398 Nec
652 3327 807 3417 mirum,
844 3343 1020 3426 quantum
1052 3325 1097 3398 ad
1127 3328 1310 3400 honorem
1333 3341 1366 3397 et

294 3448 501 3520 utilitatem.
521 3443 712 3516 Antiochia
729 3443 906 3545 siquidem
921 3446 1044 3516 civitas
1057 3460 1110 3515 est
1123 3444 1365 3541 pulcherrima

294 3580 330 3637 et
354 3562 591 3635 munitissima
614 3577 649 3633 et
672 3562 901 3660 copiosorum
929 3559 1136 3633 reddituum
1162 3561 1365 3659 opulentis-

294 3682 394 3752 sima.
415 3680 507 3751 Sunt
525 3679 615 3750 inira
636 3680 747 3777 ipsam
769 3696 925 3780 quatuor
941 3694 1144 3751 montanea>
1163 3678 1248 3751 satis
1267 3678 1364 3768 altae,

294 3798 332 3866 in
364 3822 517 3895 quarum
544 3822 632 3884 una,
663 3795 865 3870 sublimiori
896 3797 1048 3884 scilicet,
1081 3796 1273 3869 castellum
1297 3811 1362 3882 est,

1262 3965 1365 3984 ..n-nd

330 4065 370 4137 (a)
384 4065 419 4118 Le
436 4076 469 4116 ν’
485 4067 644 4124 novembro.

331 4155 370 4227 (a)
383 4152 499 4225 Ajottlrz
514 4174 520 4207 :
535 4155 619 4229 qrtod.
