2888 4934
184 422 243 481 352
456 423 641 484 HISTORIA
666 421 970 482 ECCLESIASTICA.
1146 420 1253 497 [1090]

181 552 425 652 praecellebat.
445 555 477 626 ls
495 582 577 628 cum
595 579 679 653 rege
696 553 740 626 de
758 553 929 626 tradenda
948 554 1091 627 civitate
1108 567 1254 650 pactum

180 669 329 756 fecerat,
352 685 387 739 et
405 668 586 742 immensis
604 669 733 768 opibus
754 669 906 756 ditatus,
929 671 964 740 in
983 667 1074 740 urbe
1090 664 1253 766 vigebat,

184 786 439 885 ingentemque
464 786 623 859 militum
653 803 689 860 et
716 787 910 859 satellitum
933 786 1102 858 familiam
1129 799 1255 857 contra

183 902 311 976 ducem
336 902 497 1002 turgidus
510 905 645 1003 jugiter
669 904 848 1002 pascebat.
868 905 1023 975 Maxima
1040 930 1125 1002 pars
1144 899 1256 973 urba-

183 1046 316 1093 norum
334 1018 450 1091 eidem
467 1019 755 1120 adquiesccbant.
772 1021 948 1093 Nonnulli
969 1037 1089 1092 tamen
1103 1044 1177 1118 pro
1191 1016 1257 1089 fide

185 1135 267 1208 duci
281 1136 452 1209 servanda
469 1138 700 1225 resistebant,
716 1155 752 1209 et
765 1139 981 1235 opportunis
996 1135 1258 1236 tergiversatio·

184 1254 290 1325 nibus
303 1253 510 1326 detestabile
522 1256 658 1326 lacinus
674 1254 929 1350 impediebant.
946 1255 1128 1325 Caeterum
1144 1251 1256 1323 Cona-

188 1398 267 1456 nus,
281 1370 324 1442 de
336 1397 483 1444 suorum
498 1397 675 1444 consensu
686 1371 948 1444 contribulium
961 1396 1120 1458 securae,
1139 1368 1257 1441 termi-

187 1515 276 1561 num
306 1491 511 1577 ommutuit,
542 1489 671 1589 dieque
702 1506 836 1561 statuto
865 1490 1064 1561 exercitum
1094 1487 1190 1585 regis
1218 1483 1259 1556 dc

188 1609 378 1694 GornacO,
396 1608 545 1706 aliisque
564 1605 744 1705 regalibus
763 1609 885 1678 castris
902 1606 1083 1692 accersiit,
1104 1621 1140 1676 et
1156 1604 1261 1674 Roto-

188 1751 335 1823 magum
360 1726 548 1797 confestim
568 1726 693 1796 venire
719 1726 903 1823 praecepit.
927 1726 1008 1796 Dux
1032 1738 1173 1807 autem,
1200 1716 1259 1791 nbi

189 1860 324 1914 tantam
349 1860 473 1916 contra
498 1868 534 1915 se
559 1843 863 1916 machinationem
881 1842 1090 1940 comperiit,
1110 1839 1257 1923 amicos,

192 1961 228 2032 in
255 1958 385 2059 quibus
404 1959 628 2050 confidebat,
657 1960 701 2031 ad
719 1986 755 2032 se
772 1961 1001 2032 convocavit.
1026 1959 1131 2029 Tunc
1157 1959 1260 2029 etiam

190 2106 272 2151 cum
290 2080 448 2151 Henrico
465 2078 576 2150 fratre
599 2104 683 2168 suo,
703 2094 837 2149 etcum
855 2077 932 2148 aliis
948 2073 1185 2176 quibusdam,
1203 2071 1260 2172 qui

191 2195 237 2267 ab
260 2222 303 2268 eo
321 2194 563 2283 desciverant,
584 2194 700 2268 foedus
724 2196 891 2266 amicitiae
916 2194 1071 2292 pepigit,
1099 2208 1137 2263 ct
1160 2188 1260 2263 Guil-

192 2312 302 2384 lelmo
316 2314 439 2385 comiti
456 2312 684 2398 Ebroarum,
703 2328 739 2384 et
751 2312 937 2384 Rodberto
954 2311 1191 2394 Belesmcnsi,
1209 2323 1260 2379 at-

194 2461 264 2534 que.
286 2435 482 2508 Gnillclmo
499 2436 732 2521 llretoliensi,
750 2453 785 2507 ct
803 2435 970 2507 Gilberto
985 2438 999 2531 (
1010 2438 1040 2531 t)
1058 2434 1102 2506 dc
1119 2431 1259 2531 Aquila,

194 2553 342 2651 aliisque
367 2552 529 2625 fidelibus
547 2555 616 2624 suis
640 2552 897 2626 desolationem
919 2554 969 2622 sni
1001 2554 1068 2624 cita
1094 2551 1262 2649 legatione

194 2672 386 2743 intimavit,
407 2672 582 2743 Hernicus
608 2673 716 2769 igitur
733 2673 871 2769 primus
895 2672 924 2742 ei
953 2669 1133 2767 suppetias
1152 2665 1259 2749 venit,

193 2804 229 2858 et
249 2789 369 2885 primo
386 2787 583 2860 subsidium
606 2791 707 2860 fratri
733 2789 905 2875 contulit,
925 2786 1054 2860 deinde
1074 2783 1262 2858 vindictam

192 2904 350 2975 viriliter
370 2905 403 2974 in
420 2904 645 3001 proditorem
663 2906 836 2976 exercuit.

244 3019 368 3089 Tertio
378 3018 435 3089 dic
449 3019 669 3107 novembris,
683 3019 904 3091 Gislebertus
916 3016 1100 3116 tleAquila
1115 3016 1263 3088 militum

195 3147 349 3203 turmam
370 3132 469 3205 (lucis
486 3133 529 3204 ad
551 3138 737 3207 servitium
758 3135 879 3223 eluxit,
898 3152 932 3206 et
956 3162 1021 3233 per
1038 3152 1188 3233 pontem
1207 3132 1264 3202 Se·

195 3276 324 3349 quanae
338 3249 381 3321 ad
396 3253 584 3323 australem
605 3271 742 3351 partein
761 3255 815 3352 (a)
831 3254 930 3325 urbis
947 3253 1104 3325 accessit.
1124 3253 1169 3322 Et
1187 3268 1265 3321 tunc

194 3369 321 3439 exalia
342 3386 444 3467 parte
465 3370 658 3442 Rainaldus
672 3371 715 3444 de
732 3372 897 3444 Garenna
918 3374 973 3470 (ὅ)
992 3399 1075 3444 cum
1092 3396 1153 3443 occ
1177 3367 1265 3439 mili·

367 3521 598 3531 -·—-·-·-——-·-
768 3524 1042 3533 -—.--.⁴‚.....—--.--

231 3581 271 3649 (t)
286 3581 360 3634 Liscz
375 3605 380 3632 :
399 3582 565 3635 (litlebcrto.

232 3674 272 3736 (a)
285 3668 427 3724 Gislebcrt
439 3682 517 3725 entra
531 3671 599 3726 (lans
612 3672 636 3726 la
649 3674 738 3744 partie
753 3672 934 3727 ineridionale
948 3672 982 3726 de
993 3671 1020 3726 la
1029 3669 1093 3725 ville
1104 3689 1157 3743 par
1166 3669 1193 3723 le
1203 3676 1266 3741 pont

197 3757 245 3828 qui
259 3758 368 3811 eristait
382 3777 429 3812 sur
442 3759 467 3812 la
481 3760 563 3814 Scine
576 3761 643 3814 dans
657 3760 876 3834 l’cmplacement
890 3764 926 3815 οὺ
940 3761 960 3814 il
972 3761 1016 3814 lut
1028 3758 1199 3813 reconstruit
1210 3755 1265 3829 plus

196 3845 258 3899 tard
279 3866 329 3919 par
348 3847 544 3920 t’tmptratrice
563 3851 711 3907 lllathilde.
734 3853 796 3906 Non
816 3851 969 3905 seulement
985 3869 1016 3904 ce
1031 3859 1115 3921 pont,
1132 3848 1202 3900 niais
1215 3861 1265 3899 une

197 3937 310 4008 portion
323 3937 433 3993 notable
449 3939 484 3994 de
501 3941 525 3994 la
542 3961 592 3996 rue
606 3943 807 4010 (leand-Pom,
826 3945 930 3996 etaient
943 3940 1015 3995 alors
1027 3958 1061 3995 en
1076 3938 1181 3992 debora
1194 3936 1228 3989 dc
1242 3932 1263 3986 la

197 4023 269 4078 ville.

234 4111 274 4180 (ὅ)
293 4113 420 4168 Rainaud
438 4117 472 4171 de
491 4121 635 4188 Varcnne,
655 4122 756 4176 second
776 4122 818 4175 fils
834 4122 869 4176 ‹le
885 4119 1047 4176 Guillaume
1064 4119 1100 4174 de
1121 4119 1259 4178 Varenus,

198 4213 288 4257 n‘ttrite
302 4201 337 4255 tle
349 4205 460 4277 Surrry,
474 4210 541 4263 etait
553 4209 590 4262 tltt
607 4213 677 4283 parti
691 4212 726 4266 tle
739 4213 763 4266 G
770 4211 1048 4265 nillaurne-lc·Roux.
