<?xml version="1.0" encoding="UTF-8"?>
<!DOCTYPE html PUBLIC "-//W3C//DTD XHTML 1.0 Transitional//EN"
    "http://www.w3.org/TR/xhtml1/DTD/xhtml1-transitional.dtd">
<html xmlns="http://www.w3.org/1999/xhtml" xml:lang="en" lang="en">
 <head>
  <title>
</title>
<meta http-equiv="Content-Type" content="text/html;charset=utf-8" />
  <meta name='ocr-system' content='tesseract 3.04.00' />
  <meta name='ocr-capabilities' content='ocr_page ocr_carea ocr_par ocr_line ocrx_word'/>
</head>
<body>
  <div class='ocr_page' id='page_1' title='image "./ordericivitalis05deligoog/ordericivitalis05deligoog_0343.png"; bbox 0 0 2888 4934; ppageno 0'>
   <div class='ocr_carea' id='block_1_1' title="bbox 184 395 1252 477">
    <p class='ocr_par' dir='ltr' id='par_1_1' title="bbox 184 395 1252 477">
     <span class='ocr_line' id='line_1_1' title="bbox 184 395 1252 477; baseline 0.005 -22"><span class='ocrx_word' id='word_1_1' title='bbox 184 398 245 457; x_wconf 76' lang='lat' dir='ltr'><strong>aas</strong></span> <span class='ocrx_word' id='word_1_2' title='bbox 460 396 642 457; x_wconf 81' lang='lat' dir='ltr'><strong>nlsronn</strong></span> <span class='ocrx_word' id='word_1_3' title='bbox 665 395 969 457; x_wconf 70' lang='lat' dir='ltr'><strong>ecctnsnsrtcn</strong></span> <span class='ocrx_word' id='word_1_4' title='bbox 1142 401 1252 477; x_wconf 73' lang='lat' dir='ltr'><strong>[roso]</strong></span> 
     </span>
    </p>
   </div>
   <div class='ocr_carea' id='block_1_2' title="bbox 182 527 1251 755">
    <p class='ocr_par' dir='ltr' id='par_1_2' title="bbox 182 527 1251 755">
     <span class='ocr_line' id='line_1_2' title="bbox 184 527 1251 628; baseline 0.003 -28"><span class='ocrx_word' id='word_1_5' title='bbox 184 546 338 603; x_wconf 84' lang='lat' dir='ltr'><strong>monetae</strong></span> <span class='ocrx_word' id='word_1_6' title='bbox 361 531 507 628; x_wconf 88' lang='lat' dir='ltr'><strong>recepit.</strong></span> <span class='ocrx_word' id='word_1_7' title='bbox 531 528 648 601; x_wconf 85' lang='lat' dir='ltr'><strong>Helias</strong></span> <span class='ocrx_word' id='word_1_8' title='bbox 670 552 755 600; x_wconf 89' lang='lat' dir='ltr'><strong>vero</strong></span> <span class='ocrx_word' id='word_1_9' title='bbox 776 527 963 601; x_wconf 73' lang='lat' dir='ltr'><strong>recedente</strong></span> <span class='ocrx_word' id='word_1_10' title='bbox 981 528 1114 626; x_wconf 79' lang='lat' dir='ltr'><strong>Ligure</strong></span> <span class='ocrx_word' id='word_1_11' title='bbox 1132 554 1251 603; x_wconf 83' lang='lat' dir='ltr'><strong>comes</strong></span> 
     </span>
     <span class='ocr_line' id='line_1_3' title="bbox 182 630 1249 755; baseline 0.002 -39"><span class='ocrx_word' id='word_1_12' title='bbox 182 645 498 719; x_wconf 75' lang='lat' dir='ltr'><strong>cenomannorum</strong></span> <span class='ocrx_word' id='word_1_13' title='bbox 514 647 625 719; x_wconf 80' lang='lat' dir='ltr'><strong>sactus</strong></span> <span class='ocrx_word' id='word_1_14' title='bbox 642 661 712 732; x_wconf 89' lang='lat' dir='ltr'><strong>est,</strong></span> <span class='ocrx_word' id='word_1_15' title='bbox 731 661 768 718; x_wconf 90' lang='lat' dir='ltr'><strong>et</strong></span> <span class='ocrx_word' id='word_1_16' title='bbox 785 670 834 717; x_wconf 82' lang='lat' dir='ltr'><strong>xx</strong></span> <span class='ocrx_word' id='word_1_17' title='bbox 851 630 954 718; x_wconf 80' lang='lat' dir='ltr'><strong>annis</strong></span> <span class='ocrx_word' id='word_1_18' title='bbox 972 644 1103 744; x_wconf 91' lang='lat' dir='ltr'><strong>adepto</strong></span> <span class='ocrx_word' id='word_1_19' title='bbox 1119 670 1249 755; x_wconf 83' lang='lat' dir='ltr'><strong>consu-</strong></span> 
     </span>
    </p>
   </div>
   <div class='ocr_carea' id='block_1_3' title="bbox 182 763 1257 3082">
    <p class='ocr_par' dir='ltr' id='par_1_3' title="bbox 182 763 1257 1913">
     <span class='ocr_line' id='line_1_4' title="bbox 184 763 1248 863; baseline 0.002 -31"><span class='ocrx_word' id='word_1_20' title='bbox 184 763 258 833; x_wconf 85' lang='lat' dir='ltr'><strong>latu</strong></span> <span class='ocrx_word' id='word_1_21' title='bbox 285 779 429 835; x_wconf 89' lang='lat' dir='ltr'><strong>strenue</strong></span> <span class='ocrx_word' id='word_1_22' title='bbox 446 764 583 861; x_wconf 88' lang='lat' dir='ltr'><strong>potitus</strong></span> <span class='ocrx_word' id='word_1_23' title='bbox 599 778 652 836; x_wconf 89' lang='lat' dir='ltr'><strong>est</strong></span> <span class='ocrx_word' id='word_1_24' title='bbox 673 764 742 860; x_wconf 87' lang='grc' dir='ltr'>(ι).</span> <span class='ocrx_word' id='word_1_25' title='bbox 766 763 876 834; x_wconf 86' lang='lat' dir='ltr'><strong>Heres</strong></span> <span class='ocrx_word' id='word_1_26' title='bbox 897 788 1041 863; x_wconf 89' lang='lat' dir='ltr'><strong>quoque</strong></span> <span class='ocrx_word' id='word_1_27' title='bbox 1064 763 1248 836; x_wconf 80' lang='lat' dir='ltr'><strong>socerisui</strong></span> 
     </span>
     <span class='ocr_line' id='line_1_5' title="bbox 182 878 1249 980; baseline 0.003 -30"><span class='ocrx_word' id='word_1_28' title='bbox 182 878 341 951; x_wconf 89' lang='lat' dir='ltr'><strong>Gervasii</strong></span> <span class='ocrx_word' id='word_1_29' title='bbox 371 880 415 951; x_wconf 92' lang='lat' dir='ltr'><strong>de</strong></span> <span class='ocrx_word' id='word_1_30' title='bbox 448 880 572 953; x_wconf 89' lang='lat' dir='ltr'><strong>Castro</strong></span> <span class='ocrx_word' id='word_1_31' title='bbox 604 881 721 978; x_wconf 78' lang='lat' dir='ltr'><strong>Ligeri</strong></span> <span class='ocrx_word' id='word_1_32' title='bbox 754 881 864 953; x_wconf 86' lang='lat' dir='ltr'><strong>sactus</strong></span> <span class='ocrx_word' id='word_1_33' title='bbox 898 895 974 970; x_wconf 79' lang='lat' dir='ltr'><strong>est,</strong></span> <span class='ocrx_word' id='word_1_34' title='bbox 1010 881 1108 980; x_wconf 89' lang='lat' dir='ltr'><strong>cujus</strong></span> <span class='ocrx_word' id='word_1_35' title='bbox 1140 880 1249 954; x_wconf 87' lang='lat' dir='ltr'><strong>filiam</strong></span> 
     </span>
     <span class='ocr_line' id='line_1_6' title="bbox 185 994 1247 1097; baseline 0.003 -31"><span class='ocrx_word' id='word_1_36' title='bbox 185 994 328 1082; x_wconf 88' lang='lat' dir='ltr'><strong>habuit,</strong></span> <span class='ocrx_word' id='word_1_37' title='bbox 354 1021 398 1069; x_wconf 82' lang='lat' dir='ltr'><strong>ex</strong></span> <span class='ocrx_word' id='word_1_38' title='bbox 416 1023 485 1096; x_wconf 88' lang='lat' dir='ltr'><strong>qua</strong></span> <span class='ocrx_word' id='word_1_39' title='bbox 509 996 621 1069; x_wconf 91' lang='lat' dir='ltr'><strong>filiam</strong></span> <span class='ocrx_word' id='word_1_40' title='bbox 642 997 789 1069; x_wconf 90' lang='lat' dir='ltr'><strong>nomine</strong></span> <span class='ocrx_word' id='word_1_41' title='bbox 816 996 1081 1096; x_wconf 79' lang='lat' dir='ltr'><strong>Eremburgem</strong></span> <span class='ocrx_word' id='word_1_42' title='bbox 1105 997 1247 1097; x_wconf 81' lang='lat' dir='ltr'><strong>genuit,</strong></span> 
     </span>
     <span class='ocr_line' id='line_1_7' title="bbox 184 1113 1247 1213; baseline 0.002 -29"><span class='ocrx_word' id='word_1_43' title='bbox 184 1140 293 1213; x_wconf 88' lang='lat' dir='ltr'><strong>quam</strong></span> <span class='ocrx_word' id='word_1_44' title='bbox 309 1113 446 1187; x_wconf 91' lang='lat' dir='ltr'><strong>domini</strong></span> <span class='ocrx_word' id='word_1_45' title='bbox 463 1115 515 1186; x_wconf 91' lang='lat' dir='ltr'><strong>sui</strong></span> <span class='ocrx_word' id='word_1_46' title='bbox 535 1113 609 1188; x_wconf 90' lang='lat' dir='ltr'><strong>filio</strong></span> <span class='ocrx_word' id='word_1_47' title='bbox 622 1114 786 1203; x_wconf 83' lang='lat' dir='ltr'><strong>Falconi,</strong></span> <span class='ocrx_word' id='word_1_48' title='bbox 806 1113 1086 1213; x_wconf 79' lang='lat' dir='ltr'><strong>Andegarorum</strong></span> <span class='ocrx_word' id='word_1_49' title='bbox 1097 1115 1247 1201; x_wconf 81' lang='lat' dir='ltr'><strong>comiti,</strong></span> 
     </span>
     <span class='ocr_line' id='line_1_8' title="bbox 186 1230 1251 1331; baseline 0.003 -31"><span class='ocrx_word' id='word_1_50' title='bbox 186 1230 222 1302; x_wconf 91' lang='lat' dir='ltr'><strong>in</strong></span> <span class='ocrx_word' id='word_1_51' title='bbox 233 1231 503 1304; x_wconf 83' lang='lat' dir='ltr'><strong>matrimonium</strong></span> <span class='ocrx_word' id='word_1_52' title='bbox 517 1231 697 1329; x_wconf 87' lang='lat' dir='ltr'><strong>copulavit</strong></span> <span class='ocrx_word' id='word_1_53' title='bbox 711 1231 780 1328; x_wconf 87' lang='lat'><strong>(2)</strong></span> <span class='ocrx_word' id='word_1_54' title='bbox 795 1231 910 1304; x_wconf 91' lang='lat' dir='ltr'><strong>Hicin</strong></span> <span class='ocrx_word' id='word_1_55' title='bbox 925 1247 1065 1330; x_wconf 88' lang='lat' dir='ltr'><strong>accepta</strong></span> <span class='ocrx_word' id='word_1_56' title='bbox 1078 1246 1251 1331; x_wconf 73' lang='lat' dir='ltr'><strong>potestate</strong></span> 
     </span>
     <span class='ocr_line' id='line_1_9' title="bbox 183 1347 1257 1448; baseline 0.004 -29"><span class='ocrx_word' id='word_1_57' title='bbox 183 1348 278 1420; x_wconf 89' lang='lat' dir='ltr'><strong>viam</strong></span> <span class='ocrx_word' id='word_1_58' title='bbox 299 1375 398 1421; x_wconf 87' lang='lat' dir='ltr'><strong>suam</strong></span> <span class='ocrx_word' id='word_1_59' title='bbox 421 1350 580 1422; x_wconf 86' lang='lat' dir='ltr'><strong>multum</strong></span> <span class='ocrx_word' id='word_1_60' title='bbox 601 1347 823 1436; x_wconf 80' lang='lat' dir='ltr'><strong>emendavit,</strong></span> <span class='ocrx_word' id='word_1_61' title='bbox 847 1364 885 1422; x_wconf 88' lang='lat' dir='ltr'><strong>et</strong></span> <span class='ocrx_word' id='word_1_62' title='bbox 904 1350 1096 1448; x_wconf 87' lang='lat' dir='ltr'><strong>multiplici</strong></span> <span class='ocrx_word' id='word_1_63' title='bbox 1119 1349 1257 1423; x_wconf 84' lang='lat' dir='ltr'><strong>virtute·</strong></span> 
     </span>
     <span class='ocr_line' id='line_1_10' title="bbox 183 1464 1251 1540; baseline 0.004 -4"><span class='ocrx_word' id='word_1_64' title='bbox 183 1464 320 1539; x_wconf 88' lang='lat' dir='ltr'><strong>floruit.</strong></span> <span class='ocrx_word' id='word_1_65' title='bbox 337 1467 483 1539; x_wconf 89' lang='lat' dir='ltr'><strong>Clerum</strong></span> <span class='ocrx_word' id='word_1_66' title='bbox 500 1483 535 1539; x_wconf 90' lang='lat' dir='ltr'><strong>et</strong></span> <span class='ocrx_word' id='word_1_67' title='bbox 553 1466 749 1539; x_wconf 81' lang='lat' dir='ltr'><strong>Ecclesiam</strong></span> <span class='ocrx_word' id='word_1_68' title='bbox 767 1465 832 1538; x_wconf 89' lang='lat' dir='ltr'><strong>Dei</strong></span> <span class='ocrx_word' id='word_1_69' title='bbox 848 1464 1075 1539; x_wconf 85' lang='lat' dir='ltr'><strong>laudabiliter</strong></span> <span class='ocrx_word' id='word_1_70' title='bbox 1090 1465 1251 1540; x_wconf 87' lang='lat' dir='ltr'><strong>honora-</strong></span> 
     </span>
     <span class='ocr_line' id='line_1_11' title="bbox 184 1580 1252 1680; baseline 0.004 -30"><span class='ocrx_word' id='word_1_71' title='bbox 184 1580 256 1668; x_wconf 88' lang='lat' dir='ltr'><strong>vit,</strong></span> <span class='ocrx_word' id='word_1_72' title='bbox 275 1597 312 1653; x_wconf 88' lang='lat' dir='ltr'><strong>et</strong></span> <span class='ocrx_word' id='word_1_73' title='bbox 329 1581 442 1653; x_wconf 83' lang='lat' dir='ltr'><strong>missis</strong></span> <span class='ocrx_word' id='word_1_74' title='bbox 456 1580 673 1679; x_wconf 88' lang='lat' dir='ltr'><strong>servitioque</strong></span> <span class='ocrx_word' id='word_1_75' title='bbox 688 1580 753 1654; x_wconf 88' lang='lat' dir='ltr'><strong>Dei</strong></span> <span class='ocrx_word' id='word_1_76' title='bbox 769 1580 930 1680; x_wconf 88' lang='lat' dir='ltr'><strong>quotidie</strong></span> <span class='ocrx_word' id='word_1_77' title='bbox 942 1582 1124 1654; x_wconf 74' lang='lat' dir='ltr'><strong>ferventer</strong></span> <span class='ocrx_word' id='word_1_78' title='bbox 1141 1581 1252 1654; x_wconf 83' lang='lat' dir='ltr'><strong>inter-</strong></span> 
     </span>
     <span class='ocr_line' id='line_1_12' title="bbox 183 1698 1253 1868; baseline 0.002 -100"><span class='ocrx_word' id='word_1_79' title='bbox 183 1698 263 1769; x_wconf 77' lang='lat' dir='ltr'><strong>fuir.</strong></span> <span class='ocrx_word' id='word_1_80' title='bbox 284 1699 457 1799; x_wconf 82' lang='lat' dir='ltr'><strong>subjectis</strong></span> <span class='ocrx_word' id='word_1_81' title='bbox 478 1699 685 1798; x_wconf 82' lang='lat' dir='ltr'><strong>aequitatem</strong></span> <span class='ocrx_word' id='word_1_82' title='bbox 705 1700 878 1784; x_wconf 85' lang='lat' dir='ltr'><strong>servavit,</strong></span> <span class='ocrx_word' id='word_1_83' title='bbox 903 1723 1098 1798; x_wconf 88' lang='lat' dir='ltr'><strong>pacemque</strong></span> <span class='ocrx_word' id='word_1_84' title='bbox 1116 1723 1253 1868; x_wconf 85' lang='lat' dir='ltr'><strong>paupe·</strong></span> 
     </span>
     <span class='ocr_line' id='line_1_13' title="bbox 186 1813 713 1913; baseline 0.002 -28"><span class='ocrx_word' id='word_1_85' title='bbox 186 1813 287 1886; x_wconf 90' lang='lat' dir='ltr'><strong>ribus</strong></span> <span class='ocrx_word' id='word_1_86' title='bbox 302 1841 370 1913; x_wconf 88' lang='lat' dir='ltr'><strong>pro</strong></span> <span class='ocrx_word' id='word_1_87' title='bbox 385 1841 487 1913; x_wconf 85' lang='lat' dir='ltr'><strong>posse</strong></span> <span class='ocrx_word' id='word_1_88' title='bbox 505 1841 569 1887; x_wconf 89' lang='lat' dir='ltr'><strong>suo</strong></span> <span class='ocrx_word' id='word_1_89' title='bbox 586 1816 713 1887; x_wconf 89' lang='lat' dir='ltr'><strong>tenuit.</strong></span> 
     </span>
    </p>

    <p class='ocr_par' dir='ltr' id='par_1_4' title="bbox 185 1931 1257 2588">
     <span class='ocr_line' id='line_1_14' title="bbox 234 1931 1257 2066; baseline 0.004 -64"><span class='ocrx_word' id='word_1_90' title='bbox 234 1931 317 2003; x_wconf 89' lang='lat' dir='ltr'><strong>Xll.</strong></span> <span class='ocrx_word' id='word_1_91' title='bbox 331 1935 456 2032; x_wconf 84' lang='lat'><strong>(1089.</strong></span> <span class='ocrx_word' id='word_1_92' title='bbox 461 1933 549 2032; x_wconf 78' lang='lat' dir='ltr'><strong>&gt;His</strong></span> <span class='ocrx_word' id='word_1_93' title='bbox 561 1932 802 2066; x_wconf 83' lang='lat' dir='ltr'><strong>temporibus</strong></span> <span class='ocrx_word' id='word_1_94' title='bbox 794 1960 832 2005; x_wconf 81' lang='lat' dir='ltr'><strong>tn</strong></span> <span class='ocrx_word' id='word_1_95' title='bbox 844 1932 1067 2005; x_wconf 85' lang='lat' dir='ltr'><strong>Normannia</strong></span> <span class='ocrx_word' id='word_1_96' title='bbox 1084 1935 1257 2034; x_wconf 73' lang='lat' dir='ltr'><strong>nequitiae</strong></span> 
     </span>
     <span class='ocr_line' id='line_1_15' title="bbox 185 2048 1252 2151; baseline 0.003 -32"><span class='ocrx_word' id='word_1_97' title='bbox 185 2048 361 2122; x_wconf 86' lang='lat' dir='ltr'><strong>rabies</strong></span> <span class='ocrx_word' id='word_1_98' title='bbox 325 2052 478 2123; x_wconf 81' lang='lat' dir='ltr'><strong>nimium</strong></span> <span class='ocrx_word' id='word_1_99' title='bbox 502 2050 636 2135; x_wconf 88' lang='lat' dir='ltr'><strong>crevit,</strong></span> <span class='ocrx_word' id='word_1_100' title='bbox 664 2066 700 2121; x_wconf 90' lang='lat' dir='ltr'><strong>et</strong></span> <span class='ocrx_word' id='word_1_101' title='bbox 727 2052 763 2122; x_wconf 91' lang='lat' dir='ltr'><strong>in</strong></span> <span class='ocrx_word' id='word_1_102' title='bbox 787 2051 925 2123; x_wconf 89' lang='lat' dir='ltr'><strong>cunctis</strong></span> <span class='ocrx_word' id='word_1_103' title='bbox 954 2049 1211 2123; x_wconf 89' lang='lat' dir='ltr'><strong>climatibus</strong></span> <span class='ocrx_word' id='word_1_104' title='bbox 1181 2077 1252 2151; x_wconf 75' lang='lat' dir='ltr'><strong>ejus</strong></span> 
     </span>
     <span class='ocr_line' id='line_1_16' title="bbox 185 2165 1251 2266; baseline 0.002 -29"><span class='ocrx_word' id='word_1_105' title='bbox 185 2166 279 2239; x_wconf 86' lang='lat' dir='ltr'><strong>nitra</strong></span> <span class='ocrx_word' id='word_1_106' title='bbox 304 2167 453 2240; x_wconf 90' lang='lat' dir='ltr'><strong>modum</strong></span> <span class='ocrx_word' id='word_1_107' title='bbox 478 2165 713 2253; x_wconf 84' lang='lat' dir='ltr'><strong>redundavit,</strong></span> <span class='ocrx_word' id='word_1_108' title='bbox 733 2168 953 2266; x_wconf 80' lang='lat' dir='ltr'><strong>miserosque</strong></span> <span class='ocrx_word' id='word_1_109' title='bbox 979 2167 1137 2266; x_wconf 79' lang='lat' dir='ltr'><strong>regionis</strong></span> <span class='ocrx_word' id='word_1_110' title='bbox 1164 2165 1251 2242; x_wconf 71' lang='lat' dir='ltr'><strong>indi»</strong></span> 
     </span>
     <span class='ocr_line' id='line_1_17' title="bbox 186 2282 1255 2382; baseline 0.004 -28"><span class='ocrx_word' id='word_1_111' title='bbox 186 2283 555 2382; x_wconf 79' lang='lat' dir='ltr'><strong>genasmiserabiliter</strong></span> <span class='ocrx_word' id='word_1_112' title='bbox 567 2282 811 2357; x_wconf 85' lang='lat' dir='ltr'><strong>conturbavit.</strong></span> <span class='ocrx_word' id='word_1_113' title='bbox 826 2284 1022 2357; x_wconf 87' lang='lat' dir='ltr'><strong>Armorum</strong></span> <span class='ocrx_word' id='word_1_114' title='bbox 1036 2283 1166 2358; x_wconf 89' lang='lat' dir='ltr'><strong>crebra</strong></span> <span class='ocrx_word' id='word_1_115' title='bbox 1182 2285 1255 2358; x_wconf 86' lang='lat' dir='ltr'><strong>col·</strong></span> 
     </span>
     <span class='ocr_line' id='line_1_18' title="bbox 187 2397 1257 2500; baseline 0.002 -31"><span class='ocrx_word' id='word_1_116' title='bbox 187 2398 266 2470; x_wconf 90' lang='lat' dir='ltr'><strong>lisio</strong></span> <span class='ocrx_word' id='word_1_117' title='bbox 297 2399 334 2470; x_wconf 94' lang='lat' dir='ltr'><strong>in</strong></span> <span class='ocrx_word' id='word_1_118' title='bbox 355 2397 581 2472; x_wconf 83' lang='lat' dir='ltr'><strong>conflictibus</strong></span> <span class='ocrx_word' id='word_1_119' title='bbox 600 2397 777 2485; x_wconf 80' lang='lat' dir='ltr'><strong>frenduit,</strong></span> <span class='ocrx_word' id='word_1_120' title='bbox 798 2415 835 2472; x_wconf 90' lang='lat' dir='ltr'><strong>et</strong></span> <span class='ocrx_word' id='word_1_121' title='bbox 857 2400 1058 2471; x_wconf 90' lang='lat' dir='ltr'><strong>multorum</strong></span> <span class='ocrx_word' id='word_1_122' title='bbox 1082 2401 1257 2500; x_wconf 77' lang='lat' dir='ltr'><strong>sanguine·</strong></span> 
     </span>
     <span class='ocr_line' id='line_1_19' title="bbox 189 2515 465 2588; baseline -0.004 0"><span class='ocrx_word' id='word_1_123' title='bbox 189 2516 297 2588; x_wconf 88' lang='lat' dir='ltr'><strong>tellus</strong></span> <span class='ocrx_word' id='word_1_124' title='bbox 315 2515 465 2587; x_wconf 89' lang='lat' dir='ltr'><strong>maduit.</strong></span> 
     </span>
    </p>

    <p class='ocr_par' dir='ltr' id='par_1_5' title="bbox 187 2633 1253 3082">
     <span class='ocr_line' id='line_1_20' title="bbox 238 2633 1252 2735; baseline 0.002 -29"><span class='ocrx_word' id='word_1_125' title='bbox 238 2633 1252 2735; x_wconf 82' lang='lat' dir='ltr'><strong>AnnosecundoposquamrexGuilielmuaobiit(3),Asce-</strong></span> 
     </span>
     <span class='ocr_line' id='line_1_21' title="bbox 189 2748 1249 2849; baseline -0.003 -27"><span class='ocrx_word' id='word_1_126' title='bbox 189 2751 281 2822; x_wconf 88' lang='lat' dir='ltr'><strong>linus</strong></span> <span class='ocrx_word' id='word_1_127' title='bbox 298 2751 352 2848; x_wconf 70' lang='lat' dir='ltr'><strong>(A)</strong></span> <span class='ocrx_word' id='word_1_128' title='bbox 375 2767 618 2849; x_wconf 80' lang='lat' dir='ltr'><strong>cognomento</strong></span> <span class='ocrx_word' id='word_1_129' title='bbox 642 2750 789 2823; x_wconf 82' lang='lat' dir='ltr'><strong>Goeilus</strong></span> <span class='ocrx_word' id='word_1_130' title='bbox 810 2749 1005 2822; x_wconf 90' lang='lat' dir='ltr'><strong>Guillelmo</strong></span> <span class='ocrx_word' id='word_1_131' title='bbox 1018 2748 1249 2835; x_wconf 81' lang='lat' dir='ltr'><strong>Bretoliensi,</strong></span> 
     </span>
     <span class='ocr_line' id='line_1_22' title="bbox 187 2863 1252 2964; baseline 0 -27"><span class='ocrx_word' id='word_1_132' title='bbox 187 2864 336 2940; x_wconf 91' lang='lat' dir='ltr'><strong>domino</strong></span> <span class='ocrx_word' id='word_1_133' title='bbox 349 2894 426 2954; x_wconf 92' lang='lat' dir='ltr'><strong>sno,</strong></span> <span class='ocrx_word' id='word_1_134' title='bbox 441 2894 559 2941; x_wconf 90' lang='lat' dir='ltr'><strong>arcem</strong></span> <span class='ocrx_word' id='word_1_135' title='bbox 572 2867 680 2941; x_wconf 84' lang='lat' dir='ltr'><strong>ibreii</strong></span> <span class='ocrx_word' id='word_1_136' title='bbox 689 2866 812 2940; x_wconf 85' lang='lat' dir='ltr'><strong>sraude</strong></span> <span class='ocrx_word' id='word_1_137' title='bbox 824 2867 1012 2964; x_wconf 89' lang='lat' dir='ltr'><strong>surripuit,</strong></span> <span class='ocrx_word' id='word_1_138' title='bbox 1023 2882 1059 2938; x_wconf 90' lang='lat' dir='ltr'><strong>et</strong></span> <span class='ocrx_word' id='word_1_139' title='bbox 1070 2863 1252 2939; x_wconf 88' lang='lat' dir='ltr'><strong>Rodberto</strong></span> 
     </span>
     <span class='ocr_line' id='line_1_23' title="bbox 188 2980 1253 3082; baseline 0.001 -29"><span class='ocrx_word' id='word_1_140' title='bbox 188 2981 269 3055; x_wconf 89' lang='lat' dir='ltr'><strong>duci</strong></span> <span class='ocrx_word' id='word_1_141' title='bbox 304 2983 477 3081; x_wconf 85' lang='lat' dir='ltr'><strong>prodidit.</strong></span> <span class='ocrx_word' id='word_1_142' title='bbox 512 2984 724 3057; x_wconf 84' lang='lat' dir='ltr'><strong>Guilleimus</strong></span> <span class='ocrx_word' id='word_1_143' title='bbox 755 3001 873 3057; x_wconf 88' lang='lat' dir='ltr'><strong>autem</strong></span> <span class='ocrx_word' id='word_1_144' title='bbox 906 3008 975 3082; x_wconf 89' lang='lat' dir='ltr'><strong>pro</strong></span> <span class='ocrx_word' id='word_1_145' title='bbox 1008 2980 1253 3081; x_wconf 83' lang='lat' dir='ltr'><strong>redemptione</strong></span> 
     </span>
    </p>
   </div>
   <div class='ocr_carea' id='block_1_4' title="bbox 191 3221 1259 3566">
    <p class='ocr_par' dir='ltr' id='par_1_6' title="bbox 191 3221 1259 3566">
     <span class='ocr_line' id='line_1_24' title="bbox 225 3221 1256 3299; baseline 0.001 -23"><span class='ocrx_word' id='word_1_146' title='bbox 225 3222 264 3293; x_wconf 79' lang='lat' dir='ltr'><strong>(r)</strong></span> <span class='ocrx_word' id='word_1_147' title='bbox 276 3221 301 3276; x_wconf 88' lang='grc' dir='ltr'><strong>ΙΙ</strong></span> <span class='ocrx_word' id='word_1_148' title='bbox 315 3221 489 3292; x_wconf 88' lang='lat' dir='ltr'><strong>semblerait,</strong></span> <span class='ocrx_word' id='word_1_149' title='bbox 508 3223 616 3297; x_wconf 74' lang='lat' dir='ltr'><strong>d’apres</strong></span> <span class='ocrx_word' id='word_1_150' title='bbox 628 3243 672 3279; x_wconf 89' lang='lat' dir='ltr'><strong>ces</strong></span> <span class='ocrx_word' id='word_1_151' title='bbox 685 3224 806 3298; x_wconf 86' lang='lat' dir='ltr'><strong>paroles,</strong></span> <span class='ocrx_word' id='word_1_152' title='bbox 821 3223 949 3299; x_wconf 76' lang='lat' dir='ltr'><strong>qu¹Helie</strong></span> <span class='ocrx_word' id='word_1_153' title='bbox 959 3225 1034 3295; x_wconf 84' lang='lat' dir='ltr'><strong>jouit</strong></span> <span class='ocrx_word' id='word_1_154' title='bbox 1046 3221 1171 3296; x_wconf 89' lang='lat' dir='ltr'><strong>pendant</strong></span> <span class='ocrx_word' id='word_1_155' title='bbox 1183 3225 1256 3297; x_wconf 68' lang='lat' dir='ltr'><strong>vingt</strong></span> 
     </span>
     <span class='ocr_line' id='line_1_25' title="bbox 192 3310 1256 3388; baseline 0.002 -23"><span class='ocrx_word' id='word_1_156' title='bbox 192 3328 255 3380; x_wconf 87' lang='lat' dir='ltr'><strong>ans,</strong></span> <span class='ocrx_word' id='word_1_157' title='bbox 268 3329 330 3365; x_wconf 84' lang='lat' dir='ltr'><strong>sans</strong></span> <span class='ocrx_word' id='word_1_158' title='bbox 339 3312 557 3382; x_wconf 80' lang='lat' dir='ltr'><strong>contradiction,</strong></span> <span class='ocrx_word' id='word_1_159' title='bbox 570 3313 609 3368; x_wconf 89' lang='lat' dir='ltr'><strong>du</strong></span> <span class='ocrx_word' id='word_1_160' title='bbox 619 3317 709 3369; x_wconf 77' lang='lat' dir='ltr'><strong>comte</strong></span> <span class='ocrx_word' id='word_1_161' title='bbox 720 3314 788 3388; x_wconf 88' lang='lat' dir='ltr'><strong>qu&#39;il</strong></span> <span class='ocrx_word' id='word_1_162' title='bbox 800 3313 892 3367; x_wconf 82' lang='lat' dir='ltr'><strong>venuit</strong></span> <span class='ocrx_word' id='word_1_163' title='bbox 901 3312 1057 3386; x_wconf 79' lang='lat' dir='ltr'><strong>d&#39;acqndrir</strong></span> <span class='ocrx_word' id='word_1_164' title='bbox 1067 3310 1103 3365; x_wconf 90' lang='lat' dir='ltr'><strong>de</strong></span> <span class='ocrx_word' id='word_1_165' title='bbox 1113 3328 1164 3366; x_wconf 83' lang='lat' dir='ltr'><strong>sou</strong></span> <span class='ocrx_word' id='word_1_166' title='bbox 1173 3310 1256 3375; x_wconf 72' lang='lat' dir='ltr'><strong>aieub</strong></span> 
     </span>
     <span class='ocr_line' id='line_1_26' title="bbox 192 3400 1259 3478; baseline 0.002 -24"><span class='ocrx_word' id='word_1_167' title='bbox 192 3402 260 3456; x_wconf 89' lang='lat' dir='ltr'><strong>mais</strong></span> <span class='ocrx_word' id='word_1_168' title='bbox 279 3418 351 3456; x_wconf 83' lang='lat' dir='ltr'><strong>nous</strong></span> <span class='ocrx_word' id='word_1_169' title='bbox 371 3421 484 3457; x_wconf 86' lang='lat' dir='ltr'><strong>verrons</strong></span> <span class='ocrx_word' id='word_1_170' title='bbox 503 3403 611 3459; x_wconf 82' lang='lat' dir='ltr'><strong>bientdt</strong></span> <span class='ocrx_word' id='word_1_171' title='bbox 631 3423 686 3478; x_wconf 90' lang='lat' dir='ltr'><strong>que</strong></span> <span class='ocrx_word' id='word_1_172' title='bbox 704 3404 743 3459; x_wconf 87' lang='lat' dir='ltr'><strong>les</strong></span> <span class='ocrx_word' id='word_1_173' title='bbox 763 3404 859 3459; x_wconf 84' lang='lat' dir='ltr'><strong>choses</strong></span> <span class='ocrx_word' id='word_1_174' title='bbox 880 3403 974 3457; x_wconf 84' lang='lat' dir='ltr'><strong>surent</strong></span> <span class='ocrx_word' id='word_1_175' title='bbox 993 3401 1052 3456; x_wconf 91' lang='lat' dir='ltr'><strong>loin</strong></span> <span class='ocrx_word' id='word_1_176' title='bbox 1069 3400 1105 3456; x_wconf 92' lang='lat' dir='ltr'><strong>de</strong></span> <span class='ocrx_word' id='word_1_177' title='bbox 1123 3419 1152 3456; x_wconf 82' lang='lat' dir='ltr'><strong>se</strong></span> <span class='ocrx_word' id='word_1_178' title='bbox 1169 3418 1259 3475; x_wconf 80' lang='lat' dir='ltr'><strong>passer</strong></span> 
     </span>
     <span class='ocr_line' id='line_1_27' title="bbox 191 3490 1259 3566; baseline 0.001 -22"><span class='ocrx_word' id='word_1_179' title='bbox 191 3491 278 3559; x_wconf 87' lang='lat' dir='ltr'><strong>ainsi,</strong></span> <span class='ocrx_word' id='word_1_180' title='bbox 299 3502 417 3566; x_wconf 87' lang='lat' dir='ltr'><strong>etque,</strong></span> <span class='ocrx_word' id='word_1_181' title='bbox 438 3493 659 3548; x_wconf 77' lang='lat' dir='ltr'><strong>conformement</strong></span> <span class='ocrx_word' id='word_1_182' title='bbox 679 3512 730 3547; x_wconf 86' lang='lat' dir='ltr'><strong>aux</strong></span> <span class='ocrx_word' id='word_1_183' title='bbox 752 3494 904 3566; x_wconf 78' lang='lat' dir='ltr'><strong>previsions</strong></span> <span class='ocrx_word' id='word_1_184' title='bbox 923 3510 978 3565; x_wconf 88' lang='lat' dir='ltr'><strong>que</strong></span> <span class='ocrx_word' id='word_1_185' title='bbox 996 3500 1078 3545; x_wconf 83' lang='lat' dir='ltr'><strong>notre</strong></span> <span class='ocrx_word' id='word_1_186' title='bbox 1099 3501 1202 3545; x_wconf 89' lang='lat' dir='ltr'><strong>auteur</strong></span> <span class='ocrx_word' id='word_1_187' title='bbox 1222 3490 1259 3546; x_wconf 87' lang='lat' dir='ltr'><strong>lui</strong></span> 
     </span>
    </p>
   </div>
   <div class='ocr_carea' id='block_1_5' title="bbox 91 3578 1261 3657">
    <p class='ocr_par' dir='ltr' id='par_1_7' title="bbox 91 3578 1261 3657">
     <span class='ocr_line' id='line_1_28' title="bbox 91 3578 1261 3657; baseline 0.002 -23"><span class='ocrx_word' id='word_1_188' title='bbox 91 3578 98 3591; x_wconf 80' lang='lat'>⁸</span> <span class='ocrx_word' id='word_1_189' title='bbox 192 3581 284 3652; x_wconf 72' lang='lat' dir='ltr'><strong>prete,</strong></span> <span class='ocrx_word' id='word_1_190' title='bbox 299 3582 337 3637; x_wconf 82' lang='lat' dir='ltr'><strong>ies</strong></span> <span class='ocrx_word' id='word_1_191' title='bbox 351 3584 461 3655; x_wconf 84' lang='lat' dir='ltr'><strong>princes</strong></span> <span class='ocrx_word' id='word_1_192' title='bbox 474 3583 632 3639; x_wconf 88' lang='lat' dir='ltr'><strong>Normauds</strong></span> <span class='ocrx_word' id='word_1_193' title='bbox 650 3585 831 3657; x_wconf 65' lang='lat' dir='ltr'><strong>apportarent</strong></span> <span class='ocrx_word' id='word_1_194' title='bbox 844 3582 879 3638; x_wconf 86' lang='lat' dir='ltr'><strong>de</strong></span> <span class='ocrx_word' id='word_1_195' title='bbox 892 3599 987 3655; x_wconf 79' lang='lat' dir='ltr'><strong>graves</strong></span> <span class='ocrx_word' id='word_1_196' title='bbox 1004 3580 1139 3636; x_wconf 82' lang='lat' dir='ltr'><strong>obstacles</strong></span> <span class='ocrx_word' id='word_1_197' title='bbox 1157 3584 1173 3636; x_wconf 75' lang='lat' dir='ltr'><strong>a</strong></span> <span class='ocrx_word' id='word_1_198' title='bbox 1192 3590 1261 3636; x_wconf 85' lang='lat' dir='ltr'><strong>cette</strong></span> 
     </span>
    </p>
   </div>
   <div class='ocr_carea' id='block_1_6' title="bbox 191 3688 1263 4192">
    <p class='ocr_par' dir='ltr' id='par_1_8' title="bbox 191 3688 357 3742">
     <span class='ocr_line' id='line_1_29' title="bbox 191 3688 357 3742; baseline 0.018 -18"><span class='ocrx_word' id='word_1_199' title='bbox 191 3688 357 3742; x_wconf 82' lang='lat' dir='ltr'><strong>Jourssance.</strong></span> 
     </span>
    </p>

    <p class='ocr_par' dir='ltr' id='par_1_9' title="bbox 195 3758 1263 4099">
     <span class='ocr_line' id='line_1_30' title="bbox 228 3758 1262 3834; baseline 0.001 -22"><span class='ocrx_word' id='word_1_200' title='bbox 228 3761 267 3831; x_wconf 83' lang='lat' dir='ltr'><strong>(a)</strong></span> <span class='ocrx_word' id='word_1_201' title='bbox 278 3760 358 3814; x_wconf 79' lang='lat' dir='ltr'><strong>Helie</strong></span> <span class='ocrx_word' id='word_1_202' title='bbox 368 3764 468 3834; x_wconf 76' lang='lat' dir='ltr'><strong>dpousa</strong></span> <span class='ocrx_word' id='word_1_203' title='bbox 480 3781 515 3816; x_wconf 86' lang='lat' dir='ltr'><strong>cn</strong></span> <span class='ocrx_word' id='word_1_204' title='bbox 527 3760 590 3816; x_wconf 81' lang='lat' dir='ltr'><strong>effet</strong></span> <span class='ocrx_word' id='word_1_205' title='bbox 600 3760 750 3823; x_wconf 81' lang='lat' dir='ltr'><strong>Mathilde.</strong></span> <span class='ocrx_word' id='word_1_206' title='bbox 766 3759 821 3816; x_wconf 83' lang='lat' dir='ltr'><strong>filie</strong></span> <span class='ocrx_word' id='word_1_207' title='bbox 831 3761 935 3834; x_wconf 89' lang='lat' dir='ltr'><strong>unique</strong></span> <span class='ocrx_word' id='word_1_208' title='bbox 946 3758 982 3814; x_wconf 90' lang='lat' dir='ltr'><strong>de</strong></span> <span class='ocrx_word' id='word_1_209' title='bbox 990 3759 1122 3827; x_wconf 87' lang='lat' dir='ltr'><strong>Gervais,</strong></span> <span class='ocrx_word' id='word_1_210' title='bbox 1134 3760 1262 3834; x_wconf 77' lang='lat' dir='ltr'><strong>seigneur</strong></span> 
     </span>
     <span class='ocr_line' id='line_1_31' title="bbox 195 3847 1263 3927; baseline 0.002 -25"><span class='ocrx_word' id='word_1_211' title='bbox 195 3847 230 3902; x_wconf 90' lang='lat' dir='ltr'><strong>de</strong></span> <span class='ocrx_word' id='word_1_212' title='bbox 240 3849 497 3907; x_wconf 72' lang='lat' dir='ltr'><strong>Chdteau-du·Loir</strong></span> <span class='ocrx_word' id='word_1_213' title='bbox 507 3863 535 3908; x_wconf 91' lang='lat' dir='ltr'><strong>et</strong></span> <span class='ocrx_word' id='word_1_214' title='bbox 546 3852 581 3907; x_wconf 90' lang='lat' dir='ltr'><strong>dc</strong></span> <span class='ocrx_word' id='word_1_215' title='bbox 593 3853 694 3924; x_wconf 69' lang='lat' dir='ltr'><strong>Movet,</strong></span> <span class='ocrx_word' id='word_1_216' title='bbox 706 3854 754 3927; x_wconf 89' lang='lat' dir='ltr'><strong>qui</strong></span> <span class='ocrx_word' id='word_1_217' title='bbox 765 3860 879 3905; x_wconf 89' lang='lat' dir='ltr'><strong>mourut</strong></span> <span class='ocrx_word' id='word_1_218' title='bbox 888 3859 969 3904; x_wconf 85' lang='lat' dir='ltr'><strong>avant</strong></span> <span class='ocrx_word' id='word_1_219' title='bbox 977 3849 1086 3923; x_wconf 73' lang='lat' dir='ltr'><strong>Paques</strong></span> <span class='ocrx_word' id='word_1_220' title='bbox 1100 3867 1179 3924; x_wconf 87' lang='lat'><strong>¹⁰99·</strong></span> <span class='ocrx_word' id='word_1_221' title='bbox 1193 3850 1263 3906; x_wconf 75' lang='lat' dir='ltr'><strong>laeur</strong></span> 
     </span>
     <span class='ocr_line' id='line_1_32' title="bbox 197 3924 1261 4014; baseline 0.004 -24"><span class='ocrx_word' id='word_1_222' title='bbox 197 3937 251 3991; x_wconf 82' lang='lat' dir='ltr'><strong>sdic</strong></span> <span class='ocrx_word' id='word_1_223' title='bbox 265 3924 436 4012; x_wconf 78' lang='lat' dir='ltr'><strong>Eremburge</strong></span> <span class='ocrx_word' id='word_1_224' title='bbox 450 3952 529 4014; x_wconf 87' lang='lat' dir='ltr'><strong>porta</strong></span> <span class='ocrx_word' id='word_1_225' title='bbox 543 3941 568 3995; x_wconf 84' lang='lat' dir='ltr'><strong>ie</strong></span> <span class='ocrx_word' id='word_1_226' title='bbox 581 3945 671 3995; x_wconf 83' lang='lat' dir='ltr'><strong>comte</strong></span> <span class='ocrx_word' id='word_1_227' title='bbox 683 3941 720 3995; x_wconf 89' lang='lat' dir='ltr'><strong>du</strong></span> <span class='ocrx_word' id='word_1_228' title='bbox 734 3941 825 3994; x_wconf 85' lang='lat' dir='ltr'><strong>Maine</strong></span> <span class='ocrx_word' id='word_1_229' title='bbox 839 3938 1005 4013; x_wconf 75' lang='lat' dir='ltr'><strong>aFouique‚</strong></span> <span class='ocrx_word' id='word_1_230' title='bbox 1020 3949 1112 3994; x_wconf 88' lang='lat' dir='ltr'><strong>comte</strong></span> <span class='ocrx_word' id='word_1_231' title='bbox 1126 3938 1261 4011; x_wconf 81' lang='lat' dir='ltr'><strong>d’Anjou,</strong></span> 
     </span>
     <span class='ocr_line' id='line_1_33' title="bbox 196 4026 550 4099; baseline 0.014 -20"><span class='ocrx_word' id='word_1_232' title='bbox 196 4026 295 4099; x_wconf 88' lang='lat' dir='ltr'><strong>qu’cllc</strong></span> <span class='ocrx_word' id='word_1_233' title='bbox 309 4029 410 4099; x_wconf 78' lang='lat' dir='ltr'><strong>eponna</strong></span> <span class='ocrx_word' id='word_1_234' title='bbox 423 4048 458 4083; x_wconf 91' lang='lat' dir='ltr'><strong>en</strong></span> <span class='ocrx_word' id='word_1_235' title='bbox 474 4049 550 4084; x_wconf 75' lang='lat' dir='ltr'><strong>troo.</strong></span> 
     </span>
    </p>

    <p class='ocr_par' dir='ltr' id='par_1_10' title="bbox 231 4114 419 4192">
     <span class='ocr_line' id='line_1_34' title="bbox 231 4114 419 4192; baseline 0.011 -23"><span class='ocrx_word' id='word_1_236' title='bbox 231 4114 270 4187; x_wconf 71' lang='grc' dir='ltr'><strong>(ὅ)</strong></span> <span class='ocrx_word' id='word_1_237' title='bbox 286 4117 325 4170; x_wconf 85' lang='lat' dir='ltr'><strong>En</strong></span> <span class='ocrx_word' id='word_1_238' title='bbox 345 4117 419 4192; x_wconf 83' lang='lat'><strong>1089.</strong></span> 
     </span>
    </p>
   </div>
   <div class='ocr_carea' id='block_1_7' title="bbox 233 4205 1210 4283">
    <p class='ocr_par' dir='ltr' id='par_1_11' title="bbox 233 4205 1210 4283">
     <span class='ocr_line' id='line_1_35' title="bbox 233 4205 1210 4283; baseline -0.001 -22"><span class='ocrx_word' id='word_1_239' title='bbox 233 4206 270 4275; x_wconf 74' lang='lat' dir='ltr'><strong>(d)</strong></span> <span class='ocrx_word' id='word_1_240' title='bbox 284 4205 338 4261; x_wconf 84' lang='lat' dir='ltr'><strong>Sur</strong></span> <span class='ocrx_word' id='word_1_241' title='bbox 351 4224 381 4260; x_wconf 86' lang='lat' dir='ltr'><strong>cc</strong></span> <span class='ocrx_word' id='word_1_242' title='bbox 395 4206 524 4277; x_wconf 66' lang='lat' dir='ltr'><strong>seigneur</strong></span> <span class='ocrx_word' id='word_1_243' title='bbox 536 4219 562 4263; x_wconf 91' lang='lat' dir='ltr'><strong>ct</strong></span> <span class='ocrx_word' id='word_1_244' title='bbox 575 4228 601 4263; x_wconf 82' lang='lat' dir='ltr'><strong>sa</strong></span> <span class='ocrx_word' id='word_1_245' title='bbox 615 4209 731 4277; x_wconf 74' lang='lat' dir='ltr'><strong>tantille,</strong></span> <span class='ocrx_word' id='word_1_246' title='bbox 750 4228 829 4283; x_wconf 76' lang='lat' dir='ltr'><strong>voyre</strong></span> <span class='ocrx_word' id='word_1_247' title='bbox 843 4210 990 4276; x_wconf 59' lang='lat' dir='ltr'><strong>rinlcssus,</strong></span> <span class='ocrx_word' id='word_1_248' title='bbox 1010 4219 1027 4263; x_wconf 94' lang='lat' dir='ltr'><strong>t.</strong></span> <span class='ocrx_word' id='word_1_249' title='bbox 1045 4208 1087 4277; x_wconf 85' lang='lat'><strong>11,</strong></span> <span class='ocrx_word' id='word_1_250' title='bbox 1104 4228 1133 4281; x_wconf 86' lang='lat' dir='ltr'><strong>p.</strong></span> <span class='ocrx_word' id='word_1_251' title='bbox 1148 4207 1210 4282; x_wconf 70' lang='lat'><strong>469.</strong></span> 
     </span>
    </p>
   </div>
   <div class='ocr_carea' id='block_1_8' title="bbox 0 0 1456 4934">
    <p class='ocr_par' dir='ltr' id='par_1_12' title="bbox 0 0 1456 4934">
     <span class='ocr_line' id='line_1_36' title="bbox 0 0 1456 4934; baseline 0 0"><span class='ocrx_word' id='word_1_252' title='bbox 0 0 1456 4934; x_wconf 95' lang='lat' dir='ltr'><strong> </strong></span> 
     </span>
    </p>
   </div>
  </div>
 </body>
</html>
