2888 4934
185 401 247 462 am
460 392 643 456 ursroun
665 390 975 454 eccursnsrrcs.
1142 396 1251 473 [rost]

183 531 294 604 dulus
312 528 502 601 relationes
521 525 654 614 derisi,
675 526 764 624 quia
784 539 885 596 certa
901 521 1042 594 ardicio
1057 548 1250 624 nunquam

183 649 231 720 de
247 645 381 720 talibus
404 643 495 715 vidi.
522 642 633 716 Nunc
654 667 735 713 veru
754 666 879 714 manes
900 656 1121 713 mortuorum
1139 667 1249 715 uero·

184 766 275 837 citer
289 761 411 847 uidem·
425 758 492 833 sed
506 784 609 830 nemo
621 757 712 829 milri
724 756 863 871 credet,
881 780 967 828 cum
980 757 1064 829 uisa
1076 757 1246 849 retrdem,

184 883 259 954 nisi
271 895 404 953 certum
419 881 600 978 specimen
617 877 803 974 terrigenis
816 870 1025 946 exhibuero.
1044 874 1104 945 De
1117 876 1249 949 vacum

182 1023 269 1097 ergo
286 995 407 1095 equis,
423 995 490 1094 qni
511 1008 713 1094 sequnntur
733 1015 885 1089 agmen,
911 1016 1025 1063 unum
1042 988 1249 1092 apprehen·

184 1115 291 1201 dom,
313 1108 504 1211 corffestim
526 1108 723 1183 ascendum
733 1165 745 1198 ,
769 1108 916 1180 domum
938 1108 1095 1198 ducum,
1119 1123 1174 1199 et,
1197 1104 1250 1181 nel

171 1229 293 1329 fidem
310 1227 565 1315 obtinendum,
585 1228 717 1299 vicinis
732 1225 937 1298 ostendant.
956 1224 1044 1298 Mox
1060 1224 1246 1325 nigerrimi

183 1343 386 1445 cornipedis
398 1342 551 1417 habenas
562 1338 819 1441 apprehendit3
839 1340 901 1416 sed
919 1340 979 1414 ille
993 1340 1141 1414 sortiter
1156 1366 1193 1415 se
1205 1339 1247 1415 de

183 1488 292 1534 manu
313 1461 482 1560 rapientis
499 1461 668 1548 excussit,
691 1459 899 1560 aligeroque
914 1485 1020 1532 cursu
1036 1483 1104 1557 per
1119 1482 1245 1558 agmen

183 1576 395 1677 AEthiopum
415 1575 517 1650 abiit.
535 1574 725 1674 Presbyter
748 1591 867 1648 autem
891 1574 965 1648 voti
990 1589 1197 1674 compotem
1211 1596 1246 1647 se

184 1719 259 1767 non
275 1718 349 1766 esse
365 1691 495 1766 doluit.
515 1693 605 1765 Erat
624 1692 722 1764 enim
745 1706 850 1764 setate
863 1692 1023 1792 juvenis,
1042 1690 1168 1764 animo
1182 1710 1246 1763 au*

182 1808 250 1881 dax
273 1826 310 1882 et
325 1809 433 1902 levis,
457 1834 609 1908 corpore
626 1833 713 1882 vero
738 1807 843 1881 velox
867 1823 905 1881 et
928 1807 1040 1881 sortis.
1065 1807 1109 1879 ln
1134 1804 1245 1880 medie

182 1925 295 2025 igitur
309 1941 417 1999 strata
434 1942 578 2023 paratus
597 1925 777 2012 constitit,
796 1941 833 1997 et
850 1924 1007 1998 venienti
1023 1924 1245 2023 paratissimo

184 2041 369 2142 cornipedi
385 2041 535 2116 obvians
552 2067 701 2114 manum
718 2039 893 2117 extendit.
906 2039 974 2114 llle
990 2056 1112 2113 autem
1124 2038 1247 2112 substi-

183 2159 228 2231 tit
240 2157 285 2232 ad
297 2158 563 2258 suscipiendum
576 2156 846 2257 presbyterum,
861 2173 897 2230 et
913 2155 1082 2230 exhalans
1097 2153 1144 2229 de
1158 2155 1247 2228 nari·

183 2270 249 2344 bus
270 2274 340 2346 suis
368 2275 519 2372 projecit
546 2271 716 2345 nebulam
741 2274 924 2372 ingentem
942 2273 1053 2346 veluti
1078 2271 1246 2371 longissi-

182 2411 279 2458 mam
309 2411 496 2485 quercum.
523 2389 627 2461 Tunc
653 2385 816 2461 sacerdos
844 2388 1029 2461 sinistrum
1052 2385 1182 2485 pedem
1210 2386 1245 2457 iu

181 2499 378 2600 teripedem
413 2503 527 2590 misit,
557 2528 775 2603 manumque
802 2503 955 2602 arreptis
986 2504 1074 2577 loris
1105 2501 1245 2575 clitellae

182 2618 373 2716 imposuit,
393 2616 581 2719 subitoque
598 2619 750 2692 nimium
766 2621 923 2693 calorem
940 2621 1040 2695 velut
1058 2620 1181 2719 ignem
1195 2640 1246 2691 ar·

180 2731 326 2806 dentem
346 2732 412 2805 sub
429 2733 519 2833 pede
536 2736 664 2823 sensit,
678 2753 715 2808 et
730 2735 941 2809 incredibile
958 2737 1071 2834 frigus
1086 2759 1154 2834 per
1169 2760 1244 2808 ma

180 2876 286 2941 num,
305 2877 387 2951 quae
405 2853 482 2924 lora
496 2851 661 2941 tenebat,
681 2855 756 2953 ejus
769 2853 970 2950 precordia
989 2852 1205 2950 penetravit.

116 2987 121 2996 ·
228 2967 323 3039 Dum
352 2969 435 3041 talia
461 2968 568 3058 fiunt,
595 2986 751 3070 quatuor
780 2969 953 3044 horrendi
977 2971 1116 3070 equites
1140 2965 1245 3041 adve-

180 3082 305 3170 niunt,
325 3099 361 3156 et
375 3082 586 3157 terribiliter
601 3088 855 3175 vociferantes,
872 3084 1025 3160 dicunt:
1045 3085 1127 3157 Cur
1140 3110 1243 3185 equos

181 3215 322 3273 nostros
351 3201 523 3274 invadis?
548 3203 750 3277 Nobiscum
776 3209 911 3280 venies.
941 3204 1059 3277 Nemo
1088 3219 1242 3277 nostrum

180 3526 361 3600 Hennequiu.
380 3527 432 3582 Cet
447 3528 618 3603 Hennequin
636 3531 721 3599 etait,
741 3531 852 3598 dit-on,
870 3550 909 3585 uu
928 3531 1016 3605 grand
1032 3531 1167 3587 obessem
1181 3532 1241 3606 qni·

182 3614 280 3669 s‘etant
289 3613 382 3670 donne
393 3634 428 3669 au
442 3616 546 3685 diablo,
560 3630 602 3673 est
615 3620 770 3675 eundemne
783 3624 798 3675 a
812 3622 921 3675 revenir
933 3632 996 3676 tous
1010 3619 1049 3675 les
1061 3639 1113 3675 aus
1126 3621 1242 3694 pendant

181 3701 221 3756 les
234 3692 368 3775 tempites
382 3717 531 3760 nocturnes
546 3707 581 3762 de
595 3707 716 3777 l’Avent,
731 3713 849 3764 ontoure
864 3709 900 3764 de
914 3729 956 3765 ses
969 3712 1104 3784 piqueurs
1118 3721 1147 3765 et
1161 3709 1196 3765 de
1208 3724 1243 3763 set

182 3792 292 3856 chiens,
305 3792 375 3848 dont
389 3794 524 3866 plusieurs
537 3815 685 3870 personnes
697 3799 783 3854 m‘ont
795 3799 899 3854 affirme
910 3801 985 3854 avoir
997 3800 1124 3854 cnteudu
1136 3801 1243 3856 distinc-

183 3888 287 3933 temeut
303 3878 342 3933 les
359 3880 536 3938 aboiemcnts.
561 3886 621 3940 Unc
641 3888 829 3942 circonstauce
846 3890 973 3943 curiense
991 3893 1006 3942 ir
1026 3908 1191 3963 remarquer
1207 3897 1242 3943 est

181 3967 318 4022 l’identite
334 3969 373 4023 du
389 3990 454 4025 nom
471 3975 592 4045 primitis
605 3976 641 4031 de
655 3996 686 4031 ce
700 3978 831 4032 ehasseur
846 3978 1014 4052 fantastique
1029 3978 1241 4047 (Herlccltinus)

182 4072 245 4198 :pem
258 4054 328 4109 celui
340 4056 377 4121 du
389 4077 560 4134 personuage
571 4064 713 4139 comique,
727 4084 780 4120 aux
793 4067 884 4120 habits
897 4067 1035 4138 bigerris,
1050 4067 1203 4140 origiuaire
1212 4064 1241 4118 de

221 4162 325 4216 rgame.
