2888 4934
252 395 311 453 588
505 389 692 450 HISTORIA
715 387 1021 452 EchESIAStht.
1047 393 1339 469 [rusauua101099]

250 525 435 610 exierunt,
463 539 499 594 et
523 536 607 593 unte
634 522 825 593 Tortosam
848 521 902 617 (i)
933 520 1133 608 civitatem,
1161 521 1227 593 uhi
1258 548 1334 595 nou

252 638 393 712 modica
407 638 601 711 multitudo
616 662 840 736 paganorum
853 653 944 726 erat,
956 638 1227 712 discurrebant.
1244 640 1335 714 Sero

249 759 323 857 jam
339 758 449 843 sacto,
467 754 511 827 ad
533 772 710 830 secretum
738 755 858 827 locum
875 772 1116 842 secesserunt,
1135 774 1174 829 et
1189 783 1335 856 oppor-

253 875 348 945 tunis
385 874 420 944 in
451 873 539 944 locis
572 887 897 970 pernoctaverunt,
925 886 962 943 et
994 872 1174 970 plurimos
1209 874 1330 973 ignes,

251 990 349 1089 quasi
384 1005 480 1062 totus
509 990 707 1062 advenisset
736 990 932 1078 exercitus,
954 989 1213 1063 accenderunt.
1242 992 1333 1065 Orto

248 1110 323 1206 jam
341 1106 433 1194 sole,
454 1106 583 1179 Franci
613 1123 653 1178 ut
679 1105 808 1179 urbem
837 1105 1121 1206 aggrederentur
1145 1133 1333 1182 convene-

253 1241 359 1313 runt;
383 1253 491 1325 quam
516 1251 666 1297 vacuam
693 1223 901 1297 hominibus
927 1225 1166 1310 invenerunt,
1187 1226 1329 1327 ibique,

252 1341 422 1442 quamdiu
438 1343 623 1416 castellum
639 1340 873 1430 obsidebant,
891 1341 1200 1430 inhabitaverunt.

302 1457 521 1531 Admiralius
537 1458 725 1531 Maraclcae
745 1460 801 1556 (2)
821 1458 993 1546 civitatis,
1009 1485 1091 1558 quae
1108 1485 1185 1532 non
1202 1462 1331 1558 procui

251 1593 348 1665 erat,
368 1601 491 1675 pacem
509 1603 592 1650 cum
609 1575 819 1648 Christianis
834 1576 937 1662 iecit,
953 1591 1131 1649 eteorum
1146 1577 1279 1648 vexilla
1296 1578 1330 1647 in

254 1692 343 1766 urbe
382 1696 528 1792 praesata
564 1695 713 1766 invexitL
751 1695 831 1765 Dux
863 1694 996 1766 interea
1031 1691 1259 1767 Godesredus
1298 1711 1332 1765 et

254 1808 481 1882 Flandrensis
506 1834 625 1882 comes
650 1827 687 1882 et
711 1808 943 1882 Buamundus
962 1836 1074 1909 usque
1104 1809 1329 1897 Laodiciam,

253 1950 361 2024 quam
376 1926 488 2024 vulgo
505 1926 640 1998 Liciam
655 1941 786 1998 vocant
798 1927 873 2023 (ὅ),
890 1943 1081 1998 venerunt.
1097 1925 1330 1998 Buamundus

254 2217 297 2260 cst
308 2204 405 2278 appele
416 2224 466 2278 par
477 2205 599 2259 d’autrcs
609 2204 760 2259 historiens
768 2207 922 2257 vicecomes
931 2203 967 2257 de
985 2204 1120 2257 Tentoria
1131 2221 1168 2256 ou
1180 2202 1219 2257 de
1234 2203 1330 2257 Cento-

256 2299 307 2349 rr'a.
325 2295 402 2349 Nons
418 2312 538 2367 pensons
554 2313 609 2366 que
624 2312 734 2348 cenom
752 2312 766 2346 a
783 2295 828 2348 e'te
844 2292 971 2366 defigere
988 2312 1038 2366 par
1050 2293 1089 2347 tes
1106 2293 1231 2366 copiates
1245 2311 1282 2347 ou
1295 2292 1332 2346 te

256 2384 459 2456 typographes,
479 2394 508 2437 et
527 2383 595 2456 qu’il
612 2384 673 2438 saut
687 2383 753 2452 lire,
773 2401 882 2438 comme
900 2402 971 2438 nous
989 2384 1016 2439 le
1034 2401 1149 2438 verrons
1169 2383 1235 2455 pius
1253 2383 1329 2437 loin:

255 2473 434 2528 Raimundus
451 2473 486 2527 de
507 2475 646 2541 Taurica,
667 2474 842 2528 c’est·h-diro
856 2498 861 2526 :
876 2473 1031 2542 Raimond‚
1049 2474 1173 2547 premier
1192 2474 1234 2528 du
1251 2492 1330 2539 nom,

255 2564 374 2618 viconrte
385 2564 420 2618 dc
433 2564 580 2630 Turenne,
596 2566 718 2637 premier
732 2566 801 2618 mari
814 2563 849 2618 de
863 2564 1013 2632 tramitte,
1030 2564 1084 2618 fitte
1098 2563 1134 2617 de
1147 2563 1276 2619 Geofl'roi
1291 2563 1330 2630 11,

254 2662 346 2706 comte
358 2651 397 2706 du
411 2653 528 2707 Perche.
542 2653 617 2709 C’est
634 2672 665 2707 ce
684 2654 732 2725 qui
746 2652 858 2706 devient
872 2654 965 2708 meme
986 2652 1161 2707 indubitable
1180 2671 1233 2725 par
1247 2653 1274 2705 le
1292 2655 1331 2706 te-

256 2744 403 2816 moignage
420 2743 455 2798 de
474 2745 569 2798 Pierre
583 2744 753 2813 Tudebode,
769 2745 818 2818 qut
833 2743 959 2818 l’appelle
975 2743 1152 2798 Raimundus
1167 2743 1205 2798 de
1223 2745 1332 2797 Torenc

254 2834 419 2897 vicecomes,
438 2843 467 2886 et
486 2833 536 2905 qui
556 2833 610 2886 cite
629 2852 665 2886 en
686 2843 767 2886 outre
787 2830 812 2886 le
831 2832 950 2886 vicomte
969 2832 1004 2885 de
1022 2831 1172 2900 Castillon‚
1194 2832 1333 2901 Arnaujeu

255 2921 383 2976 d'Alhret
396 2924 571 2993 (Arnanevus
584 2924 619 2977 de
632 2924 780 2994 Lobrelo),
795 2935 823 2978 et
837 2925 903 2978 trois
912 2933 1005 2977 autres
1019 2923 1160 2995 guerriers
1174 2921 1331 2990 (Sicardur,

256 3011 334 3084 Bego
344 3013 379 3066 de
391 3014 518 3079 Riberia,
536 3015 703 3068 Guillelmus
713 3013 830 3084 Boline)
842 3002 951 3068 comme
964 3023 1046 3086 ayant
1059 3013 1117 3085 pris
1128 3022 1194 3085 part
1206 3031 1272 3067 avec
1281 3029 1333 3066 eux

256 3119 290 3154 au
303 3101 414 3155 conrbat
425 3112 523 3155 contre
536 3101 574 3156 ies
588 3104 712 3156 soixante
726 3103 826 3157 Turcs.

290 3192 330 3262 (ι)
359 3191 494 3257 Tortose,
525 3192 642 3245 l'ancien
674 3192 852 3260 Antarados,
877 3202 958 3246 entre
987 3191 1096 3264 Tripoli
1121 3202 1150 3247 et
1180 3190 1333 3263 Lattaquie'.

257 3283 361 3356 Depuis
374 3285 505 3349 Cesarce,
521 3282 559 3338 ies
569 3285 671 3338 croises
681 3284 817 3337 n’avaient
831 3301 878 3357 pas
890 3284 939 3337 sait
953 3293 1032 3337 autre
1042 3282 1127 3337 chose
1135 3300 1193 3355 que
1204 3280 1241 3335 de
1251 3283 1334 3334 re'tro

258 3374 359 3445 grader
374 3393 434 3428 vers
449 3374 474 3428 lc
491 3374 569 3428 Nord
584 3384 613 3428 et
627 3375 779 3429 Antioche.

293 3464 331 3535 (a)
354 3462 505 3530 Mcracle'e,
525 3463 706 3534 aujourd’hui
728 3463 866 3526 Mai-atta,
888 3475 968 3519 entre
989 3463 1107 3518 Tortose
1128 3472 1159 3516 et
1179 3460 1332 3533 lattaquie.

259 3552 308 3605 Les
327 3554 429 3607 croise‘s
450 3555 615 3608 continuent
636 3552 697 3607 leur
719 3564 897 3607 monremcut
917 3551 1079 3626 retrograde
1099 3569 1160 3604 vers
1180 3549 1332 3615 Antioche,

258 3641 469 3713 prohablement
487 3662 559 3716 pour
575 3643 643 3697 aiter
657 3643 811 3699 au-devant
824 3643 872 3698 des
885 3643 962 3698 chess
980 3646 1066 3698 restes
1082 3641 1152 3695 dans
1169 3651 1244 3695 cette
1259 3639 1332 3703 iilic,

259 3740 287 3783 et
299 3749 360 3785 vers
373 3731 491 3806 lesquels
505 3734 628 3799 Arnoul,
648 3735 793 3807 chapeiain
811 3734 849 3787 dn
869 3733 924 3787 duc
942 3733 978 3787 de
997 3731 1184 3798 Normandie‚
1204 3732 1278 3785 avait
1294 3730 1334 3783 ete

260 3823 364 3889 envoye'
378 3840 442 3876 avec
454 3823 480 3877 la
494 3824 609 3878 mission
621 3823 656 3878 de
670 3824 708 3877 les
720 3841 843 3897 engager
853 3826 870 3877 ὲ
882 3823 960 3877 venir
972 3821 1112 3894 rejoindre
1125 3821 1253 3884 Parmde,
1266 3836 1335 3892 pour

261 3908 390 3961 marchei·
402 3912 542 3966 onsemble
556 3931 604 3967 sur
617 3912 781 3966 Jerusalem.

296 3996 334 4069 (ὅ)
353 3999 498 4063 Laodices,
512 4003 693 4073 anjonrd'hui
711 4005 867 4076 Lattaquie,
884 4005 899 4054 t
915 4001 1047 4073 vingt-six
1059 4000 1161 4053 heures
1176 3998 1211 4052 de
1226 3997 1337 4052 marche

261 4088 312 4141 sud
325 4088 471 4142 sud-ouest
481 4090 658 4147 d'Antiocho.
672 4095 710 4147 Ici
725 4094 860 4149 Godesroi
875 4102 902 4146 et
915 4091 941 4145 ie
953 4102 1043 4145 comte
1055 4090 1090 4143 de
1104 4089 1238 4155 Fiandie,
1255 4106 1337 4142 venus

262 4177 429 4234 ‹l'Autiochc
449 4199 513 4234 avec
538 4181 694 4247 itoemond,
715 4203 743 4238 sc
761 4188 889 4257 so'parcnt
907 4183 941 4239 de
960 4181 999 4237 tut
1023 4199 1093 4253 pour
1112 4180 1265 4234 continuet·
1279 4179 1337 4233 leur
