2888 4934
198 112 294 191 [ross]
550 108 890 180 transsumimus.
1198 111 1255 171 sss

196 244 364 346 coemite,
384 246 652 346 pristinamque
675 245 840 317 virtutem
872 258 1048 333 vestram,
1078 268 1190 341 qaam
1217 245 1256 316 in

193 361 320 435 arduis
332 377 368 434 et
377 362 544 461 angustis
560 360 665 434 rebus
678 362 859 436 multoties
872 376 1047 463 expertus
1061 386 1159 449 sum,
1171 387 1255 463 per-

191 476 276 550 dere
292 475 414 549 nolite.
437 475 537 549 llnus
555 477 658 550 ltomo
674 503 753 548 sum
770 502 837 566 ac,
857 494 896 548 ut
912 476 1058 575 reliqui,
1080 476 1254 548 mortalis.

194 595 235 665 V
231 621 273 668 os
289 612 411 667 autem
427 596 529 667 multi
546 596 649 682 estis,
672 595 869 693 multisque
880 593 1161 668 charismatibus
1178 593 1257 665 lar-

188 715 312 811 giente
334 719 411 785 Deo
437 714 581 811 vigetis.
612 715 775 784 Famosa
797 738 882 784 vero
902 726 1028 810 gesta,
1052 736 1133 808 quse
1154 711 1258 809 longe

190 829 334 928 lateque
370 829 561 927 divulgata
589 846 693 917 sunt,
724 855 788 902 vos
803 827 969 927 fecistis‚·
998 854 1065 900 nec
1095 854 1256 926 unquam

191 946 336 1045 majora
346 973 371 1016 a
384 962 459 1017 tam
469 948 602 1045 paucis
621 962 655 1016 et
666 946 800 1042 infimis
818 943 1023 1016 hominibus
1038 944 1208 1042 leguntur
1220 946 1258 1015 in

191 1061 376 1161 aliquibus
398 1062 574 1150 lzistoriis,
601 1088 710 1162 quam
727 1067 876 1162 jurante
898 1070 970 1134 Deo
989 1088 1014 1133 a
1035 1058 1259 1159 cabisfacta

192 1195 288 1251 sunt.
313 1183 514 1252 Fortiorem
539 1184 664 1279 itaque
680 1198 713 1252 et
729 1181 981 1280 sapientiorem
997 1181 1043 1251 de
1063 1178 1165 1250 uobis
1190 1177 1257 1249 eli-

191 1300 281 1393 gite,
298 1299 490 1397 ipsumque
506 1297 608 1369 uobis
632 1296 763 1369 ducem
779 1298 998 1369 constituite.
1017 1296 1077 1368 Ne
1091 1293 1259 1394 perdatis

183 1408 404 1507 soecundam
415 1412 579 1484 tellurem
587 1415 775 1510 quaesitam
788 1439 922 1511 magno
931 1411 1063 1498 labore,
1076 1412 1259 1510 sedparra

195 1543 362 1629 tempore.
379 1528 732 1629 Buamundusfilius
752 1556 871 1615 meus,
892 1534 923 1602 si
939 1530 1018 1600 vita
1040 1545 1074 1600 et
1087 1529 1261 1629 sospitate

192 1648 313 1746 m'get,
332 1651 548 1747 quantocius
563 1647 668 1720 uobis
685 1673 891 1719 succurrere
906 1663 1063 1745 sataget.

237 1761 327 1834 llaec
340 1760 441 1834 ethis
456 1763 585 1834 similia
602 1760 691 1834 duce
703 1776 959 1862 prosequente,
975 1763 1100 1833 Petrus
1116 1761 1261 1832 Franci·

186 1903 300 1979 gena,
317 1879 450 1979 aliique
465 1879 760 1971 contubernales,
779 1879 878 1952 ducis
894 1878 987 1953 dicta
1005 1879 1186 1952 subtiliter
1208 1879 1261 1950 in-

186 2008 333 2068 tuentes
339 2048 350 2083 ,
370 1992 541 2069 dixerunt
560 2027 570 2067 z
587 2005 632 2068 In
649 1997 718 2069 ltoc
736 2000 901 2096 negotia,
919 1995 1018 2096 quod
1033 1995 1136 2067 nobis
1153 1997 1261 2097 impe·

182 2137 272 2201 ras,
298 2116 426 2212 ingens
449 2113 645 2187 discrimen
681 2132 753 2203 est,
785 2131 819 2186 ct
850 2123 1015 2187 maxima
1046 2113 1257 2212 difficultas.

181 2234 380 2302 Innumeri
401 2248 485 2304 sunt
501 2233 636 2323 hostes,
653 2249 687 2304 et
701 2259 765 2304 nos
786 2235 906 2334 pauci
926 2259 1069 2321 sumus,
1089 2233 1261 2303 nimium-

184 2372 261 2448 que
284 2348 388 2423 nobis
413 2350 628 2423 adversatur
650 2354 848 2451 imperator
865 2367 996 2450 potens
1020 2367 1054 2423 et
1079 2348 1257 2436 callidus,

186 2490 299 2563 quem
312 2483 346 2538 te
361 2467 547 2541 cohibente
555 2472 718 2568 graviter
729 2471 767 2540 in
783 2469 904 2540 multis
916 2494 1013 2567 saepe
1026 2466 1256 2566 effudimus.

188 2582 415 2656 Fortitudini
431 2587 528 2685 ejus,
551 2588 709 2685 lataeque
716 2589 892 2687 potentiae
907 2586 1133 2685 nequivimus
1150 2588 1259 2659 resis-

193 2712 275 2773 tere.
286 2700 419 2774 Multis
434 2704 528 2773 enim
540 2701 752 2775 dominatur
766 2705 887 2802 regnis
902 2723 935 2774 et
947 2702 1168 2776 natiom'bus.
1185 2702 1260 2773 Uti·

195 2817 348 2890 namad
359 2818 486 2891 domos
498 2835 659 2909 nostras,
681 2820 778 2891 unde
796 2819 1046 2909 discessimus,
1068 2847 1150 2892 cum
1164 2843 1261 2921 pace

196 2933 359 3006 etsalute
375 2935 522 3033 regredi
535 2936 750 3007 valeamus!

240 3049 305 3122 llis
318 3050 445 3124 auditis
461 3049 534 3123 dux
548 3052 649 3125 valde
664 3053 859 3152 ingemuit,
877 3056 1062 3156 Deumque
1079 3082 1161 3128 cum
1175 3052 1260 3125 ssetu

198 3165 381 3255 invocare,
400 3168 588 3270 liliumque
606 3197 710 3242 suum
728 3170 779 3243 sic
793 3170 915 3270 lugere
934 3174 1060 3268 coepit.
1083 3173 1187 3243 Heu!
1205 3197 1262 3240 me

199 3284 368 3355 miserum·
386 3301 438 3357 tot
464 3283 671 3383 irffortuniis
699 3286 984 3360 circumdatam!
1015 3287 1111 3359 Olim
1139 3285 1261 3384 multis

198 3403 321 3489 nocui,
341 3419 376 3473 et
391 3403 526 3502 injuste
541 3404 657 3476 multa
668 3409 809 3506 peregi.
826 3404 940 3477 Nunc
955 3405 1064 3477 simul
1078 3403 1180 3478 mala
1198 3405 1259 3475 in-

201 3536 364 3591 venerunt
387 3548 461 3610 me,
489 3549 572 3620 quar
592 3527 772 3621 promerui
794 3522 905 3621 longo
925 3538 1093 3619 ternpore.
1113 3523 1261 3595 Summe

202 3634 317 3727 Deus,
344 3664 444 3709 nuuc
467 3665 581 3740 parce
606 3640 711 3711 milri!
738 3642 809 3711 Pie
837 3640 959 3729 Deus,
985 3642 1148 3712 miserere
1174 3638 1262 3709 nu'lri

199 3758 379 3849 peccatori
384 3759 397 3825 !
424 3756 544 3828 Fortis
568 3757 686 3844 Deus,
708 3785 877 3831 succurre
898 3758 1036 3858 populo
1059 3774 1137 3847 tua,
1155 3783 1260 3857 quem

204 3865 269 3941 ltttc
292 3870 461 3943 adduci!
490 3872 564 3944 Fili
593 3879 643 3944 mi
672 3875 911 3963 Romaanus,
938 3878 1070 3947 uirtute
1097 3894 1129 3946 at
1153 3902 1261 3949 sensu.
