2888 4934
259 458 319 521 sul
433 469 436 477 ·
534 455 719 546 HISTORIA
741 453 1045 515 ECCLESIASTICA.
1111 459 1328 536 [1087-1088]

257 588 372 661 filium
387 586 532 660 nomine
544 583 759 671 Johannem,
774 610 880 686 quem
896 613 993 659 nunc
1009 586 1045 658 in
1060 588 1160 659 curia
1174 588 1325 661 Henrici

257 705 352 805 regis
361 705 415 802 (1)
429 701 601 790 videmus,
615 703 818 802 eloquentia
835 726 1034 803 magnaque
1050 702 1235 802 probitate
1249 703 1324 802 pol·

257 823 405 896 lentem.
424 819 491 892 Sed
508 821 670 921 quumvis
685 821 720 892 in
732 817 945 920 quibusdam
957 821 1146 917 praesatum
1159 818 1323 895 Odonem

256 937 434 1011 secularis
457 932 665 1008 detinuisset
687 937 827 1024 levitas,
853 937 1010 1009 multum
1032 953 1152 1010 tamen
1167 938 1323 1011 exterius

257 1056 331 1154 ipse
362 1077 417 1125 res
446 1052 649 1126 emendavit
679 1053 939 1126 ecclesiasticas.
970 1054 1167 1127 Ecclesiam
1192 1072 1320 1129 sanetae

256 1172 320 1245 Dei
335 1171 518 1270 genitricis
530 1170 654 1242 Mari'ae
672 1198 691 1243 a
707 1169 946 1244 fundamentis
962 1173 1076 1273 eoepit
1091 1174 1165 1271 (α),
1185 1173 1322 1274 elegan-

256 1302 313 1360 ter
329 1287 608 1373 consummavit,
629 1286 822 1386 multisque
839 1289 931 1386 gazis
947 1305 983 1360 et
1001 1290 1227 1362 ornamentis
1241 1288 1322 1361 affa-

256 1403 321 1474 tim
334 1401 473 1475 ditavit.
489 1400 545 1473 Ad
555 1402 737 1474 ecclesiam
756 1403 867 1475 saneti
882 1404 1037 1502 Vigoris,
1054 1405 1212 1504 episcopi
1224 1406 1321 1505 BaJo

256 1520 387 1610 censis,
412 1545 493 1619 quae
519 1520 583 1591 sita
611 1535 663 1591 est
681 1520 782 1619 juxta
807 1547 954 1593 murum
978 1520 1096 1611 urbis,
1125 1520 1321 1597 monachos
1408 1588 1426 1609 ,

255 1638 392 1735 posuit,
407 1637 526 1736 eisque
543 1636 750 1736 religiosum
768 1653 804 1710 et
819 1639 1016 1736 sapientem
1034 1636 1264 1712 Rodbertum
1278 1638 1321 1712 de
1365 1680 1432 1731 ξ

255 1755 487 1851 Tumbalenia
502 1770 643 1854 patrem
657 1758 870 1855 praeposuit,
887 1757 948 1856 qui
964 1757 1059 1829 inter
1075 1756 1214 1858 reliqua
1232 1759 1403 1857 peri-s
1413 1814 1435 1845 ,.

255 1872 315 1946 tiae
328 1899 401 1947 suae
414 1888 668 1961 monumenta,
685 1871 832 1946 brevem
845 1890 882 1946 et
893 1874 1131 1963 luculentam,
1147 1900 1435 1975 sensuque-33

254 1988 470 2088 profundam
483 2014 590 2088 super
606 1988 749 2061 Cantica
760 1988 991 2063 Canticorum
1005 1990 1269 2088 expositionem
1279 1989 1312 2061 di
1321 1996 1376 2067 i
1390 2005 1434 2077 15.

255 2109 352 2182 misit
370 2109 407 2181 in
424 2108 583 2182 eeclesia.
598 2109 735 2182 Verum
750 2123 941 2208 postquam
957 2109 1125 2207 praelatus
1140 2107 1301 2207 pontifex
1356 2146 1429 2211 2,

254 2241 295 2298 ut
316 2224 527 2324 praedietum
549 2241 619 2313 est,
646 2226 782 2298 clausus
803 2226 871 2297 luit
891 2226 927 2297 in
945 2248 1104 2317 earcere,
1129 2224 1429 2325 praedictat„

254 2340 362 2414 abbas
384 2343 519 2415 relictis
540 2341 709 2415 omnibus
730 2343 890 2440 perrexit
911 2366 1083 2443 peregre,
1103 2344 1427 2443 veniensqutm

255 2459 429 2549 Romam,
456 2487 474 2532 a
496 2459 675 2560 Gregorio
695 2460 775 2533 Vlr
800 2461 894 2559 Papa
914 2459 1079 2533 detentus
1101 2460 1419 2562 honorifioQ,

254 2602 365 2678 usque
392 2576 436 2650 ad
460 2593 616 2650 mortem
645 2577 817 2650 Romanae
842 2575 995 2650 fideliter
1020 2578 1169 2651 servivit
1191 2578 1417 2661 Ecelffl.

254 2696 315 2787 siae
329 2697 398 2791 (5).
412 2694 617 2769 Fundamre
629 2696 747 2794 itaque
758 2695 925 2794 episcopo
941 2696 1091 2768 vinculis
1103 2697 1409 2795 mancipat-20,

287 2976 327 3043 (ι)
339 2974 405 3028 Ceci
416 2992 433 3027 a
445 2976 489 3028 ete
502 2975 572 3028 ecrit
583 2983 665 3027 avant
677 2972 702 3027 la
714 2983 789 3027 mort
803 2971 838 3027 de
852 2973 942 3028 Henri
955 2972 987 3025 l·r
1002 2972 1051 3044 (1‘r
1064 2970 1215 3027 decembre
1231 2969 1394 3042 ιιὸ-ιῆ,

288 3062 328 3133 (2)
343 3063 384 3118 Ce
403 3065 451 3136 qui
471 3063 588 3117 subsiste
608 3063 643 3117 de
663 3073 736 3117 cette
752 3063 942 3118 construction
957 3063 1110 3136 (plusieurs
1126 3065 1235 3118 travees
1250 3062 1361 3118 ἀΞ
1369 3063 1390 3119 la

254 3152 327 3223 nel),
342 3162 384 3207 est
394 3151 478 3206 d’une
492 3152 688 3224 magnificence
702 3151 903 3226 remarquable.

287 3240 328 3315 (3)
346 3242 427 3297 Cette
446 3240 591 3296 fondation
611 3251 661 3295 eut
678 3241 735 3296 lieu
752 3260 787 3296 eu
810 3241 886 3296 1066.
907 3240 973 3296 Odo
994 3242 1065 3295 avait
1083 3241 1142 3314 pris
1161 3240 1271 3297 Rohert
1351 3238 1377 3295 dr

253 3330 435 3389 Tomhelaine
454 3335 470 3386 a
491 3331 613 3404 l'abbaye
634 3330 674 3385 du
693 3330 1009 3398 Mont-Saint-Mielrel,
1031 3330 1101 3385 ainsi
1120 3347 1178 3402 que
1198 3329 1239 3386 les
1259 3350 1274 3385 c
1296 3326 1371 3402 inq

251 3432 346 3478 autres
358 3422 480 3489 moines,
497 3418 567 3475 dont
582 3421 602 3475 il
614 3419 640 3475 le
654 3422 791 3475 constitua
804 3420 884 3474 abbe.
897 3419 945 3475 On
959 3419 1011 3474 suit
1022 3437 1076 3492 que
1089 3419 1272 3474 Tombelaine
1331 3429 1363 3470 eu

252 3530 291 3567 uu
304 3511 405 3567 rocher
415 3511 504 3566 roisin
516 3511 555 3564 du
566 3508 872 3577 Mont-Saint·Michel,
886 3520 915 3564 et
925 3510 997 3564 sitne
1008 3526 1117 3563 comme
1128 3508 1171 3564 lui
1181 3527 1218 3563 au
1230 3502 1355 3564 milies

251 3600 289 3657 de
303 3600 392 3656 sebles
408 3620 463 3675 que
479 3600 504 3654 la
523 3620 583 3655 mer
601 3601 714 3655 envahit
730 3604 745 3654 a
762 3610 855 3654 toutcs
870 3599 909 3654 les
926 3599 1026 3653 hautes
1040 3600 1156 3653 mardes.
1173 3597 1222 3654 On
1236 3593 1347 3672 yvvd

251 3704 353 3743 encore
365 3688 406 3743 les
417 3690 535 3761 vestiges
548 3689 596 3744 des
609 3690 779 3745 habitatione
792 3699 821 3743 et
833 3688 872 3743 du
885 3688 1001 3743 chiteau
1013 3688 1062 3761 qui
1074 3705 1092 3759 y
1103 3697 1154 3742 out
1165 3688 1255 3743 existe
1262 3686 1334 3758 iw-

251 3778 336 3853 qu'au
354 3791 401 3833 xv·
420 3778 511 3834 siecle.
535 3780 643 3853 Voyez,
663 3799 711 3836 sur
729 3781 755 3834 la
773 3782 815 3834 vie
832 3791 861 3835 et
877 3797 925 3834 sur
941 3778 980 3833 les
996 3794 1131 3851 ouvrages
1146 3778 1182 3834 dc
1200 3777 1324 3837 notem

251 3866 394 3925 t'flr‘sntre
405 3867 538 3922 litte'ruire
550 3869 586 3924 cle
598 3872 720 3940 Frunee,
736 3882 756 3926 t.
773 3871 844 3929 t'111
851 3914 858 3939 ,
871 3890 899 3944 p.
912 3867 965 3936 334
976 3880 1003 3924 et
1015 3870 1084 3924 suiv.
1098 3868 1122 3924 ll
1133 3869 1204 3924 n'est
1217 3886 1263 3942 pas
1276 3863 1319 3920 sir

171 3966 178 3975 ·
248 3954 321 4008 m’il
332 3955 391 4011 soit
403 3958 476 4011 reate
488 3960 504 4010 u
515 3957 604 4015 Rome
616 3962 726 4036 jusqu’t
738 3980 767 4016 sa
783 3973 869 4029 mort,
887 3979 995 4016 comme
1009 3959 1090 4014 ledit
1108 3970 1189 4014 notre
1206 3969 1310 4017 autem

399 4060 435 4097 au
454 4049 591 4104 mntraire
607 4051 703 4120 (Gall.
728 4053 841 4119 Christ,
860 4063 880 4106 t.
899 4051 954 4111 xl.
973 4069 997 4104 c.
1016 4052 1083 4120 lot)
1100 4050 1230 4123 qu’apres
1247 4047 1308 4104 avoir

409 4142 600 4206 ’810800Μῆ
620 4142 760 4217 Gre'goire
779 4144 847 4209 Vll,
866 4143 885 4197 il
905 4143 996 4197 revint
1012 4159 1105 4213 passer
1121 4158 1166 4194 ses
1180 4139 1305 4197 demittet
1408 4138 1421 4169 l

425 4220 711 4289 'dont-Stint-Miclrel.
