2888 4934
269 440 331 500 ssu
547 436 731 497 ursmari
752 437 1059 498 nccsasnsrrcn
1134 443 1233 518 [suno
1252 442 1343 518 ruas]

268 569 331 669 qui
358 568 538 641 civitatem
559 566 605 641 ab
626 567 760 667 oppido
790 584 985 669 utcumque
1013 571 1111 642 tenui
1134 569 1346 645 discrimine

267 683 472 784 separabat,
493 683 695 759 conducere
713 710 789 759 non
806 701 970 784 possent,
993 686 1116 786 ignem
1133 688 1285 761 immitti
1307 689 1343 761 in

267 803 449 876 civitatem
466 801 748 893 mandaverunt,
768 818 805 877 et
821 804 870 877 sic
885 804 1040 878 eviratos
1061 803 1107 879 de
1122 802 1295 879 domibus
1310 823 1346 880 et

267 916 427 992 latibulis
445 918 691 993 delitescentes
707 936 945 994 extraxerunt
962 921 977 1018 (
986 921 1029 1018 ι).
1050 921 1148 1021 lgnis
1166 921 1291 1022 itaque
1308 923 1344 995 in

268 1036 378 1125 urbe,
393 1064 462 1138 qna
477 1053 579 1138 parte
593 1038 768 1137 palatium
780 1038 939 1112 Gassiani
953 1039 1206 1137 prominebat,
1220 1067 1345 1114 accerr-

267 1180 325 1225 sus
342 1169 415 1243 est,
434 1169 471 1226 et
490 1152 536 1226 ab
553 1153 641 1228 bora
666 1152 735 1227 diei
760 1156 865 1227 tertia
892 1153 1065 1255 usquead
1091 1171 1241 1229 noctem
1266 1182 1345 1230 me-

265 1268 381 1360 diam,
398 1296 474 1343 non
492 1269 633 1344 deleuit.
649 1271 698 1343 Et
714 1271 842 1344 domus
860 1271 918 1345 vel
934 1272 1091 1346 ecclesiae
1106 1274 1259 1346 circiter
1273 1272 1344 1348 duo

266 1387 380 1461 millia
392 1386 589 1462 combusta
600 1405 697 1462 sunt.
711 1390 809 1486 lgnis
819 1389 932 1488 igitur
939 1390 1076 1487 sopitus
1086 1405 1153 1478 est,
1169 1391 1342 1491 quoniam

267 1508 386 1581 omnis
398 1523 592 1581 ventorum
600 1507 722 1581 feritas
732 1507 890 1580 evanuit.
906 1505 1122 1594 Christiani,
1136 1507 1342 1582 furentibus

266 1622 419 1696 llammis
446 1625 484 1696 in
519 1623 681 1722 hospitiis
710 1624 797 1712 suis,
824 1623 947 1722 spoliis
982 1624 1052 1696 suis
1078 1625 1138 1697 vix
1167 1628 1340 1724 arreptis,

267 1739 379 1812 coacti
393 1736 438 1811 ad
450 1737 557 1812 duces
570 1740 831 1839 confugerunt,
846 1766 888 1812 ac
901 1737 945 1811 ad
958 1754 1080 1838 portas
1092 1737 1215 1829 urbis,
1230 1766 1343 1813 excu-

266 1855 376 1929 bandi
404 1857 537 1957 gratia,
566 1857 688 1930 locum
712 1857 955 1958 unnsquisque
982 1873 1214 1956 acceperunt.
1245 1860 1343 1931 lnter

266 1976 424 2048 Francos
441 1990 477 2049 et
496 1976 635 2049 Tuscos
651 1973 851 2074 oppidanos
868 1973 1026 2048 assiduus
1044 1973 1237 2049 conflictus
1251 1992 1338 2049 erat.

266 2094 349 2165 Jam
371 2093 470 2165 enim
489 2117 545 2166 res
568 2090 719 2165 brachio
735 2118 919 2193 manuque
939 2092 1115 2166 duntaxat
1131 2092 1338 2192 gerebatur.

266 2212 348 2282 Jam
362 2211 526 2284 cominus
546 2212 718 2310 utrinque
733 2211 952 2300 certabatur,
973 2237 1041 2285 nec
1055 2210 1195 2284 bellum
1209 2211 1255 2284 ad
1271 2238 1342 2286 mo

267 2343 432 2400 mentum
458 2325 804 2426 interrumpebatur.
825 2330 954 2418 anci,
975 2329 1096 2428 plures
1113 2355 1290 2413 numero,
1308 2346 1343 2402 et

269 2447 485 2545 impensiore
514 2447 708 2520 confortati
736 2448 838 2536 cibo,
873 2448 1011 2521 vicibus
1036 2447 1103 2520 sibi
1132 2448 1337 2536 succedere,

268 2562 358 2635 nihil
394 2563 612 2637 intentatum
643 2565 945 2662 praetermittere,
984 2564 1142 2638 Francos
1175 2565 1339 2638 audacter

268 2679 433 2780 aggredi,
454 2680 551 2754 ultro
577 2705 613 2753 sc
637 2668 887 2780 co'ngrcssibns
911 2683 1075 2780 ingerere
1082 2735 1093 2770 ,
1120 2683 1213 2754 alius
1232 2683 1339 2755 alium

268 2794 1337 2898 commonereFranciecontra,immoderantcrangustiati,

268 2915 453 3002 vacillare,
469 2939 536 2986 nec
553 2911 674 2986 cibum
690 2939 756 2987 nec
767 2939 937 2987 somnum
948 2938 1094 3013 capere,
1110 2917 1248 3014 quippe
1263 2916 1341 3014 qni·

268 3031 334 3104 bus
352 3032 448 3103 nulla
470 3029 622 3103 elabatur
643 3032 795 3130 requies.
814 3030 939 3104 Altum
958 3031 1068 3130 igitur
1084 3058 1233 3104 murum
1247 3031 1340 3105 silice

269 3164 305 3221 et
325 3163 503 3221 caemento
519 3172 602 3219 cum
620 3146 716 3219 calce
732 3147 887 3246 aggressi
904 3161 988 3218 sunt
1005 3145 1207 3245 provehere
1214 3202 1225 3236 ,
1246 3173 1340 3247 qno·

269 3268 367 3340 niam
392 3266 503 3338 alium
512 3317 523 3351 ,
548 3289 657 3364 quem
684 3265 978 3338 incaementatum
999 3281 1211 3354 erexerant,
1232 3264 1338 3337 Turci

267 3382 369 3458 sncile
383 3396 669 3482 prostraverant.

318 3497 478 3592 Quadam
494 3514 615 3585 nocte,
635 3495 681 3568 ab
699 3495 885 3570 occidente
903 3498 996 3597 ignis
1010 3496 1056 3569 de
1067 3497 1166 3571 coelo
1180 3498 1277 3569 uisus
1293 3514 1341 3569 est

270 3617 458 3688 imminere
478 3615 551 3712 (2),
571 3630 608 3686 et
626 3615 721 3685 intra
739 3614 943 3687 Turoorum
960 3630 1074 3688 castra
1097 3626 1272 3713 tanquam
1291 3640 1341 3686 ca·

303 3874 343 3942 (ι)
358 3871 473 3926 Suirant
484 3870 573 3924 Raoul
583 3870 618 3924 de
630 3871 720 3938 Caen,
734 3889 765 3924 ce
779 3871 862 3925 serait
873 3870 899 3925 le
908 3881 999 3927 comte
1010 3869 1045 3925 de
1058 3869 1179 3925 Flandre
1190 3873 1241 3945 qui
1254 3872 1340 3926 aurait

269 3962 322 4018 mis
336 3960 361 4013 le
374 3959 419 4013 len
434 3961 449 4012 a
464 3959 489 4011 la
504 3958 581 4024 rille;
596 3959 664 4013 mais
676 3959 772 4014 Pierre
784 3957 953 4028 Tudebode,
967 3961 1072 4014 temoin
1086 3959 1225 4029 oculaire,
1239 3961 1340 4015 affimre

270 4051 465 4126 positiremcnt
479 4067 533 4121 que
548 4060 620 4105 cette
635 4068 744 4105 mesine
758 4050 802 4104 fut
816 4052 890 4123 prise
902 4068 952 4123 par
964 4049 1119 4106 Boe'rnond.

304 4148 342 4214 (a)
362 4143 443 4197 Crttu
460 4142 556 4211 cspece
574 4141 701 4196 ‹l'anrorc
720 4141 830 4196 bordain
846 4143 888 4196 lut
902 4141 998 4197 risible
1008 4130 1140 4216 jusqu'en
1153 4140 1337 4199 Normandir.

270 4248 295 4290 rt
311 4230 399 4289 llaoul
414 4231 448 4287 dc
462 4231 537 4286 Casu
550 4249 620 4286 nous
635 4242 732 4287 atteste
748 4251 784 4288 en
800 4234 875 4289 avoir
893 4236 1022 4289 conscrvc'
1038 4233 1063 4288 lc
1076 4235 1217 4301 sourcuir,
1234 4252 1339 4296 commr
