2888 4934
190 453 249 511 us
467 444 654 509 utsrotua
675 443 984 507 ecetestssuca.
1154 450 1267 526 [1⁰97]

192 582 376 680 copiosum
392 594 591 652 mercatum
607 576 829 651 detulerunt.
848 575 903 648 lbi
920 578 1184 679 aliquantisper
1199 579 1266 653 de-

188 699 320 773 morati
328 714 425 786 sunt,
438 697 554 770 donec
566 694 833 796 quantumlibet
841 698 1119 794 recrearentur(
1126 698 1265 796 1).Post

189 818 284 904 haec,
302 816 449 914 ingressi
463 829 548 887 sunt
560 813 690 886 vallem
706 813 895 910 inclytam,
912 813 1106 913 spatiosam
1123 828 1163 889 et
1178 816 1264 889 ube·

188 956 267 1005 rem
276 986 287 1021 ,
310 933 348 1004 in
366 958 435 1033 qua
453 931 551 1032 regia
565 946 601 1004 et
616 931 748 1005 famosa
765 929 888 1004 civitas
904 931 1097 1006 Antiochia
1111 934 1180 1006 sita
1191 950 1260 1023 est3
1282 965 1291 982 ·

188 1074 271 1148 quae
288 1049 397 1122 totius
414 1048 526 1146 Syriae
554 1048 766 1146 metropolis
784 1064 821 1121 et
841 1049 1011 1148 princeps
1025 1065 1098 1137 est,
1126 1051 1166 1123 in
1194 1075 1262 1150 qm

188 1165 415 1264 primicerius
426 1165 672 1264 apostolorum
684 1165 809 1237 Petrus
820 1162 1025 1238 cathedram
1035 1163 1262 1264 habuitpon·

189 1280 369 1355 tilicalem.
385 1281 503 1370 Nunc,
518 1281 662 1356 ecculm
669 1279 889 1380 Deijudicio,
903 1280 963 1355 sed
968 1283 1081 1382 justo,
1094 1283 1261 1380 plurimu

191 1397 228 1469 in
256 1421 295 1469 ea
322 1397 479 1470 ecclesiae
504 1395 635 1468 dirutae
663 1412 767 1485 suist,
796 1412 833 1468 et
856 1395 1071 1496 quibusdam
1098 1396 1262 1470 humanis

188 1514 309 1589 usibus
337 1517 578 1589 irreverenter
608 1515 794 1613 applicatae
823 1531 907 1587 sunt
936 1517 1005 1612 (a).
1036 1515 1257 1604 cursitores,

188 1835 288 1882 auteur
301 1843 336 1878 va
348 1841 417 1878 nous
430 1823 491 1878 dire
504 1823 539 1878 de
552 1841 601 1878 son
616 1823 739 1887 activite,
756 1825 824 1879 etait
840 1826 913 1878 reste'
926 1843 961 1878 en
977 1823 1082 1879 arriire
1096 1823 1138 1877 du
1153 1841 1218 1898 gros
1228 1822 1262 1879 de

188 1913 310 1969 l‘armee.

223 2005 265 2074 (ι)
276 2002 365 2057 Notre
377 2011 477 2057 auteur
488 2019 504 2056 a
516 2001 627 2076 neglige
639 2001 675 2056 de
689 2000 780 2074 parler
792 2000 828 2055 de
837 2000 1021 2074 l’occupation
1030 2018 1083 2075 par
1094 2000 1137 2056 les
1145 2002 1260 2068 emises,

190 2093 340 2160 d’Artesie,
353 2093 506 2148 l‘ancienne
519 2091 642 2160 Chalcis,
659 2091 721 2147 ville
735 2092 823 2149 situas
839 2101 919 2147 entre
931 2091 1051 2147 Maresie
1062 2101 1092 2146 et
1107 2090 1260 2162 Antioche,

189 2182 238 2257 qui
254 2183 344 2238 s'etait
360 2182 467 2237 rendae
483 2186 498 2235 a
515 2181 634 2247 Robert‚
653 2191 743 2235 comte
757 2179 792 2236 de
804 2180 935 2236 Flandre.
957 2182 1025 2236 Pres
1046 2180 1096 2236 des
1116 2182 1213 2237 ruiues
1229 2179 1263 2235 de

190 2280 263 2326 cette
273 2271 337 2326 ville
349 2271 424 2326 etde
436 2289 485 2326 son
497 2270 630 2341 etatem,
643 2288 682 2324 nn
694 2269 793 2343 village
804 2281 884 2343 porte
895 2289 997 2326 encore
1009 2271 1036 2326 le
1048 2289 1117 2326 nom
1127 2271 1261 2327 d’Brtcsi.

190 2361 305 2420 suivant
315 2361 440 2417 Mathien
448 2361 537 2430 Patris,
548 2360 574 2415 le
585 2360 639 2415 duc
648 2359 683 2414 de
693 2361 718 2416 N
720 2360 865 2417 ormandie
876 2363 1111 2435 auraitpourtant
1123 2376 1263 2417 cononum

190 2470 205 2504 a
219 2467 248 2504 sa
260 2468 343 2523 prise.

224 2539 264 2608 (a)
272 2536 433 2594 Guillaume
441 2537 476 2592 ‹le
486 2538 546 2610 Tyr
556 2554 626 2591 nous
635 2537 742 2592 fournit
751 2536 785 2592 de
795 2537 909 2594 curienx
917 2536 1015 2591 details
1024 2554 1074 2590 sur
1084 2536 1127 2591 les
1136 2546 1263 2608 ouuagcs

189 2645 244 2702 que
254 2626 293 2681 les
305 2629 493 2698 Musulmans‚
504 2629 561 2683 tres
573 2626 751 2682 iconoclastes
760 2627 795 2682 de
806 2627 868 2682 leur
877 2638 991 2693 nature,
1002 2626 1114 2681 avaient
1125 2628 1177 2681 fait
1189 2626 1263 2681 nubis

189 2735 243 2772 aux
254 2717 356 2790 ligures
367 2718 417 2772 des
428 2718 529 2786 saints,
542 2719 650 2791 peintes
657 2736 706 2773 sur
714 2718 754 2773 les
763 2717 904 2773 murailles
912 2717 960 2772 des
968 2717 1067 2791 egliaes
1077 2717 1260 2774 d'Antioche:

192 2808 222 2861 V
219 2810 374 2864 enerabiles
387 2828 496 2883 quoque
508 2808 675 2862 Sanctorum
687 2812 825 2882 imagines
838 2808 956 2881 (quihus
968 2810 1091 2880 simplex
1104 2809 1262 2881 popularet

187 2896 269 2967 plebs
277 2897 334 2953 Dei
341 2897 446 2953 cultrix
450 2939 458 2965 ,
470 2898 520 2968 pia
532 2894 654 2951 ruditate
666 2894 903 2964 commcndabilis,
917 2900 1000 2969 quasi
1008 2915 1061 2968 pro
1071 2896 1155 2951 libris
1164 2899 1261 2955 astitum

188 3005 252 3059 qua
261 2990 324 3041 uice
333 2988 458 3041 lectionis
466 2987 648 3057 simpliciores
656 2985 697 3041 ad
707 2986 879 3043 devotionem
889 2987 1024 3060 excitant)
1037 3006 1074 3042 ex
1087 2990 1158 3059 ipsis
1169 3004 1261 3041 corra-

188 3083 285 3129 serant
298 3074 454 3146 parictibus
470 3083 497 3128 et
515 3077 599 3147 quasi
615 3078 645 3129 in
663 3077 789 3130 viventes
804 3094 941 3147 personas
957 3074 1155 3143 desaevientes,
1173 3073 1262 3129 oculos

187 3161 359 3241 effoderant,
374 3163 571 3218 mutilaverant
580 3182 678 3232 nares,
693 3173 720 3218 ct
732 3165 790 3219 luto
801 3172 912 3236 sumpto
924 3163 960 3218 de
971 3161 1128 3217 immundis
1138 3161 1261 3217 obdure-

187 3263 262 3309 rant.
277 3253 357 3308 Will.
372 3254 441 3327 Tyr.
456 3246 531 3310 Hist.
545 3254 594 3310 lib.
610 3273 648 3309 va.
665 3255 748 3311 Voici
766 3256 940 3310 maintenant
955 3253 1077 3308 d’antres
1095 3251 1197 3307 details
1209 3267 1260 3304 uon

186 3345 278 3400 moins
295 3346 427 3413 curienx,
447 3362 495 3400 sur
511 3345 537 3400 la
554 3345 783 3401 transformation
797 3343 833 3399 de
847 3343 952 3417 l’eglise
970 3342 1007 3397 de
1021 3342 1213 3398 saint-Pierre
1228 3356 1260 3392 ea

184 3434 255 3489 trois
266 3437 469 3509 mosquees.....
481 3436 524 3490 Et
535 3438 592 3506 ipsi
606 3437 695 3490 Turci
707 3443 867 3502 tenuerunt,
880 3430 1169 3505 potiussoedavcrunt
1179 3428 1259 3485 ecele-

184 3528 257 3580 siam
271 3525 371 3581 Sancti
382 3525 472 3593 Petri,
490 3525 563 3580 etde
575 3526 626 3580 illa
638 3524 721 3581 domo
734 3525 790 3581 Dei
790 3525 929 3597 fecerunt
941 3525 996 3577 tria
1006 3522 1124 3577 oracula
1136 3519 1258 3579 diabolo;

184 3632 334 3690 omnesque
346 3619 496 3690 imagines,
509 3636 574 3690 aaa
582 3636 652 3672 auru
663 3626 836 3690 argentoque
847 3623 929 3670 erant
939 3615 1142 3687 pretiosissime
1153 3629 1258 3682 compo·

184 3704 260 3772 sitoe,
275 3713 360 3778 atque
375 3706 540 3761 mirabiliter
552 3725 605 3777 per
619 3715 706 3762 totam
722 3705 867 3761 eccesiam
870 3702 1032 3775 fulgebant
1036 3744 1044 3770 ,
1062 3704 1259 3774 coopenoenml

184 3793 261 3849 calce
273 3796 325 3850 vei
337 3813 430 3870 gypso
443 3806 471 3851 et
484 3783 660 3869 peromnem
674 3798 824 3869 imaginem
840 3797 1014 3866 scripserunt
1028 3792 1141 3847 litteras
1159 3789 1257 3844 ᾰωιιιι·

184 3900 262 3937 num.
280 3882 357 3939 Belli
373 3886 456 3941 Sacri
469 3886 554 3957 Hist,
574 3905 616 3942 tx.
633 3887 728 3960 Voyez
743 3886 815 3940 aussi
831 3884 870 3939 les
885 3881 984 3938 details
997 3881 1109 3939 soumis
1123 3880 1176 3936 ala
1191 3878 1257 3934 suite

181 3968 391 4044 flumme,
404 3992 453 4030 aur
460 3994 517 4033 une
527 3977 617 4052 ligure
625 3977 663 4031 du
672 3977 795 4032 Sanveur
804 3994 839 4029 au
850 3973 947 4030 milieu
958 3972 998 4027 du
1008 3971 1134 4047 plasond,
1147 3964 1255 4025 ‹l’abord

370 4075 494 4123 'canant
504 4085 561 4124 unc
570 4085 658 4124 renue
670 4065 799 4123 annuelle
812 4083 862 4139 par
874 4063 900 4118 le
914 4061 1087 4136 patriarche,
1102 4062 1165 4136 pois
1176 4060 1252 4113 mira-

418 4156 523 4233 ougo
536 4167 634 4215 contre
646 4158 672 4213 le
686 4158 830 4213 sanatisme
846 4155 894 4210 des
907 4151 1080 4211 masalmans
1098 4149 1218 4225 pendant
1230 4144 1252 4203 le
