2872 4920
183 408 241 470 104
456 410 639 471 Hts‘tottla
662 412 965 479 Etctssstssttcs.

228 542 270 615 ln
294 539 493 640 hujusmodi
517 542 841 641 permutationibus
861 544 972 617 exteri
998 546 1152 618 cultores
1171 545 1244 619 tat-

180 659 322 748 luntur3
345 657 404 730 sed
426 657 668 733 benivolentia
693 662 812 760 pleni,
837 661 974 734 facilem
1001 664 1141 735 veniam
1165 688 1244 737 nou

180 776 345 851 malitiosi
360 777 493 851 erroris
508 797 790 879 consequuntur.
807 780 934 853 Nactas
947 782 1080 880 qnippe
1090 779 1244 854 fortuitu

179 893 345 993 reliquias
368 919 436 992 pro
460 920 560 992 posse
582 921 646 968 suo
665 895 879 984 sublimant,
902 896 961 969 sed
983 895 1029 969 de
1049 898 1247 997 peregrino

180 1007 217 1080 in
239 1034 300 1080 sua
321 1006 547 1108 indagatione
565 1008 746 1085 Ansberto
766 1027 907 1100 errant;
928 1036 1036 1111 quem
1055 1012 1134 1109 plus
1146 1014 1246 1112 justo

180 1139 451 1221 promoventes,
480 1125 786 1227 archiepiscopum
813 1128 1113 1227 Rotomagensem
1136 1144 1248 1201 autu-

179 1255 291 1317 mant.
311 1240 448 1315 Verum
466 1241 633 1321 audacter
649 1268 810 1318 assevero
826 1242 923 1344 quod
946 1244 1101 1342 plurima
1123 1244 1248 1318 inves-

179 1359 351 1457 tigatione
367 1359 501 1434 edidici
519 1363 598 1434 sine
615 1359 739 1435 dubio.
762 1363 938 1436 Uticensis
955 1364 1126 1435 nimirum
1147 1362 1249 1436 Ans-

178 1474 372 1551 bertusille
378 1479 518 1576 juvenis
529 1493 595 1567 est,
607 1480 670 1578 qni
680 1480 756 1551 sine
765 1481 895 1554 viatico
904 1494 1051 1579 repente
1061 1478 1248 1554 defunctus

180 1606 249 1680 est,
271 1590 333 1664 sed
353 1618 439 1667 mox
458 1620 478 1665 a
501 1610 624 1668 sancto
640 1612 743 1693 patre
763 1594 915 1669 Ebrnlso
936 1599 1161 1670 resuscitatus
1177 1614 1245 1671 est.

180 1708 342 1808 Denique
354 1725 521 1808 percepta
532 1713 787 1787 communione
799 1713 969 1813 migravit
981 1712 1024 1785 ad
1035 1714 1247 1799 Dominum,

180 1841 217 1896 et
234 1826 447 1900 Sanctorum
469 1827 621 1900 feliciter
638 1827 785 1927 adeptus
806 1845 859 1902 est
882 1830 1101 1903 convivium.
1127 1830 1247 1905 Roto-

180 1942 356 2040 magensis
376 1957 494 2014 autem
512 1941 713 2016 Ansbertus
734 1970 816 2017 oum
834 1942 1103 2043 Wandregisilo
1118 1943 1250 2020 abbate

181 2074 216 2151 et
229 2058 441 2135 ¹Gtvllranno
457 2059 710 2159 archipresule
723 2061 921 2134 Senonensi
939 2060 1154 2135 Fontinellae
1169 2088 1250 2136 ser-

181 2166 286 2250 vatur
305 2180 378 2278 (r),
400 2178 591 2280 debitaque
607 2207 627 2252 a
643 2180 714 2252 suis
732 2181 932 2253 reverentia
951 2178 1111 2279 quotidie
1128 2179 1251 2255 hono-

182 2310 296 2378 ratur.
315 2296 402 2370 llaec
413 2295 458 2369 de
470 2298 665 2397 partitione
681 2297 843 2395 eorporis
858 2297 896 2367 S.
915 2295 1059 2368 Ebrulfi
1075 2299 1250 2371 veraciter

183 2412 324 2499 notavi,
350 2413 441 2486 sicut
461 2440 480 2489 a
499 2413 673 2513 religiosis
690 2430 726 2487 et
744 2411 929 2487 veracibus
947 2413 1133 2487 silicerniis
1150 2417 1250 2515 jam·

182 2525 319 2618 dudum
336 2527 467 2623 andivi,

232 2649 409 2724 Defuncto
429 2649 581 2750 Hugone
603 2651 756 2752 Magno,
779 2618 872 2723 lilius
888 2653 962 2751 ejus
978 2653 1084 2750 Hugo
1099 2650 1255 2751 Magnae

183 2767 221 2852 in
244 2766 376 2841 ducatu
396 2769 581 2858 successit,
607 2786 643 2842 et
664 2769 754 2844 ortis
776 2752 988 2870 quibusdam
1010 2765 1254 2841 simultatibus

220 3033 258 3100 (ι)
270 3030 358 3084 Notre
369 3041 469 3084 anteur
481 3030 575 3085 oublie
587 3030 622 3084 ici
637 3029 705 3103 qu’il
717 3049 733 3092 a
744 3028 787 3083 dit
799 3030 981 3101 prc'cisement
990 3027 1017 3082 le
1025 3027 1164 3082 contraite
1175 3027 1254 3101 quel-

185 3136 253 3192 ques
266 3117 452 3191 paraqraphes
465 3117 527 3190 plns
539 3118 619 3174 haut.
632 3119 727 3189 Voyez
739 3116 889 3184 ci·dessus‚
906 3135 935 3189 p.
948 3118 993 3182 84.

220 3207 257 3262 Le
268 3208 361 3262 moine
374 3205 411 3260 de
423 3205 534 3273 Rebais‚
550 3207 598 3280 qui
611 3226 628 3260 a
639 3207 710 3261 ecrit
724 3224 779 3260 une
793 3216 889 3262 eourte
903 3206 1021 3261 relation
1034 3205 1069 3260 de
1082 3204 1208 3259 l’arrivee
1217 3203 1253 3259 de

184 3315 229 3352 ces
247 3297 368 3372 reliques
388 3295 456 3351 (lans
475 3314 525 3352 son
543 3296 647 3369 abbaye
667 3296 764 3369 (voyez
784 3297 858 3350 Acus
878 3297 932 3352 SS.
954 3295 1015 3351 ord.
1038 3296 1071 3350 S.
1092 3292 1251 3357 Benedicti,

184 3408 243 3446 sec.
256 3393 305 3460 v),
324 3400 446 3445 commet
464 3388 649 3462 precisemeut
667 3386 784 3442 l’eneur
801 3397 898 3442 contre
914 3384 1032 3460 laquelle
1054 3394 1135 3439 notre
1152 3393 1254 3438 auteur

184 3483 260 3537 vient
272 3479 308 3535 de
321 3480 441 3547 s'eleven
455 3490 484 3534 et
497 3479 546 3552 qui
563 3478 632 3533 e'tait
649 3476 860 3550 probablement
877 3476 904 3530 la
921 3475 1054 3531 tradition
1074 3471 1254 3527 uuivenelle-

184 3581 262 3626 ruent
273 3570 390 3644 adoptee
401 3568 470 3624 dans
480 3580 524 3624 cet
532 3567 750 3634 etablissement,
766 3566 855 3621 savoie
865 3590 871 3622 :
883 3584 938 3639 que
950 3566 1023 3619 saint
1034 3563 1169 3629 Ansbm,
1184 3560 1254 3617 dont

184 3659 223 3715 les
239 3659 361 3735 reliques
376 3678 393 3730 y
412 3660 520 3714 avaient
533 3660 579 3713 eta
595 3659 741 3730 apportees
756 3674 805 3728 par
817 3655 907 3710 Raoul
920 3652 955 3709 de
968 3654 1086 3721 Drachi,
1102 3653 1170 3724 e‘tait
1182 3651 1255 3706 saint

185 3751 317 3817 ambert,
332 3750 507 3824 archeveque
517 3747 553 3803 dc
564 3747 674 3802 Ronen.

221 3841 300 3896 Cette
316 3838 435 3893 relation
451 3838 588 3893 renlerme
600 3853 701 3891 encore
714 3852 770 3889 une
785 3842 865 3887 autre
876 3851 975 3888 erreur
989 3849 1079 3904 grave.
1092 3831 1116 3885 ll
1126 3851 1145 3904 y
1156 3840 1201 3893 eat
1212 3830 1256 3885 dit

184 3948 240 4006 que
254 3948 299 3985 ees
316 3926 436 4002 reliques
452 3927 547 3982 iurent
559 3928 705 3999 apportees
719 3923 755 3978 de
768 3920 940 3977 Nonnandie
952 3939 988 3975 au
1001 3931 1097 3976 retour
1109 3919 1195 3975 d'une
1211 3920 1257 3974 in·

185 4022 278 4077 vasion
288 4019 324 4074 de
333 4037 364 4073 ce
374 4035 439 4092 pays
449 4037 500 4090 par
510 4017 536 4073 le
547 4018 589 4072 roi
600 4015 720 4080 Robert‚
733 4013 918 4086 competiteur
927 4010 962 4065 de
972 4008 1254 4088 Charlosle-Simplq

186 4112 308 4168 invasion
317 4108 365 4187 qui
376 4107 418 4172 n’a
426 4107 524 4181 jamajs
532 4107 627 4170 existe,
641 4105 662 4158 si
675 4123 706 4157 ce
718 4103 787 4157 n’est
798 4101 866 4156 dans
879 4101 1080 4171 l’itnagination
1091 4098 1139 4152 des
1149 4099 1256 4153 moines

184 4203 219 4256 vlo
234 4200 344 4256 Rebais.
