2888 4934
183 428 242 489 3⁴8
457 427 640 488 HISTORIA
663 425 968 486 ecctsssltsrlct
1145 432 1252 507 [1090]

182 560 358 658 persecuti
375 576 475 650 sunt,
497 561 616 658 eisque
632 557 859 630 saevientibus
874 558 1114 633 Ebroicenses
1128 561 1253 633 relicta

183 677 303 775 praeda
326 679 508 776 sugerunt.
541 679 643 749 Tune
664 674 875 748 Guillelmus
906 677 1142 750 Bretoliensis
1172 702 1253 749 cum

183 795 349 894 pluribus
362 811 483 894 captus
500 812 569 882 est,
584 811 621 866 et
633 793 820 866 victoriam
836 792 1037 893 hujusmodi
1051 821 1124 893 par
1137 808 1252 866 secuta

185 929 250 984 est.
277 910 513 986 Ebroicenses
537 913 655 1001 enim,
682 910 930 985 erubescentes
959 910 1059 1011 quod
1086 937 1253 1011 guerram

185 1028 337 1128 superbe
352 1045 558 1129 coeperant,
573 1046 609 1102 et
624 1028 704 1100 inde
723 1030 868 1101 maximi
886 1027 1027 1127 pondus
1044 1027 1251 1102 detrimenti

187 1171 268 1216 cum
282 1144 455 1218 dedecore
469 1146 713 1244 pertulerant,
729 1144 929 1217 conditioni
942 1145 1039 1242 pacis
1051 1159 1135 1241 post
1147 1143 1253 1214 trien·

187 1259 305 1332 nalem
320 1285 489 1360 guerram
505 1258 782 1359 adquieverunt,
800 1260 886 1331 etin
905 1285 1018 1331 unum
1036 1259 1252 1330 convenien-

187 1391 252 1462 tes,
267 1374 468 1475 hujnsmodi
482 1392 624 1473 pactum
636 1375 957 1448 confirmaverunt.
973 1372 1189 1446 Guillelmus
1202 1373 1250 1468 (r)

187 1494 365 1566 avunculo
390 1519 454 1566 suo
479 1490 669 1589 Radulplro
684 1492 753 1563 tria
772 1491 886 1564 millia
912 1490 1092 1564 librarum
1113 1514 1183 1587 pro
1201 1512 1249 1559 re·

187 1608 394 1708 demptione
403 1637 462 1682 sua
474 1608 584 1699 dedit,
597 1626 633 1682 et
642 1610 853 1709 Rogerium,
867 1609 1247 1689 consobrinumsuum,

187 1725 327 1800 Radulti
338 1726 451 1800 lilium
464 1728 531 1825 (a),
547 1728 657 1799 totius
666 1728 756 1826 juris
768 1729 819 1799 sni
832 1725 1001 1799 heredem
1011 1727 1111 1797 lecit.
1124 1722 1249 1796 Ebroi·

188 1846 301 1917 censis
314 1870 458 1945 quoque
472 1864 590 1918 comes
604 1844 770 1917 eumdem
783 1847 993 1944 Rogerium,
1011 1860 1139 1943 utpote
1151 1867 1251 1938 nepo

189 1978 262 2034 tem
284 1990 405 2053 sunm,
424 1964 628 2037 consulatus
641 1963 693 2034 sui
710 1961 877 2035 heredem
895 1964 1096 2037 constituit.
1116 1957 1187 2032 Sed
1198 1957 1250 2029 di·

190 2080 271 2150 vina
285 2078 486 2178 dispositio,
506 2107 587 2180 quae
605 2079 752 2151 nutibus
771 2079 935 2151 humanis
955 2105 1029 2152 non
1053 2075 1249 2176 subjicitur,

166 2191 170 2205 ’
188 2194 285 2267 aliud
296 2196 468 2295 providit.
485 2197 584 2269 ldem
595 2199 733 2296 juvenis
745 2197 907 2270 moribus
918 2196 1071 2295 egregiis
1084 2191 1249 2292 pollebat,

190 2328 226 2382 et
250 2316 389 2385 cunetis
410 2313 588 2386 sodalibus
612 2342 652 2386 ae
679 2313 844 2413 subjectis
862 2310 1053 2385 clientibus
1073 2327 1110 2383 et
1133 2308 1253 2381 vicinis

190 2426 383 2502 admodum
398 2430 560 2501 amabilis
574 2448 662 2502 erat.
684 2431 842 2504 Clericos
863 2447 899 2502 et
920 2429 1117 2502 monachos
1133 2426 1252 2524 dilige·

192 2544 254 2617 bat
286 2563 322 2619 et
351 2565 598 2646 competenter
631 2547 848 2621 honorabat.
880 2548 1048 2620 Pretiosis
1084 2542 1250 2626 vestibus,

191 2663 321 2761 quibus
333 2663 477 2761 superbi
493 2666 599 2736 nimis
615 2666 849 2756 insolescunt,
868 2665 918 2735 uti
933 2660 1211 2761 dedignabatur,
1223 2671 1253 2727 et

193 2782 229 2852 in
249 2784 349 2854 omni
366 2809 438 2855 esse
454 2809 518 2854 suo
531 2808 603 2854 sese
616 2781 777 2854 modeste
789 2807 915 2881 regere
928 2781 1124 2853 nitebatur.
1144 2777 1255 2870 Quou-

191 2897 274 2969 dam
293 2902 425 2972 milites
449 2901 554 2973 otiosi
574 2902 677 2973 simul
695 2903 731 2971 in
755 2902 833 2972 aula
850 2902 903 2998 (ὅ)
920 2898 1075 2970 (Bonchis
1090 2896 1255 2968 ludebant

191 3016 549 3114 etcolloquebantur,
560 3035 726 3089 eteorum
738 3017 884 3089 domina
896 3014 1081 3088 Elisabeth
1091 3013 1138 3086 de
1149 3011 1255 3084 diver·

192 3130 238 3200 sis
254 3131 487 3217 thematibus,
508 3150 548 3205 ut
560 3160 638 3205 mos
659 3152 712 3206 est
730 3133 952 3234 hujusmodi,
976 3128 1254 3206 confabulaban-

194 3266 267 3322 tur.
281 3253 386 3324 Tunc
400 3252 546 3351 quidam
563 3280 686 3325 eorum
700 3254 808 3341 dixit;
824 3254 954 3354 rtltper
972 3250 1048 3322 vidi
1063 3250 1254 3330 sananim,

194 3394 267 3466 quo
284 3370 396 3441 valde
412 3378 553 3442 territus
567 3398 661 3441 siem.
682 3372 868 3442 Videbam
884 3372 1086 3441 Dominum
1102 3371 1140 3436 in
1160 3384 1256 3437 eruet

182 3485 326 3583 fixum,
350 3488 396 3558 de
417 3505 488 3559 toto
513 3515 663 3588 corpore
681 3489 863 3576 liventem,
883 3511 1031 3584 seseque
1056 3483 1171 3581 quasi
1189 3501 1256 3578 pre

194 3607 368 3701 angustia
382 3605 490 3675 nimis
505 3620 743 3702 torquentem,
761 3600 887 3702 ruraque
900 3600 1053 3673 terribili
1069 3603 1153 3670 nisu
1168 3597 1257 3695 aspi·

193 3719 358 3823 cientem.
379 3719 479 3791 Talia
498 3720 680 3807 narranti,
699 3720 761 3818 qui
778 3717 946 3805 aderant,
966 3715 1163 3788 dixerunt:
1185 3710 1257 3781 Hoc

228 3942 265 4009 (ι)
280 3941 441 3996 Guillaume
454 3942 488 3996 de
503 3942 634 3997 breteuil.

231 4029 269 4100 (a)
287 4029 380 4102 Roger
395 4030 430 4084 de
444 4032 548 4099 Toem,
566 4030 668 4086 second
683 4031 724 4084 fils
736 4030 771 4084 de
786 4030 876 4084 Raoul
890 4029 925 4083 de
938 4028 1077 4084 Conches.

228 4117 266 4189 (5)
276 4120 417 4193 Quelques
428 4123 553 4194 porticus
563 4123 600 4175 du
614 4122 740 4189 chalman,
754 4122 823 4177 dont
833 4131 905 4177 cette
916 4120 980 4176 salle
991 4120 1081 4175 laisait
1092 4118 1189 4189 partie,
1200 4109 1250 4165 sule

194 4212 291 4264 sistent
305 4226 414 4263 encore.
