2888 4934
201 347 241 408 84
478 349 659 410 HISTORIA
682 349 985 411 tectusttstlcn.

197 480 280 553 dam
314 506 400 554 vero
439 481 700 555 intolerabilem
733 481 972 556 barbarorum
1005 484 1264 559 immanitatem

197 614 413 687 metuentes,
434 599 479 672 ad
490 617 609 672 extera
627 625 735 699 regna
753 603 940 699 sugerunt,
959 601 1019 673 ubi
1038 630 1263 703 paganorum

197 716 335 790 bellicae
364 719 458 790 vires
490 716 654 791 nondum
683 717 888 817 attigerant.
924 717 1083 817 Corpora
1118 747 1262 823 quoque

194 852 339 933 patrum
355 862 504 909 suorum
521 861 639 908 secum
657 835 936 925 transtulerunt,
955 862 1111 936 quorum
1130 839 1261 914 animae

194 966 349 1050 regnant
366 976 447 1023 cum
460 950 558 1050 Rege
574 945 749 1039 Sabaoth,
770 953 825 1023 cui
844 951 971 1024 devote
989 954 1024 1024 in
1043 952 1112 1027 boe
1128 956 1261 1029 saeeulo

192 1065 405 1138 servierunt.
425 1065 562 1164 Scripta
578 1066 686 1137 etiam
699 1064 743 1138 de
757 1067 863 1165 gestis
876 1065 1086 1140 eorumdem
1100 1085 1259 1168 patrum,

191 1181 287 1256 etde
304 1181 580 1281 possessionibus
600 1184 847 1271 ecclesiarum,
867 1209 948 1282 quae
966 1199 1003 1255 et
1019 1201 1163 1283 qtrantae
1180 1186 1261 1259 sue-

190 1301 285 1392 rint,
305 1301 359 1374 vel
378 1300 541 1402 aquibus
554 1300 664 1388 datae,
681 1303 820 1400 fugitivi
836 1328 954 1375 secum
971 1327 1121 1402 peregre
1136 1328 1258 1402 aspor-

190 1434 371 1509 taverunt,
381 1444 537 1518 quorum
547 1445 713 1518 magnam
726 1435 865 1517 partem
876 1434 930 1492 tot
944 1419 1256 1517 perturbationum

188 1537 357 1633 proceiiae
375 1552 590 1634 rapuerunt,
610 1561 710 1635 quae,
732 1536 824 1633 prob
840 1533 963 1609 dolor!
988 1536 1023 1608 in
1046 1537 1153 1609 tantis
1173 1562 1257 1611 mo-

189 1649 347 1725 tionibus
365 1668 437 1724 tam
453 1651 663 1751 periculosis
681 1651 963 1751 irreparabiliter
979 1653 1114 1752 perdita
1131 1671 1230 1729 sunt.

184 1849 187 1855 ¹
236 1770 314 1842 Hoc
336 1769 506 1842 nimirum
526 1770 822 1844 Gemmeticenses
842 1787 878 1842 et
900 1771 1182 1846 Fontinelienses
1201 1773 1257 1847 fe-

188 1903 328 1975 cerunt,
345 1888 509 1988 tristique
524 1888 722 1961 infortunio
733 1889 923 1987 praeventi,
939 1889 1054 1961 ablata
1070 1915 1257 1991 nunquam

187 2021 477 2104 reportaverunt.
498 2005 796 2079 Gemmeticenses
818 2005 916 2078 enim
934 2031 1087 2104 corpora
1109 2023 1256 2082 saneto-

188 2148 269 2194 rum
293 2122 454 2221 Hugonis
470 2120 748 2220 archiepiscopi,
771 2137 807 2193 et
827 2120 994 2194 Aiebadri
1012 2120 1149 2195 abbatis
1164 2124 1256 2197 Has-

188 2265 250 2339 pas
267 2240 322 2338 (t)
340 2239 620 2326 transtulerunt,
639 2264 721 2338 quoe
740 2238 776 2309 in
794 2238 933 2310 scriniis
949 2238 1113 2336 pretiosis
1128 2237 1257 2313 Camo-

188 2382 349 2432 raoenses
358 2354 656 2430 etAtrebatenses
668 2354 795 2427 incoiae
809 2371 1015 2427 reverenter
1028 2381 1139 2455 usque
1150 2355 1256 2430 bodie

188 2490 333 2547 servant
352 2489 388 2547 et
410 2473 592 2548 excolunt.
613 2472 895 2545 Fontiuelienses
916 2473 1148 2546 nihilominus
1167 2475 1256 2547 reli-

188 2591 289 2693 quias
314 2605 519 2663 sanctorum
545 2591 786 2681 consessorum
815 2587 1070 2688 Wandregisili
1096 2588 1253 2676 abbatis,

188 2708 357 2783 Ansberti
369 2707 623 2781 ethlsranni
636 2706 985 2805 archiepiscoporum
999 2706 1161 2780 Gandarn
1174 2732 1257 2806 por-

189 2843 356 2900 taverunt
372 2828 428 2926 (a)
437 2857 448 2916 3
477 2849 558 2926 quae
583 2853 602 2898 a
625 2823 817 2897 Flandritis
843 2848 953 2923 usque
979 2825 1015 2895 in
1041 2822 1255 2897 hodiernum

224 3065 264 3135 (s)
279 3064 414 3136 Haspres,
429 3075 508 3119 entre
520 3063 649 3118 Csmbrai
662 3074 690 3118 et
708 3062 921 3119 Valenciennes.
939 3060 962 3114 lt
983 3060 1072 3133 parsit
1091 3079 1146 3134 que
1168 3061 1256 3133 Pepiu

190 3153 341 3210 d’He'ristal
352 3155 422 3207 avait
434 3153 519 3207 fonde
530 3171 565 3207 en
575 3171 606 3207 ce
616 3151 686 3219 lieu,
701 3170 761 3207 vers
771 3152 797 3206 la
811 3152 846 3205 fin
861 3152 900 3205 du
912 3170 960 3205 vne
975 3151 1069 3216 strete,
1083 3168 1122 3204 un
1132 3151 1254 3222 prieure',

190 3243 259 3300 dont
272 3241 292 3296 it
304 3241 413 3315 'dis'posa
426 3261 460 3296 en
474 3242 569 3296 saveur
581 3240 616 3296 de
628 3242 779 3313 Jumie'ges.
800 3241 839 3296 Ce
852 3239 920 3315 qu’il
934 3259 953 3312 y
973 3260 988 3293 a
1006 3239 1040 3293 do
1053 3239 1173 3306 certain,
1190 3238 1257 3293 e'est

190 3353 245 3410 qne
253 3333 382 3406 lescorps
390 3332 425 3388 de
433 3330 666 3388 saintAicadreet
674 3331 709 3385 de
720 3332 791 3385 saint
800 3331 911 3402 Hugue,
924 3329 1094 3402 arebereque
1102 3327 1254 3394 deRouen,

189 3447 206 3500 y
223 3427 318 3482 iurent
333 3425 514 3498 transporte's‚
528 3441 599 3497 pour
612 3423 650 3477 les
663 3421 811 3477 soustraire
823 3440 876 3476 aux
889 3430 1017 3492 outrages
1030 3423 1083 3474 eta
1097 3418 1122 3473 la
1135 3419 1256 3492 rapacite

190 3516 242 3587 ties=
253 3518 379 3573 hommes
393 3514 430 3569 du
446 3513 540 3581 North
554 3514 623 3569 mais
636 3533 668 3567 ce
682 3532 716 3567 ne
729 3513 781 3567 dut
793 3513 852 3566 etro
866 3530 921 3586 que
932 3511 1181 3583 poste'rieuroment
1199 3512 1214 3563 b
1230 3508 1256 3562 la

189 3602 327 3672 premiere
338 3599 509 3656 devastatiou
521 3597 556 3653 de
565 3599 581 3653 J
584 3599 706 3671 umieges
719 3616 769 3669 par
781 3614 848 3664 eux,
863 3597 912 3670 qui
927 3606 975 3650 eut
985 3594 1054 3662 lieu,
1066 3611 1174 3648 comme
1185 3610 1256 3648 nous

188 3687 293 3744 l’arons
305 3689 349 3745 dir
360 3689 513 3755 ci·dessus,
528 3687 555 3743 le
568 3692 602 3755 at
615 3688 668 3741 mai
684 3687 745 3753 841.

226 3776 267 3843 (a)
279 3773 329 3830 Les
342 3790 423 3847 eorps
443 3773 478 3829 de
498 3773 569 3828 saint
581 3769 740 3827 Wandrille
752 3782 781 3825 et
793 3769 828 3825 de
838 3772 911 3826 saint
923 3772 1043 3826 Ausbert
1060 3769 1154 3823 sureut
1165 3778 1257 3822 trans·

190 3865 264 3920 stt&
276 3886 282 3918 z

228 3965 264 4010 ι’.
281 3952 362 4011 1231
381 3973 453 4009 mars
467 3959 532 4030 704,
548 3955 583 4011 de
603 3955 707 4030 l'egiise
720 3954 755 4011 de
774 3952 935 4009 Saint-Paut
956 3950 1023 4005 dans
1037 3949 1104 4004 celte
1116 3951 1150 4003 de
1163 3947 1258 4002 Saint-

176 4045 302 4114 ·Pierre,
318 4045 419 4100 situies
432 4043 505 4099 l'une
519 4055 547 4100 et
563 4044 660 4098 l’autre
673 4044 741 4098 dans
760 4044 904 4099 l'enceinte
917 4040 955 4095 du
969 4047 1088 4096 convent
1100 4037 1135 4090 do
1155 4037 1258 4090 Fonte·

182 4130 278 4199 ‚nstin
