2888 4934
184 395 294 475 [1091]
555 392 670 454 uram
692 392 878 491 ocmvus.
1183 395 1244 458 aco

183 550 265 598 mua
280 524 376 597 enim
394 520 560 612 daemon,
576 524 638 624 qui
651 546 758 622 super
773 520 938 596 eumdem
956 538 1125 597 truncum
1141 523 1245 598 sede-

183 640 263 731 bat,
281 641 392 740 igneis
406 639 603 714 calcaribus
616 641 655 713 in
672 639 804 712 lumbis
819 657 855 713 et
869 657 972 742 tergo
988 641 1246 742 sanguinolen-

182 773 262 829 tum
277 757 484 855 importune
497 754 715 830 stimulabat.
731 757 836 829 Hunc
848 757 1009 854 prolecto
1021 756 1247 831 Galchelmus

184 873 453 946 interfectorem
469 871 639 971 Stephani
651 869 849 971 presbyteri
862 875 1092 974 recognovit,
1107 890 1143 948 et
1156 876 1249 949 into-

183 989 384 1064 lerabiliter
415 991 566 1063 cruciari
595 1015 665 1089 pro
702 991 903 1063 innocentis
939 992 1110 1091 sanguine
1136 991 1245 1082 vidit,

184 1132 296 1207 quem
319 1122 402 1179 ante
418 1105 606 1179 biennium
627 1105 721 1180 idem
738 1104 883 1195 effudit,
908 1121 946 1180 et
962 1107 1051 1179 tanti
1068 1132 1142 1181 non
1160 1133 1248 1209 pcr-

185 1237 264 1295 acta
280 1222 497 1320 poenitentia
514 1220 644 1319 piaculi
658 1219 810 1293 obierat.

234 1338 373 1413 Deinde
391 1337 520 1412 cohors
531 1339 726 1411 mulierum
736 1353 854 1410 secuta
866 1351 931 1427 est,
947 1339 1044 1439 cujus
1055 1339 1250 1415 multitudo

185 1452 474 1527 innumerabilisv
493 1451 704 1552 presbytero
742 1452 814 1524 visa
844 1468 910 1525 est.
944 1452 1114 1528 Femineo
1147 1480 1250 1528 more

184 1570 414 1673 equitabant,
432 1587 468 1644 et
480 1573 518 1644 in
532 1569 744 1645 mulieribus
756 1569 850 1643 sellis
861 1570 1051 1661 sedebant,
1070 1573 1106 1645 iu
1121 1572 1268 1672 quibua

184 1690 276 1764 clavi
294 1689 459 1763 ardentes
472 1688 533 1761 fixi
550 1705 666 1762 erant.
687 1688 912 1789 Frequenter
926 1714 984 1762 eas
994 1705 1123 1762 ventus
1138 1691 1252 1789 spatio

184 1805 285 1906 quasi
304 1802 416 1878 cubiti
434 1805 539 1877 unius
552 1802 779 1895 sublevabat,
801 1819 838 1877 et
854 1830 940 1878 mox
953 1830 1061 1906 super
1075 1805 1177 1878 sudes
1190 1830 1253 1878 re-

186 1920 261 1995 labi
277 1920 429 1994 sinebat.
452 1922 528 1995 lllae
544 1938 663 1994 autem
683 1918 917 1994 candentibus
935 1920 1043 1995 clavis
1058 1922 1094 1995 in
1111 1921 1253 1994 natibus

186 2034 486 2124 vulnerabantur,
505 2051 542 2109 et
557 2033 812 2135 punctionibus
829 2061 869 2108 ac
882 2033 1067 2109 adustione
1088 2033 1254 2109 horribi-

188 2153 273 2227 liter
283 2169 404 2243 tortae,
419 2157 497 2226 ooe!
507 2156 585 2225 uoe!
595 2151 897 2242 vociferabantur,
910 2168 946 2225 et
956 2151 1087 2252 llagitia
1096 2177 1166 2252 pro
1174 2152 1266 2253 qui·-

188 2268 257 2343 bus
269 2271 319 2343 sic
330 2295 456 2368 poenas
468 2267 633 2358 luebant,
650 2269 766 2368 palam
778 2267 995 2342 fatebantur.
1010 2270 1068 2343 Sic
1080 2271 1255 2343 nimirum

188 2412 260 2486 pro
294 2385 471 2460 illecebris
508 2401 545 2459 et
577 2384 874 2461 delectationibus
906 2385 1092 2477 obscenis,
1125 2385 1255 2487 quibus

189 2505 288 2576 iuter
312 2503 482 2577 mortales
499 2502 732 2577 immoderate
746 2502 971 2593 fruebantur,
989 2530 1087 2578 nunc
1104 2504 1203 2604 ignes
1219 2519 1257 2577 et

187 2621 354 2709 soetores,
366 2625 409 2693 ‘et
425 2621 493 2693 alia
513 2621 618 2719 plura
636 2646 744 2720 quam
762 2621 888 2693 referri
905 2621 1060 2719 possint,
1083 2620 1256 2719 supplicia

186 2734 267 2810 dire
280 2738 480 2834 patiuntur,
495 2754 532 2810 et
547 2737 718 2836 ejulantes
729 2734 924 2810 miserabili
938 2761 1025 2810 voce
1037 2762 1165 2835 poenaa
1177 2761 1255 2808 suas

188 2851 360 2925 latentur.
388 2854 429 2924 ln
454 2852 523 2927 boc
543 2853 686 2952 agmine
710 2851 879 2951 praelatus
900 2850 1063 2928 sacerdos
1086 2850 1256 2948 quasdam

189 2966 332 3040 nobiles
346 2967 494 3042 seminas
510 2970 741 3069 recognovit,
756 2984 794 3043 et
808 2970 1022 3060 multarum,
1038 2996 1120 3072 quae
1132 2971 1257 3044 vitales

189 3080 307 3157 adbuc
320 3085 515 3184 carpebant
529 3113 652 3173 auras,
667 3111 819 3160 mannos
834 3102 871 3159 et
886 3087 1000 3161 mulas
1018 3114 1101 3162 cum
1117 3085 1257 3160 sambu-

192 3198 243 3272 cis
255 3199 492 3274 muliebribus
506 3205 561 3301 (ι)
574 3204 771 3302 prospexit.

241 3317 345 3389 Stans
370 3317 555 3417 presbyter
575 3319 704 3392 talibus
721 3321 803 3393 visis
826 3323 1062 3410 contremuit,
1081 3337 1117 3394 et
1145 3321 1257 3393 multa

193 3459 315 3508 seeum
331 3436 518 3510 revolvere
532 3439 657 3535 coepit.
677 3437 759 3511 Non
776 3439 892 3512 multo
909 3456 1010 3538 post,
1027 3463 1258 3512 numerosum

193 3575 322 3651 agmen
339 3551 555 3627 clericorum
570 3570 607 3628 et
617 3553 881 3628 monachorum
890 3610 901 3645 ,
911 3555 1048 3657 judices
1059 3571 1166 3655 atque
1178 3580 1259 3628 rcc-

194 3682 290 3740 tores
315 3692 463 3755 eorum,
483 3671 667 3769 episcopos
683 3688 720 3744 et
745 3671 890 3745 abbates
916 3699 998 3746 cum
1021 3671 1258 3771 pastoralibus

194 3780 370 3853 cambutis
397 3781 562 3857 advertit.
593 3785 722 3858 Clerici
751 3802 788 3858 ct
811 3785 966 3885 episcopi
999 3787 1112 3887 nigris
1139 3787 1258 3885 cappis

193 3894 311 3969 induti
327 3914 442 3972 erant.
456 3898 621 3973 Monachi
635 3926 780 4001 quoque
792 3918 828 3974 et
843 3900 987 3974 abbates
1005 3903 1117 4001 nigris
1129 3900 1259 3976 nibilo-

231 4157 271 4227 (r)
284 4157 334 4210 Les
345 4158 465 4213 chevaux
479 4169 506 4213 et
519 4159 557 4213 les
570 4159 671 4228 mules,
684 4177 747 4214 avec
758 4158 807 4216 des
818 4159 922 4216 litieres
932 4163 948 4214 t
959 4159 1061 4234 l’uaage
1071 4159 1120 4214 dea
1131 4159 1256 4214 semmua.

271 4271 327 4318 ιιι.
1068 4256 1115 4340 24
