2872 4920
180 388 241 447 512
457 388 640 449 Htstottta
664 387 972 451 Bccttsttsttct.
1050 394 1241 470 [tut101097]

227 514 479 604 Solimannus,
509 520 554 593 de
584 520 704 593 Nicaea
737 521 901 621 fugiens,
938 521 1105 595 Arabum
1134 521 1249 596 decem

178 633 291 706 millia
310 633 466 720 invenit,
484 637 605 734 eisque
621 637 770 710 nimiam
784 635 1006 736 probitatem
1021 655 1059 712 et
1075 637 1250 712 audaciam

179 768 215 824 et
245 752 417 824 invictam
445 752 695 825 fortitudinem
727 771 763 827 et
791 752 1089 845 multitudinem,
1125 755 1251 828 ditissi-

178 895 350 970 mumque
367 886 581 968 apparatum
600 871 802 944 luculenter
819 874 964 962 retulit;
986 900 1060 975 qua
1086 875 1251 947 relatione

180 1016 299 1062 secum
327 1014 454 1063 omnes
478 992 601 1090 lugere
624 991 814 1090 compulit.
844 991 1046 1080 Caeterum,
1077 994 1169 1069 sicut
1189 991 1251 1064 hu-

182 1134 332 1180 manum
363 1107 549 1205 ingenium
579 1107 734 1205 plurima
767 1125 1034 1210 commentatur
1067 1126 1106 1183 et
1134 1107 1250 1183 frivola

181 1221 391 1313 meditatur,
411 1225 521 1297 Turni
539 1224 724 1323 stropham
742 1225 798 1324 (ι)
816 1225 1039 1325 simplicibus
1059 1226 1250 1300 Christico-

182 1341 226 1413 lis
244 1342 409 1413 nocivam
428 1341 621 1415 machinati
640 1358 737 1414 sunt.
754 1342 985 1418 Solimannus
997 1344 1119 1435 enim,
1133 1344 1250 1445 aliique

182 1462 351 1559 gentiles,
365 1460 408 1533 ad
422 1462 584 1534 civitates
596 1462 651 1533 vel
664 1461 826 1546 castella,
843 1463 880 1535 in
894 1461 1024 1563 quihus
1034 1460 1250 1536 Christicolae

182 1579 326 1651 Suriani
340 1578 537 1678 degebant,
557 1580 759 1667 venientes,
776 1578 926 1653 subdole
938 1579 983 1653 ad
997 1606 1060 1654 eos
1072 1578 1247 1654 dicebant:

185 1698 393 1770 Deuicimus
410 1700 598 1782 Francos,·
616 1700 767 1770 omnino
783 1695 1011 1795 adfecerunt,
1032 1717 1070 1771 et
1080 1702 1118 1772 si
1129 1700 1192 1798 qui
1203 1725 1249 1769 au-

181 1832 350 1916 persunt,
379 1818 417 1887 in
443 1817 625 1888 ceruicula·
655 1815 865 1888 absconditi
886 1834 984 1888 aurat.
1020 1817 1083 1889 Sic
1108 1818 1249 1889 incautos

184 1933 476 2035 alloquebantur,
505 1951 541 2007 et
569 1936 663 2006 intra
688 1950 810 2033 portas
827 1959 954 2008 eorum
978 1933 1245 2033 recipiebantur.

183 2054 409 2153 Ingressique
434 2053 633 2126 insciorum
656 2052 874 2150 municipia,
901 2049 1030 2126 domos
1050 2069 1090 2124 et
1106 2051 1248 2126 ecclesias

182 2170 496 2269 depraedabantur.
518 2169 704 2271 Quidquid
721 2186 800 2243 erat
817 2172 1017 2269 pretiosum
1040 2186 1080 2243 et
1098 2167 1247 2266 concupi·

184 2286 324 2374 scibile,
345 2286 439 2359 filios
452 2304 488 2359 ct
504 2286 593 2359 filias
610 2287 834 2360 auferebant.
849 2286 897 2359 Et
909 2288 959 2361 sic
971 2290 1023 2360 eis
1035 2289 1166 2387 passim
1182 2284 1247 2357 illu·

185 2402 330 2490 dentes,
359 2405 585 2478 Francorum
619 2405 818 2479 adventum
852 2405 1171 2504 praeoccupabant.
1200 2403 1248 2475 llis

184 2521 332 2609 auditis,
354 2522 545 2595 Christiani
565 2549 626 2596 eos
642 2522 926 2623 insequebantur
944 2524 1014 2621 (2).
1035 2525 1248 2597 lutrarerunt

186 2656 304 2712 autem
321 2655 454 2712 terram
467 2641 676 2740 inaquosam
691 2657 727 2712 et
742 2639 1030 2727 inhabitabilem,
1045 2640 1084 2711 in
1098 2666 1165 2740 qua
1176 2638 1248 2708 lame

185 2769 222 2826 et
238 2755 294 2826 siti
313 2754 538 2845 deiecerunt,
557 2781 650 2854 pene
670 2755 842 2856 usquead
859 2771 1031 2828 mortem.
1052 2755 1090 2826 Si
1105 2757 1193 2827 lorte
1208 2767 1248 2819 ta·

185 2899 271 2947 men
286 2875 494 2947 immaturas
508 2892 646 2973 segetes
665 2873 920 2959 inveniebant,
940 2874 1056 2971 spicas
1072 2869 1246 2951 vellebant,

82 3070 87 3081 ,
186 3008 222 3063 et
241 2992 408 3065 fricantes
431 2993 667 3066 masticabant
685 3009 721 3065 et
739 2991 945 3092 glutiebant
967 2994 1039 3089 (ὃ).
1069 2991 1173 3064 Multi
1196 2985 1249 3059 ho-

188 3112 302 3183 mines
317 3110 365 3182 ibi
383 3110 611 3199 defecerunt,
629 3127 664 3184 et
682 3110 907 3211 subjugales,
926 3111 1109 3210 multique
1122 3102 1249 3208 gloriosi

194 3295 510 3305 ——-·—-—-—·—...—...
514 3297 556 3304 ...-
562 3297 595 3304 .--
605 3298 619 3303 -.
624 3297 676 3303 -..ω
891 3294 1039 3303 ..-.--
1046 3283 1247 3302 ——u———···⁴

223 3397 263 3461 (1)
275 3392 401 3456 Finesse‚
419 3410 495 3458 ruse;
515 3402 573 3447 mot
587 3397 601 3446 a
617 3404 676 3448 mot
692 3417 696 3445 :
714 3403 777 3447 tour
790 3391 948 3446 d'adrrssc.

225 3486 264 3556 (a)
286 3484 408 3538 L’artnce
427 3484 589 3539 claretienne
610 3503 638 3538 se
656 3484 739 3539 remit
759 3502 794 3537 eu
815 3483 942 3548 marche,
966 3482 993 3536 le
1012 3480 1155 3552 5juillrt,
1177 3495 1221 3551 par
1233 3474 1251 3525 lt

190 3575 282 3647 plaine
296 3575 331 3630 de
346 3575 478 3648 Dorylde.

225 3666 263 3738 (3)
280 3667 368 3722 Notre
386 3677 485 3720 auteur
498 3676 574 3719 ornet
588 3664 728 3738 plusieurs
742 3666 947 3719 circonstances
963 3662 1203 3734 caracteristiques
1216 3655 1253 3710 det

189 3757 355 3811 soullraaces
373 3768 402 3811 et
418 3756 452 3809 tle
472 3756 497 3809 la
516 3756 616 3810 disette
634 3755 715 3809 d’ean
732 3756 968 3829 qu’eprouvi‘rent
984 3751 1024 3807 les
1041 3754 1146 3807 croises
1158 3750 1252 3803 denset

190 3844 271 3914 trajet
282 3848 296 3896 a
308 3854 412 3898 tratres
423 3845 447 3897 la
461 3846 575 3898 contrer
586 3843 607 3896 si
617 3844 771 3912 justement
782 3845 911 3897 iactanter
922 3860 971 3914 par
983 3840 1023 3894 les
1034 3841 1149 3895 anciens
1163 3864 1168 3891 :
1181 3837 1253 3906 l'brr·

191 3934 235 4005 gie
255 3934 361 3988 brfilce.
386 3936 440 3988 lles
460 3935 574 3987 latitantes
596 3934 793 3988 accoucltaient
812 3944 893 3988 avant
919 3944 1025 3997 ternte;
1044 3931 1181 3994 tl'autres,
1199 3925 1252 3980 dam

191 4023 250 4077 leur
263 4023 414 4096 desespoir,
431 4043 458 4079 se
473 4024 612 4078 roulaient
624 4033 715 4078 tontes
729 4042 797 4078 nues
809 4042 857 4077 sur
872 4022 896 4076 le
909 4021 999 4087 suble,
1011 4021 1051 4074 les
1063 4020 1177 4074 faucum
1188 4028 1213 4070 et
1224 4014 1252 4067 let

188 4115 327 4186 aperuere
341 4133 395 4187 que
408 4113 447 4168 les
463 4115 605 4188 seigneurs
625 4115 734 4168 avaient
749 4114 889 4187 cmporte's
905 4130 941 4165 en
958 4111 1040 4177 Asia,
1061 4108 1213 4182 expiraieot
1226 4101 1252 4155 dt

188 4206 245 4259 soil
254 4222 301 4259 sur
315 4204 340 4257 lc
353 4204 416 4257 bras
429 4203 464 4258 dc
477 4203 551 4259 leurs
566 4205 694 4269 maltres,
710 4215 739 4259 et
750 4205 789 4259 les
801 4203 917 4259 levricrs
929 4204 945 4257 a
958 4199 1033 4254 leurs
1045 4198 1137 4272 pieds.
