2872 4920
81 431 295 527 [Uis-1116]
471 446 588 508 risun
609 444 768 509 sexsus.
1094 440 1154 513 tss

73 556 325 670 Egettrtdae,
355 606 439 680 quse
463 578 606 681 collega
628 579 728 653 illius
751 580 935 670 astiterat,
965 584 1002 654 in
1028 581 1156 654 eadem

68 693 243 772 ecclesia
259 722 473 799 suspensas,
498 699 607 799 quusi
626 698 834 771 memoriale
851 700 944 771 tanti
968 699 1151 791 miraculi,

60 811 284 918 adpopuli
298 815 547 918 spectaculum
559 822 772 917 posuimus,·
790 815 911 918 ibique
923 843 993 889 non
1009 816 1158 892 modico

55 933 263 1034 lernpore,
285 949 324 1006 ut
333 959 403 1034 per
420 960 484 1007 eus
506 935 708 1024 resciretur,
726 932 931 1033 dependere
946 935 1039 1008 oisoe
1054 951 1153 1008 sunt.
1218 993 1220 996 .

143 1050 230 1124 Hac
259 1047 474 1124 uenerabilis
505 1054 622 1149 patris
652 1049 840 1124 Benedicti
870 1077 983 1151 opera
1015 1066 1156 1125 sanctce

47 1161 117 1238 Ε
112 1169 264 1242 eclesioe
266 1168 365 1262 filiis
376 1167 563 1263 notificare
576 1168 753 1241 voluimus
760 1226 771 1258 ,
791 1195 862 1240 non
877 1174 963 1269 quia
976 1169 1068 1242 satis
1082 1194 1156 1242 non

40 1280 229 1388 fecisset
241 1287 405 1387 majora,
421 1285 489 1359 sed
500 1291 591 1386 quia
605 1290 675 1359 ista
688 1301 775 1360 sunt
786 1293 954 1376 noviora,
974 1302 1008 1359 et
1025 1291 1155 1361 nostris

53 1402 1157 1505 temporibusinfiuibusdnglioeinusitatauidentur.Necdo

59 1521 193 1595 beato
201 1534 313 1622 patre
322 1536 445 1594 nostro
462 1520 660 1595 Benedicta
677 1518 772 1593 ullus
787 1523 948 1611 miretur,
966 1523 1002 1593 si
1015 1545 1156 1614 magna

63 1655 109 1713 et
133 1640 246 1726 etiam
266 1638 535 1713 inaestimabilia
538 1636 671 1737 faciat
678 1671 689 1726 ‚-
710 1642 843 1739 quippe
859 1642 923 1734 qui
936 1662 1045 1738 papa
1065 1635 1155 1708 Gra-

70 1763 187 1853 gorio
210 1769 318 1844 teste,
343 1757 381 1827 in
405 1754 517 1828 latice
532 1754 715 1854 producto
742 1753 789 1826 de
817 1780 905 1854 rupe
935 1754 1060 1860 Moysi
1087 1779 1154 1825 ca·

77 1888 272 1971 sequatur,
296 1874 337 1945 in
359 1877 453 1947 corvi
473 1872 681 1945 obedientia
703 1871 826 1946 Helice
851 1871 1092 1959 assimilatur,
1118 1876 1155 1942 in

75 1984 181 2087 feno
198 1987 246 2062 de
260 1985 446 2089 profundo
466 1987 593 2088 abyssi
613 2003 778 2061 revocato
796 1986 979 2060 Helisaeus
1002 1987 1153 2074 dicitur,
1173 2000 1177 2013 ·

89 2107 127 2173 in
142 2101 321 2206 discipulo
333 2107 444 2206 jussu
462 2130 530 2178 suo
549 2129 659 2206 super
678 2128 795 2204 aquas
816 2102 1026 2176 ambulante
1042 2102 1153 2175 Petro

95 2221 323 2320 conjungetur
337 2221 407 2319 (1).
429 2221 516 2321 Ipse
536 2224 644 2294 etiam
661 2221 723 2317 (ut
740 2229 865 2319 notum
882 2219 955 2316 est)
969 2217 1154 2320 propbeta

101 2336 558 2438 prendendofitturafuit,
573 2339 760 2440 apostolus
768 2339 959 2441 patrando
971 2335 1153 2411 miracula

10 2512 14 2555 Ι
107 2456 220 2546 estitit,
241 2457 304 2531 uel
323 2474 363 2529 ut
380 2457 517 2531 brevius
533 2457 657 2530 dicam
674 2486 683 2529 :
699 2444 858 2531 omnium
868 2459 1055 2558 justorum
1073 2460 1153 2556 spi-

111 2569 164 2641 n'tu
173 2572 302 2673 plenus
304 2571 401 2671 fuit.
426 2574 526 2674 Quia
543 2601 625 2671 ergo
641 2579 718 2647 sine
734 2576 905 2675 scrupulo
925 2578 1089 2650 novimus
1106 2576 1153 2648 de

114 2685 170 2781 ipso
185 2691 284 2789 quod
309 2717 544 2793 quacumque
568 2692 743 2782 uoluerit,
766 2695 998 2792 consequitur
1020 2720 1045 2765 α
1067 2693 1152 2766 Do-

115 2804 202 2896 mino,
218 2796 421 2884 laetabundi
435 2835 649 2883 ntaneamus
664 2811 703 2881 in
713 2808 815 2881 illius
828 2813 986 2899 seruitio,
1000 2813 1151 2903 scimus

115 2942 161 2992 nos
168 2927 238 3024 ejus
247 2953 356 3028 prece
366 2953 440 3000 non
439 2925 625 3025 fraudari
636 2925 800 2999 denario.
812 2926 841 3000 S
843 2928 858 2999 i
866 2941 992 3028 autem
1000 2908 1152 3001 sbiretus

116 3034 300 3121 Benedictus
322 3045 409 3119 buic
426 3045 613 3118 auxilium
631 3071 702 3117 nou
720 3049 881 3145 negarit,
904 3048 969 3145 qui
988 3072 1026 3119 se
1043 3073 1151 3120 snum

109 3147 171 3244 sou
179 3163 387 3236 monachum
400 3163 536 3238 devovit
541 3219 554 3252 ,
570 3163 681 3260 quale
692 3162 896 3236 subsidium
909 3161 965 3238 lu's
978 3165 1046 3262 qui
1058 3164 1149 3237 uitro

143 3471 173 3542 (¹)
185 3475 227 3534 les
240 3490 341 3556 quatre
353 3479 479 3538 miracles
492 3481 528 3537 de
543 3482 615 3538 saint
627 3481 725 3537 Benoit
737 3479 870 3556 arxquels
883 3479 904 3535 il
916 3488 957 3536 est
969 3481 1018 3534 fait
1031 3466 1147 3537 illusion

10 3556 14 3567 '
117 3551 166 3612 Μ’
177 3579 214 3621 ces
226 3569 485 3644 mpprochements‚
502 3582 564 3630 sont
582 3587 650 3626 ceux
662 3569 733 3629 dont
744 3587 780 3625 on
795 3579 922 3624 trouveca
940 3568 965 3623 ia
978 3567 1147 3641 description

115 3659 156 3698 ²⁸¹¹
170 3653 295 3730 chapiues
307 3676 394 3729 νην,
409 3678 448 3714 vn
462 3671 492 3716 et
509 3678 558 3716 vm
582 3660 617 3716 de
634 3677 684 3716 son
704 3660 826 3716 Histoire
842 3676 893 3731 par
911 3657 982 3713 seint
998 3658 1146 3732 Gre'goire.

111 3725 171 3790 ΝΟΜ
182 3760 243 3803 nous
253 3758 450 3805 contenterons
462 3748 524 3805 d’en
537 3749 687 3805 transcrire
699 3748 737 3805 les
749 3748 844 3803 titres:

132 3844 211 3915 ⁰⁰⁸1
220 3863 256 3920 V.
274 3864 318 3920 De
332 3883 419 3937 aqua,
434 3885 519 3938 quam
531 3870 560 3921 in
573 3869 674 3922 montis
687 3868 792 3920 uertice
806 3882 842 3918 cx
853 3873 935 3936 petra
945 3863 1087 3935 'traduxit

222 3953 272 4010 Vt.
291 3952 437 4028 Deserm,
453 3974 489 4011 ex
500 3955 643 4028 pnffundo
656 3973 738 4027 aqua
750 3953 789 4008 ad
803 3953 980 4009 manubrium
993 3972 1110 4009 reverso.
1126 4004 1130 4012 .

224 4043 289 4099 vlt.
311 4044 354 4099 De
369 4046 429 4118 ejus
441 4045 591 4118 discipulo,
607 4050 657 4119 qui
668 4064 752 4116 super
764 4063 854 4118 aquas
866 4044 1028 4100 ambulavit.

221 4133 299 4188 vm.
321 4135 365 4190 De
384 4135 487 4208 insecta
507 4157 558 4207 per
575 4155 714 4192 rienenum
731 4154 817 4205 pane,
838 4154 890 4206 per·
907 4153 1017 4191 carvttm
1036 4135 1151 4206 lougius·

253 4227 384 4298 proiecto.
