2888 4934
182 347 244 409 ace
461 340 647 403 ursroan
671 339 981 403 uccuusnsrrca.
1150 345 1258 425 [1091]

181 477 307 564 berto,
342 475 491 576 aliisque
523 473 791 564 obsidentibus,
828 489 989 547 actutum
1022 474 1188 565 recessit3
1223 492 1259 550 et

182 593 427 695 unusquisque
445 594 592 693 propria
620 592 778 692 repetiit.
805 592 892 666 Mox
907 617 1033 667 omnes
1048 619 1142 693 pene
1157 593 1258 668 Nor-

182 737 403 789 mannorum
420 711 610 809 optimates
627 711 792 782 certatim
810 734 933 809 regem
949 708 1136 799 adierunt,
1155 711 1259 812 eique

182 854 355 916 munera,
375 829 556 926 recepturi
580 829 734 926 majora,
754 853 837 899 cum
861 853 1002 900 summo
1026 829 1154 901 lavore
1170 854 1257 902 con·

183 944 360 1017 tulerunt.
385 942 478 1015 Galli
497 967 641 1043 quoque
664 958 701 1015 et
725 943 893 1015 Britones
918 970 958 1016 ac
977 941 1195 1034 Flandritae,
1219 961 1259 1017 ut

182 1087 305 1163 regem
321 1059 415 1161 apud
438 1060 579 1133 Aucum
595 1062 650 1159 (1)
665 1060 702 1132 in
719 1061 884 1133 Neustriu
904 1062 1124 1135 commorari
1142 1060 1259 1136 audie·

182 1197 289 1268 runt,
317 1181 448 1281 aliique
474 1180 594 1279 plures
622 1177 667 1251 de
695 1178 947 1251 collimitaneis
971 1179 1189 1278 provinciis,
1215 1178 1257 1252 ad

183 1323 266 1372 eum
284 1314 543 1371 convenerunt.
565 1298 669 1368 Tunc
682 1294 986 1396 magnificentiam
1004 1299 1079 1397 ejus
1095 1296 1259 1371 alacriter

184 1415 323 1513 experti
341 1430 444 1503 sunt,
459 1412 680 1513 domumque
694 1428 858 1511 petentes
873 1414 1010 1486 cunctis
1021 1439 1106 1486 eum
1119 1415 1258 1513 princi-

184 1531 291 1630 pibus
309 1532 380 1603 suis
402 1530 537 1603 divitiis
555 1546 592 1604 et
613 1529 827 1625 liberalitate
849 1548 1142 1630 praeposuerunt.
1158 1532 1262 1606 Deni-

184 1675 255 1750 que
271 1649 342 1722 duo
359 1650 488 1722 sratres
513 1650 756 1750 Rotomagum
773 1650 919 1747 pacifice
944 1668 1215 1738 convenerunt,
1229 1669 1263 1725 et

186 1768 223 1840 io
246 1793 362 1840 unum
387 1769 616 1868 congregati,
646 1766 791 1840 abolitis
816 1767 1000 1866 prioribus
1027 1770 1261 1870 querimoniis

185 1884 358 1983 pacilicati
381 1901 478 1959 sunt.
505 1886 610 1957 Tunc
634 1885 794 1985 ingentia
814 1883 1019 1958 Rodbertus
1040 1884 1113 1959 dux
1139 1914 1159 1958 a
1182 1913 1261 1987 rege

185 2000 280 2076 dona
296 2003 433 2101 recepit
442 2059 452 2092 ‚
470 2004 574 2104 eique
588 2002 791 2076 Aurensem
804 2005 1015 2076 comitatum
1028 2019 1065 2076 et
1079 2003 1261 2077 Albaman

186 2121 281 2210 lam,
308 2137 492 2221 totamque
519 2137 655 2194 terram
683 2121 837 2193 Gerardi
865 2119 909 2193 tle
932 2122 1103 2196 Goruaco
1132 2137 1171 2194 et
1198 2123 1261 2196 lta-

185 2234 274 2308 dulli
289 2235 334 2309 de
347 2235 520 2326 Conchis,
539 2265 621 2311 cum
635 2237 805 2311 omnibus
822 2238 1027 2336 municipiis
1043 2263 1187 2328 eorum,
1202 2241 1262 2313 eia·

187 2375 258 2451 que
268 2350 513 2452 subjectorum
527 2355 721 2444 concessit3
737 2352 799 2426 ubi
813 2353 981 2453 praelatus
994 2380 1059 2428 rex
1070 2383 1089 2428 a
1097 2357 1261 2455 januario

187 2493 299 2568 usque
323 2468 367 2540 ad
389 2468 556 2543 kalendas
577 2471 716 2569 augusti
741 2472 795 2569 (a)
822 2471 935 2571 regali
960 2497 1063 2545 more
1088 2498 1173 2545 cum
1194 2473 1261 2544 suis

192 2583 381 2661 habitavit.

224 2885 264 2954 (ι)
279 2883 315 2936 La
330 2882 393 2936 ville
406 2881 488 2936 d’Eu.

223 2976 263 3044 (a)
277 2974 381 3047 Depuia
394 2972 433 3027 les
448 2972 575 3027 derniers
586 2972 665 3044 joure
677 2971 713 3027 de
722 2973 831 3044 janvier
844 2991 907 3047 ¹⁰9¹
921 2974 1051 3048 jusqu’au
1065 2984 1102 3029 ι’*
1114 2977 1182 3031 aorit
1193 2977 1227 3031 de
1239 2977 1259 3031 la

188 3062 279 3116 meme
294 3065 392 3116 anne'e.

223 3152 338 3206 Florent
358 3151 393 3205 de
411 3152 574 3206 Worcester
594 3150 710 3227 indique
730 3172 794 3208 avec
813 3152 875 3227 plus
895 3154 930 3209 tle
951 3156 1089 3228 precision
1109 3177 1166 3232 que
1184 3168 1259 3212 notre

186 3252 287 3297 auteur
305 3242 344 3296 les
360 3242 519 3297 conditione
536 3243 571 3296 de
588 3243 806 3316 l’arrangerncut
825 3245 874 3318 qui
892 3254 941 3300 eut
957 3245 1013 3300 lieu
1032 3257 1113 3302 entre
1133 3248 1172 3302 les
1191 3247 1257 3302 deur

186 3332 285 3387 freres.
301 3331 324 3386 ll
339 3333 382 3385 lut
396 3350 521 3387 courenu
537 3356 542 3384 :

227 3434 264 3476 ιο.
278 3424 341 3493 Que
354 3422 380 3476 le
394 3423 448 3476 duc
461 3422 584 3477 ce'derait
596 3425 611 3476 a
623 3421 786 3478 Guillaume
800 3424 826 3477 le
838 3427 929 3480 comte
942 3424 1028 3491 d’En,
1044 3426 1083 3480 les
1095 3426 1214 3500 abbayes
1227 3426 1257 3479 de

187 3513 306 3587 Fe‘camp
325 3525 353 3568 et
370 3513 409 3567 du
429 3512 741 3577 Mem-Saint-Michel,
760 3514 943 3588 Clrcrbourg‚
957 3526 986 3569 et
1000 3526 1062 3569 tous
1074 3515 1114 3570 les
1128 3516 1259 3571 chalcan}

188 3602 237 3675 qui
251 3603 377 3658 s‘etaient
390 3603 523 3657 donnesa
539 3602 578 3655 lui
586 3625 594 3669 ;

223 3703 263 3748 αθ.
279 3695 342 3764 Que
356 3694 380 3748 le
395 3695 436 3748 roi
451 3694 631 3768 conquerrait
644 3711 716 3766 pour
729 3693 754 3746 le
766 3704 878 3766 compte
890 3694 925 3749 de
938 3713 989 3750 sou
1003 3696 1076 3753 frere
1090 3696 1117 3751 le
1128 3697 1222 3753 Maine
1233 3707 1257 3750 et

189 3782 228 3836 les
239 3783 373 3838 chiteaux
387 3787 424 3838 ou
437 3803 486 3839 aon
500 3785 622 3839 autorite
634 3785 703 3838 e'tait
716 3786 887 3852 meconuue3

224 3870 263 3925 3⁰.
279 3874 341 3943 Que
356 3873 381 3928 lc
395 3875 438 3929 roi
455 3872 582 3930 rendrait
598 3877 613 3928 ¹a
632 3885 696 3929 tous
711 3873 751 3928 les
770 3873 929 3928 Normanda
948 3873 1144 3947 d’Angleterre
1158 3875 1196 3932 les
1212 3874 1257 3929 do-

189 3963 295 4016 maines
306 3963 388 4037 qu'ils
399 3965 507 4020 avaient
519 3984 558 4038 pu
571 3965 672 4039 perdre
683 3977 755 4039 pour
767 3966 843 4019 avoir
856 3965 914 4038 pris
925 3964 952 4018 le
964 3966 1038 4038 parti
1052 3965 1087 4021 de
1099 3965 1221 4032 Robert,
1234 3974 1257 4020 et

189 4072 224 4110 au
238 4053 293 4108 due
309 4053 453 4111 lui-meme
469 4056 509 4112 let
526 4055 669 4113 domaiues
682 4056 752 4131 qu'il
764 4055 804 4112 lui
817 4058 890 4112 avait
901 4059 1008 4131 promis
1019 4068 1100 4113 arant
1114 4058 1189 4114 leurs
1205 4057 1255 4112 dit·

187 4162 326 4212 cornuum
