2888 4934
165 426 266 506 soen]
522 415 863 481 LlssEnsEPTfflUs.
1165 417 1227 478 ess

165 580 320 633 wnores
342 552 489 641 audivi,
509 551 630 624 multis
648 547 943 624 dissuadentibus
967 549 1036 618 iter
1050 548 1136 620 inivi
1157 548 1172 644 (
1196 548 1226 646 ).

165 672 385 773 Aliquantos
401 667 550 759 milites,
577 672 640 768 qui
640 664 884 766 ferventiores
906 661 960 734 ad
973 667 1063 734 ictus
1083 660 1229 735 dandos

165 805 284 879 nant,
311 786 456 861 Arabas
481 789 665 887 pramis&
690 784 828 882 etipse
854 806 935 854 eum
967 779 1129 851 exercitu
1155 805 1228 852 non

165 905 301 1009 grandi
317 905 531 979 subsecutus
551 903 712 976 arduam
734 901 970 974 munitionem
993 896 1130 970 obsedi.
1155 896 1233 971 Sed

165 1041 358 1126 mtequam
372 1048 477 1112 rura,
497 1047 580 1121 quar
597 1025 690 1092 inter
701 1015 944 1116 einoflumina
962 1019 1048 1089 sunt
1065 1044 1074 1087 :
1095 1014 1232 1088 Sedam

165 1157 196 1213 et
219 1138 433 1215 Garennam
452 1141 519 1232 (a),
543 1137 762 1233 attigissem,
784 1158 1029 1234 praeeursores
1044 1133 1118 1204 mei
1129 1157 1229 1231 pra-

165 1270 427 1359 eeeupaoerunt
440 1254 720 1355 Engelrannum
741 1256 928 1339 senticem,
948 1251 986 1321 in
1004 1265 1166 1322 castrum
1180 1251 1233 1321 in·

165 1390 261 1451 trare
256 1370 501 1473 festinantem
507 1428 520 1462 ,
532 1375 724 1473 ipsumque
721 1365 874 1468 fortiter
881 1383 1129 1468 pugnantem,
1143 1368 1234 1466 quia

165 1491 270 1567 miles
297 1506 376 1563 erat
400 1489 640 1588 asperrimus,
667 1485 893 1577 occiderunt,
917 1502 951 1558 et
971 1488 1125 1585 agmina
1152 1485 1234 1586 ejus

165 1603 395 1709 fugaverunt.
428 1602 626 1677 Obsidione
648 1604 758 1704 gravi
784 1617 984 1676 castrenses
1013 1602 1175 1689 coercui,
1203 1615 1237 1672 et

165 1726 352 1828 peq‘urum
380 1731 544 1796 comitem
570 1722 725 1794 exulare
754 1725 855 1817 coegi
879 1720 949 1818 (3);
983 1746 1051 1791 nee
1077 1721 1239 1790 inomni

166 1850 243 1917 vita
259 1867 330 1914 sua
348 1838 469 1915 redire
479 1838 535 1912 ad
548 1838 605 1928 id,
626 1837 728 1939 quod
744 1841 916 1911 antiserat
924 1895 936 1928 ,
950 1838 1117 1937 permisi.
1138 1838 1237 1909 Pro-

165 1970 304 2037 im’um
323 1982 466 2057 quoque
477 1956 676 2059 prresulem
683 2012 697 2048 ,
717 1958 784 2056 qui
798 1981 866 2028 nee
884 1956 964 2026 Deo
987 1954 1152 2042 devotus,
1170 1980 1239 2027 nee

165 2074 363 2176 nibifidus
375 2091 454 2148 erat
461 2127 472 2162 ,
484 2074 531 2146 de
536 2074 747 2175 pontfieali
752 2072 839 2147 sede
845 2098 914 2176 per
922 2072 1107 2145 decretum
1121 2075 1240 2171 Papa

165 2191 337 2295 leposui,
348 2206 382 2262 et
391 2190 623 2280 Mauriiiam,
636 2187 878 2262 venerabilem
889 2185 1123 2275 coenobitam,
1136 2212 1240 2285 quem

165 2308 260 2389 nihi
274 2310 377 2382 Deus
398 2307 446 2382 de
463 2307 656 2380 Florentia
672 2307 817 2380 ciuitate
829 2306 854 2378 Ι
853 2303 954 2378 talia
973 2307 1239 2395 transmiserat,

165 2424 206 2501 'n
216 2424 305 2505 toco
320 2426 401 2525 ejus
416 2423 615 2522 subrogavi
627 2425 695 2522 (i).

215 2543 424 2632 Henrieus,
440 2543 563 2642 reguli
570 2540 890 2644 potentictsretus,
909 2559 943 2614 et
959 2541 1113 2614 militari
1127 2541 1245 2615 auda·

165 2662 232 2735 :ia
235 2655 427 2759 fervidus,
443 2657 673 2759 hostiumque
685 2684 847 2732 meorum
859 2656 1160 2758 derogationibus
1175 2656 1245 2730 ed·

205 2964 249 3037 (ι)
260 2962 348 3020 Wnee
365 2982 435 3019 noue
447 2984 463 3020 a
476 2968 606 3021 conservi
619 2965 646 3021 le
662 2984 729 3022 nom
741 2965 790 3022 des
803 2965 967 3039 principem
984 2964 1059 3019 lieux
1074 2981 1130 3038 que
1148 2962 1174 3019 le
1188 2962 1244 3019 due

165 3066 304 3111 muru.
320 3053 401 3111 Cette
414 3072 512 3110 course
526 3056 569 3110 sut
582 3056 605 3111 si
618 3042 715 3129 repide
731 3073 787 3130 que
800 3056 841 3111 six
863 3053 1018 3110 seulement
1028 3053 1077 3109 des
1094 3054 1247 3110 chevaliers

165 3142 224 3221 qui
234 3141 419 3201 t’essoruient
430 3163 466 3199 au
479 3145 564 3200 sortis
576 3145 612 3201 de
626 3146 766 3219 Valognes
778 3164 807 3201 se
820 3146 979 3202 trouvnient
992 3163 1093 3201 enoore
1103 3147 1204 3219 sapies
1211 3145 1248 3200 de

165 3227 215 3293 Ιιὶ
228 3233 324 3311 quud
337 3233 358 3290 il
371 3235 461 3290 arrivs
475 3234 577 3290 devant
587 3235 708 3309 Arques.

206 3323 248 3397 (a)
258 3323 298 3381 Ι]
310 3323 358 3380 sie
368 3333 397 3379 et
405 3322 432 3378 la
443 3323 593 3392 Gesonae,
606 3342 644 3379 ou
656 3325 757 3380 riviere
766 3323 916 3399 d’Arques.

197 3408 316 3487 mser
327 3412 532 3482 seuerissimi,
546 3413 596 3488 qui
613 3414 771 3487 appartient
785 3416 801 3469 i
819 3414 926 3470 i'annee
948 3410 1028 3480 1055,
1043 3430 1126 3486 voyez
1139 3411 1166 3471 le
1178 3414 1248 3468 tecit

165 3500 387 3579 *finilhume
399 3502 435 3559 de
447 3504 603 3578 tumieges,
618 3515 648 3561 et
659 3504 731 3560 eelui
744 3505 779 3560 de
792 3504 889 3560 Wnoe.
907 3505 959 3560 Les
975 3503 1083 3577 paroles
1095 3520 1152 3578 que
1165 3513 1247 3560 notre

165 3599 391 3673 *meisi
402 3598 472 3654 dens
483 3597 509 3653 ln
522 3598 632 3654 bouche
647 3599 683 3656 de
694 3600 858 3657 Guillaume
875 3610 1023 3671 mousant,
1039 3616 1074 3654 ne
1088 3609 1153 3654 sont
1165 3600 1247 3672 point

165 3682 300 3771 μ
309 3706 375 3746 mc
387 3708 419 3746 ce
432 3708 488 3764 que
500 3688 543 3745 dit
556 3689 582 3745 le
591 3691 713 3763 premier
724 3691 760 3747 de
772 3709 817 3747 ees
830 3690 995 3760 historiens,
1008 3689 1096 3746 susle
1109 3692 1248 3763 ginereux

273 3778 360 3855 'qn’il
372 3781 463 3836 tussit
475 3779 593 3836 aceoidi
611 3783 627 3837 δ
646 3799 696 3838 sou
707 3781 804 3838 oncle:
826 3783 929 3839 Noluit
940 3791 1081 3837 extorrem
1096 3791 1123 3836 et
1139 3785 1249 3855 inopem

190 3862 193 3867 ¹
226 3868 345 3947 'fluis
361 3869 494 3943 perdendo
511 3873 646 3939 eruciari,
660 3871 714 3927 sed
728 3891 791 3927 eum
803 3875 897 3946 gratia
911 3881 938 3927 et
950 3871 1174 3945 possessionibus
1185 3876 1249 3947 qui·

254 3942 261 3961 ’
296 3960 417 4033 π’ἀμὶἱε,
427 3970 512 4035 atque
520 3962 671 4018 multorum
686 3961 839 4032 redituum,
847 3965 972 4036 patriam
981 3964 1009 4017 ei
1017 3964 1164 4019 consessit.
1177 3963 1248 4018 Meis

365 4046 434 4107 bien
446 4068 540 4106 cenna
553 4050 590 4107 de
603 4051 765 4108 Guillausne
782 4071 818 4109 ne
830 4070 902 4110 nous
918 4064 1029 4126 permet
1040 4071 1089 4127 pas
1101 4051 1246 4126 d’ndopter

326 4136 427 4199 ᾱωα
440 4141 626 4217 muigyriste.

343 4244 370 4287 te
381 4228 455 4287 deux
467 4230 586 4306 peilam,
603 4251 684 4305 voyez
699 4232 854 4302 cidessue,
869 4244 890 4289 t.
906 4234 949 4301 11,
968 4250 997 4307 p.
1011 4229 1141 4306 367-375
