2872 4920
180 365 221 422 96
456 358 639 418 HISTORIA
661 354 965 419 ECCLESIASTICA.
1159 358 1243 439 [944]

180 493 349 582 recedite,
370 509 551 592 totumque
570 495 750 592 regionem
772 494 878 565 istoru
898 491 1100 577 devastate,
1127 490 1244 564 eccie-

180 613 257 684 sias
270 611 457 700 destruite,
473 612 601 683 domos
617 626 862 700 concremate,
869 606 1010 710 furnos
1024 627 1058 682 et
1070 609 1244 682 molendi·

180 755 243 800 nos
258 729 414 827 dejz'eite,
432 753 561 826 greges
571 752 748 826 pecorum
759 744 794 798 et
805 741 1045 800 armentorum
1056 727 1242 818 abducite,

180 864 213 919 et
240 873 344 919 omne
364 872 481 945 genus
505 844 700 945 spoliorum
728 843 800 917 ltuc
824 842 970 918 ulterius
994 834 1066 917 nou
1093 844 1246 918 redituri

179 979 384 1066 asportate,
403 981 436 1036 et
448 962 590 1065 praedis
607 964 733 1036 onusti
746 959 906 1060 uesanos
923 962 1129 1062 relinquite.

228 1084 291 1155 His
318 1084 364 1154 ita
385 1081 508 1171 dictis,
537 1080 696 1155 dissoluti
724 1079 912 1181 praedones
932 1106 997 1181 per
1021 1082 1247 1181 provinciam

179 1197 296 1270 diffusi
315 1214 416 1288 sunt,
444 1197 657 1297 improvisos
674 1223 842 1297 pagenses
848 1254 862 1291 ,
884 1197 945 1298 qui
960 1199 1035 1298 jam
1051 1195 1117 1269 sub
1135 1196 1246 1271 tutela

179 1317 340 1416 Hugonis
353 1317 419 1388 tuti
436 1342 508 1390 esse
521 1314 708 1415 putabant,
724 1312 1049 1404 circumdederunt,
1065 1332 1101 1388 et
1111 1314 1246 1416 absque

178 1433 423 1508 misericordia
445 1433 543 1508 ducis
559 1436 653 1534 jussa
674 1450 905 1534 peregerunt.
927 1436 1030 1507 Tunc
1052 1434 1246 1508 Herluinus

180 1551 410 1624 cancellarius
432 1568 469 1625 et
490 1549 659 1624 Radulsus
680 1550 724 1624 de
746 1551 920 1650 Dragiaco
941 1552 1159 1625 rusticorum
1180 1575 1247 1651 pe-

180 1667 285 1740 cudes
298 1669 371 1741 sive
384 1667 642 1767 supellectilem
656 1695 730 1741 non
744 1684 960 1741 curaverunt
968 1699 980 1759 ;
998 1667 1058 1741 sed
1072 1669 1247 1742 Uticensis

181 1781 325 1883 hospitii
343 1808 539 1876 memores,
566 1783 651 1857 illuc
672 1785 803 1857 reversi
823 1801 927 1872 sunt,
953 1802 989 1858 et
1006 1809 1050 1857 ex
1067 1786 1247 1884 insperati>

180 1928 262 1973 cum
279 1901 349 1974 suis
371 1901 408 1973 in
432 1900 642 1975 coenobium
662 1902 860 1975 irruerunt.
880 1902 1064 1976 Basilicam
1081 1927 1245 2004 quoque,

179 2017 403 2117 stupentibus
419 2033 455 2090 et
473 2019 524 2090 nit
542 2018 627 2091 mali
648 2018 907 2117 suspicantibus
928 2018 1142 2109 coenobitis,
1165 2046 1246 2095 cum

181 2153 403 2211 armatorum
429 2136 599 2210 violentia
624 2137 770 2236 ingressi
794 2154 896 2227 sunt3
916 2165 1043 2213 arcana
1064 2139 1188 2238 templi
1211 2155 1248 2212 et

180 2280 277 2327 sacra
303 2252 405 2326 busta
436 2279 521 2326 mox
552 2251 736 2346 adierunt,
770 2253 838 2325 tria
865 2279 1018 2352 corpora
1040 2261 1247 2330 sanctorum

179 2369 323 2443 Ebrulfi
340 2387 376 2444 et
391 2368 616 2445 Ebremnndi
632 2371 686 2470 (ι)
701 2387 807 2472 atrine
821 2369 989 2444 Ansberti
1008 2375 1063 2471 (2)
1079 2372 1124 2446 de
1142 2399 1248 2453 mau-

182 2488 286 2562 soleis
303 2489 543 2576 sustulerunt,
559 2505 595 2562 et
611 2488 718 2561 coriis
734 2488 977 2565 ossacervinis
992 2489 1151 2563 involuta
1166 2515 1248 2563 cum

182 2605 259 2679 aliis
272 2606 485 2679 Sanctorum
503 2604 664 2706 reliquiis
681 2622 968 2704 asportaverunt.
987 2607 1164 2680 Sateliites
1179 2633 1248 2682 au-

182 2739 255 2797 tem
272 2724 419 2799 illorum
432 2721 566 2825 ubique
583 2723 701 2796 diffusi
719 2739 820 2812 sunt,
841 2740 878 2797 et
890 2723 1064 2826 quidquid
1081 2724 1248 2800 humanae

182 2842 265 2915 vitae
288 2841 520 2916 commodum
546 2859 780 2942 repererunt,
809 2841 979 2916 flentibus
1002 2842 1188 2916 monachis
1213 2858 1249 2916 et

217 3164 257 3234 (t)
270 3163 348 3219 Saint
365 3152 537 3233 Erremond,
551 3165 702 3239 originaire
714 3166 750 3221 de
762 3167 885 3239 Bayeux,
899 3186 1007 3223 comme
1025 3169 1097 3223 saint
1116 3156 1249 3237 livroult3

183 3252 257 3308 leurs
271 3253 401 3327 legendes
412 3253 513 3309 offrent
523 3256 538 3309 a
550 3273 605 3328 peu
615 3255 727 3328 prestes
737 3257 840 3313 memes
853 3259 926 3313 faits.
940 3260 1028 3331 Aprts
1039 3260 1116 3314 avoir
1130 3260 1252 3315 monet

183 3342 218 3398 de
230 3344 321 3400 meme
333 3363 386 3400 aux
398 3343 503 3401 affaires
516 3344 663 3420 publiques
675 3356 704 3401 et
716 3351 731 3402 a
744 3347 770 3402 la
781 3349 824 3403 rie
837 3348 997 3422 conjugale,
1011 3349 1083 3405 saint
1093 3335 1252 3404 Evmmontl

184 3452 213 3490 se
225 3435 310 3490 retira
326 3434 395 3491 dans
411 3435 437 3491 la
448 3434 583 3504 solitude,
606 3454 654 3491 sur
674 3456 711 3492 un
732 3448 811 3493 autrc
829 3439 908 3510 point
924 3438 963 3493 du
980 3439 1089 3495 diocese
1112 3438 1148 3494 de
1168 3438 1249 3505 Stet,

184 3526 570 3594 aeonum-testones,
592 3529 672 3601 apres
694 3530 770 3583 avoir
791 3528 874 3583 tonde
896 3549 934 3584 un
956 3530 1078 3603 premier
1096 3530 1252 3585 monestere

183 3604 597 3689 (Saint-Didier-sur·Ec0ure)
609 3621 625 3672 a
639 3637 694 3673 une
706 3616 868 3675 demi-liene
878 3619 913 3675 de
925 3619 960 3675 la.
973 3619 1133 3687 Annobert‚
1146 3620 1252 3697 tneque

184 3704 220 3758 de
232 3706 311 3773 Se'ez,
327 3704 365 3760 lui
379 3707 411 3762 fit
425 3708 531 3780 quitter
543 3726 570 3762 sa
584 3709 697 3764 retraite
711 3727 782 3782 pour
793 3709 914 3782 prendre
927 3708 1173 3766 i‘admiuistration
1184 3709 1252 3765 d'ttn

186 3803 265 3847 autre
280 3795 435 3850 monestere
448 3799 560 3850 nomme
574 3797 659 3852 Mons
672 3798 774 3871 Major,
790 3817 845 3872 que
859 3796 914 3853 l'on
930 3800 1002 3854 croit
1020 3801 1080 3854 titre
1094 3799 1253 3855 Montmene

184 3893 264 3938 entre
271 3884 414 3955 Argentan
424 3894 453 3939 et
461 3886 536 3953 Sica,
549 3897 578 3941 et
587 3889 624 3942 οὺ
633 3888 652 3942 il
663 3899 778 3945 mourut
789 3906 823 3944 en
834 3887 923 3944 odeur
933 3888 968 3944 de
978 3890 1104 3957 saintete,
1115 3908 1177 3945 vers
1190 3906 1253 3966 7²⁰·

219 3971 258 4042 (a)
275 3972 315 4026 Ce
327 3972 400 4027 saint
417 3984 460 4028 est
473 3972 497 4028 le
520 3977 613 4031 moine
627 3979 773 4033 ressuscite
785 3996 836 4050 par
855 3979 927 4033 saint
944 3967 1073 4049 Erroult,
1094 3996 1166 4052 pour
1184 3978 1253 4052 qu’ii

185 4061 236 4134 pti
248 4063 370 4117 receuoir
380 4061 406 4118 le
419 4064 555 4140 viatique,
567 4076 594 4121 et
608 4084 663 4122 non
677 4068 749 4123 saint
762 4069 896 4136 Ansbert,
907 4070 1078 4143 arctiorique
1092 4069 1127 4124 de
1140 4061 1251 4136 Rauen,

185 4152 255 4208 dont
267 4153 286 4208 il
301 4155 378 4210 vient
394 4154 482 4211 d'itre
494 4156 569 4230 parte
580 4157 731 4227 cidenas,
746 4180 774 4234 p.
791 4159 835 4225 84.
