2888 4934
184 410 294 485 [roso]
560 407 674 466 trouu
696 405 882 467 ocmvus.
1191 408 1250 468 aas
1319 395 1321 401 ’

185 538 298 628 arcis,
326 562 394 635 qua
424 562 545 609 carere
576 538 712 626 noluit,
746 563 798 609 un
827 536 935 608 libras
962 536 1042 609 duci
1074 540 1247 636 erogavit.

185 651 340 750 Recepta
366 676 450 725 vero
475 653 588 744 turri,
615 651 845 750 praesidutum
872 651 979 724 lbreii
1003 677 1071 750 pro
1093 652 1248 725 vindicta

184 768 315 844 Goetlo
331 768 495 856 abstulit,
519 787 555 842 et
576 769 745 843 omnibus
762 769 887 856 rebus,
912 796 998 870 quas
1021 766 1087 840 sub
1110 795 1170 840 sua
1194 768 1250 840 di-

187 888 286 959 tione
302 885 474 974 habebat,
494 912 574 960 eum
591 887 769 986 spoliavit.
790 884 875 958 lnde
888 885 1067 957 diutinum
1082 886 1177 959 inter
1191 911 1250 959 eos

184 1003 324 1077 bellum
336 1004 420 1090 suit,
441 1006 574 1102 rapinis
592 1004 852 1104 incendiisque,
873 1030 954 1076 cum
969 1001 1125 1076 caedibns
1139 1001 1251 1076 homi-

187 1144 296 1204 num,
320 1119 436 1192 vicina
462 1122 562 1220 regio
589 1120 693 1192 luxit.
721 1119 923 1192 Almaricus
945 1118 990 1192 de
1014 1120 1248 1205 Montesorti,

185 1237 249 1336 qui
266 1235 384 1309 Fortis
407 1237 744 1336 cognominabatur,
764 1263 832 1335 pro
849 1238 1067 1337 virtuteque
1085 1236 1247 1336 vigebat,

183 1369 221 1426 et
239 1355 377 1427 cunctis
396 1352 577 1445 affinibus,
601 1355 662 1455 qui
685 1379 783 1428 secus
807 1379 888 1427 eum
915 1353 1247 1442 commorabantur,

184 1468 328 1544 audacia
353 1487 390 1544 et
411 1473 550 1546 feritate
573 1472 809 1545 formidabilis
832 1489 927 1560 erat,
950 1472 1036 1545 dum
1059 1474 1248 1545 interram

182 1587 367 1661 Guillelmi
385 1589 616 1663 bretoliensis
629 1607 669 1662 ut
680 1590 739 1663 leo
751 1592 900 1663 saeviens
914 1591 1085 1678 irrueret,
1104 1605 1141 1662 et
1156 1590 1251 1664 solus

181 1719 308 1777 contra
333 1703 423 1777 duos
446 1705 577 1778 milites
601 1722 781 1778 certamen
805 1706 931 1793 iniret,
958 1704 1003 1776 ab
1028 1731 1102 1777 uno
1123 1730 1252 1777 eorum

184 1820 307 1893 lancea
334 1821 371 1892 in
395 1821 506 1894 latere
527 1832 711 1920 percussus
736 1838 808 1911 est,
835 1824 983 1922 ipsoque
1006 1822 1063 1894 die
1087 1838 1251 1894 mortuus

184 1955 249 2011 eat.
272 1938 353 2030 Quo
372 1937 561 2026 defuncto,
586 1939 757 2013 Ricardus
778 1941 890 2012 frater
908 1941 983 2039 ejus
1001 1939 1159 2038 patrium
1182 1937 1252 2010 ho-

186 2078 318 2129 norem
335 2056 483 2153 adeptus
499 2073 570 2143 est,
591 2071 627 2128 et
643 2057 839 2154 perniciem
858 2056 1020 2155 germani
1037 2080 1144 2154 super
1157 2053 1254 2125 Guil-

186 2172 345 2245 lermum
362 2173 482 2247 ulcisci
500 2199 728 2273 summopere
744 2173 891 2246 molitus
907 2190 959 2246 est
977 2177 992 2271 (
1016 2175 1045 2271 ).

236 2287 254 2383 (
260 2312 343 2385 ¹⁰9¹
356 2286 648 2385 .)Robertustlnx
660 2287 874 2374 Gisleberto,
886 2286 1112 2389 Ingenullide
1121 2286 1249 2387 Aquila

187 2400 266 2475 lilio
276 2403 349 2500 (a),
363 2404 546 2490 militaria,
560 2408 734 2505 quoniam
747 2405 850 2478 valde
861 2405 997 2504 probus
1009 2423 1098 2492 erat,
1112 2406 1252 2477 servitia

190 2519 321 2594 crebro
343 2520 511 2620 injunxit,
530 2525 634 2623 eique
650 2550 721 2623 pro
737 2525 1041 2611 remuneratione,
1057 2523 1255 2621 patriaequc

189 2636 1263 2742 tuitione,castrumdeEximiis(3)donavitUndeRobertns'

188 2751 436 2827 bellesmensis
452 2757 533 2829 lelle
549 2743 676 2830 livoris'
691 2772 726 2829 et
744 2758 808 2828 irae
830 2771 1034 2829 commotus
1055 2756 1252 2828 exereitum

188 2871 418 2970 aggregavit,
444 2875 542 2946 etin
567 2876 684 2973 prima
704 2874 858 2974 januarii
880 2872 1075 2971 septimana
1100 2870 1255 2945 castruin

189 3013 255 3087 per
275 3005 440 3088 quatuor.
451 2991 524 3064 dies
544 2991 703 3082 obsedit,
722 3009 759 3066 et
777 2994 872 3065 inter
889 2991 1059 3066 hibernos
1077 2992 1209 3064 imbres
1222 3008 1257 3063 et

223 3300 265 3370 (r)
278 3299 402 3368 Amauri,
414 3303 456 3356 dit
465 3303 491 3358 le
501 3304 639 3372 Possint,
652 3305 782 3378 seigneur
793 3304 828 3359 de
836 3303 1122 3360 Montfort·l'Amauri
1133 3321 1167 3357 en
1183 3301 1258 3375 1087,

189 3388 233 3443 fils
241 3388 279 3444 de
288 3388 395 3459 Simon,
410 3395 531 3464 premier
543 3392 581 3447 do
594 3412 671 3455 nom,
681 3405 709 3448 et
721 3393 863 3448 d'isabeau
874 3393 909 3449 de
919 3395 1034 3465 'I'royes,
1049 3392 1102 3446 fille
1113 3391 1147 3446 de
1159 3392 1261 3463 Hogue

178 3476 324 3553 bardoni.

225 3567 365 3634 Richard,
384 3571 431 3643 qui
451 3571 489 3625 lni
508 3572 637 3639 succedo,
658 3592 765 3628 comme
778 3570 860 3627 ledit
875 3582 956 3627 notre
970 3582 1080 3638 auteur,
1099 3570 1193 3624 n’etait
1207 3587 1261 3642 qne

190 3673 242 3710 son
257 3655 332 3710 frere
344 3660 528 3731 commgnin,
542 3679 587 3713 car
597 3660 616 3714 il
628 3662 699 3715 avait
710 3679 782 3734 pour
791 3662 866 3714 mere
875 3660 968 3733 Agnes
979 3647 1127 3722 d'Evreux,
1143 3656 1261 3711 seconde

190 3761 228 3798 ou
241 3742 384 3799 troisieme
397 3744 498 3800 semme
510 3747 545 3802 de
557 3747 653 3803 Simon
667 3749 711 3802 l‘f.

227 3833 268 3902 (u)
282 3831 438 3902 Gislcbert,
453 3836 595 3890 troisieme
608 3837 649 3891 fils
661 3836 858 3909 d'Engenulle,
874 3836 1004 3906 seigneur
1017 3832 1052 3887 de
1065 3833 1167 3904 Laigle.
1185 3832 1262 3886 Nona

194 3938 279 3977 avons
292 3940 326 3974 su
337 3922 488 3990 ci-dessus,
502 3936 523 3980 t.
539 3926 580 3992 ll,
596 3946 624 3998 p.
639 3929 689 4000 74.
705 3925 730 3979 ln
743 3936 816 3978 mort
829 3923 948 3978 violente
961 3922 996 3976 de
1008 3921 1113 3997 Rogcr,
1127 3940 1176 3976 son
1190 3922 1262 4000 frere

195 4009 274 4075 ain&
286 4019 329 4075 et,
343 4021 364 4065 t.
379 4012 435 4076 111,
453 4031 480 4083 p.
500 4031 562 4087 197,
576 4014 644 4068 celle
657 4014 692 4068 de
704 4031 753 4066 son
764 4010 865 4067 second
879 4011 951 4065 frere
962 4010 1077 4072 Richter,
1089 4011 1217 4084 seigneur
1229 4008 1264 4062 de

199 4097 307 4170 higle,
317 4100 417 4172 auquel
428 4102 542 4157 succede
551 4104 707 4168 Gislebert,
721 4121 770 4157 son
783 4102 965 4172 homonyme,
980 4101 1021 4155 fils
1031 4100 1094 4154 aine'
1103 4097 1138 4152 (le
1148 4099 1262 4153 Rieher.

234 4185 273 4258 (3)
288 4190 325 4242 Le
341 4189 457 4245 chiteau
471 4191 608 4247 d'Exmes.
624 4193 700 4247 Nous
713 4209 832 4265 pensons
846 4190 914 4264 qu'il
926 4189 986 4246 lant
999 4191 1051 4246 lire
1066 4215 1071 4244 :
1085 4189 1121 4244 dc
1136 4190 1263 4244 Oxr'mir's.
1325 4237 1328 4242 .
