2888 4934
184 461 292 538 [⁴1095]
554 457 669 517 tiana
692 456 880 517 oscarus.
1192 458 1247 523 tu

231 589 462 661 Belesmensis
475 589 601 661 munio
612 614 748 660 novum
761 587 945 660 castellum
959 591 1013 687 (ι)
1027 590 1109 662 totis
1118 589 1253 665 nisibus

182 708 364 782 destruere
386 705 541 796 studuit,
565 722 601 779 et
624 732 794 806 pagenses
815 705 859 779 de
879 707 980 781 omni
1000 723 1173 807 potestate
1192 736 1253 783 sua

182 843 219 900 et
233 826 417 898 vicinitate
441 824 484 897 ad
504 826 689 924 angariam
707 825 761 923 (a)
780 840 910 923 coeptae
927 823 1133 925 dejectionis
1149 852 1253 901 com—

182 941 289 1040 pulit.
305 941 353 1013 Et
366 943 449 1042 quia
464 940 628 1015 homines
640 942 762 1017 Sancti
775 941 919 1014 Ebrulfi
931 941 975 1014 ad
988 940 1255 1042 dissipationem

183 1062 288 1137 castri
310 1085 386 1134 non
410 1060 612 1147 affuerunt,
637 1061 720 1159 quia
740 1058 871 1133 ditioni
889 1061 963 1159 ejus
983 1057 1087 1132 subdi
1107 1059 1255 1133 minime

180 1177 407 1263 debuerunt,
431 1177 666 1251 vehementer
690 1193 816 1251 contra
843 1176 1039 1252 monachos
1062 1178 1257 1264 intumuit,

183 1312 221 1371 et
241 1321 307 1394 per
329 1323 443 1368 uuum
463 1322 601 1368 annum
623 1296 783 1395 ingentia
807 1294 936 1368 damna
953 1296 1003 1370 eis
1020 1294 1156 1370 intulit.
1175 1296 1256 1368 Hov

185 1413 300 1486 mines
312 1413 424 1486 sancti
438 1414 548 1512 patris
563 1412 706 1486 Ebrulfi
718 1412 762 1487 ad
772 1406 920 1487 suorum
934 1433 1042 1512 opera
1058 1430 1258 1486 castrorum

185 1529 365 1604 violenter
382 1529 546 1629 cogebat.
565 1529 840 1631 Diffugientium
853 1556 941 1605 vero
959 1529 1095 1630 praedas
1111 1529 1260 1629 diripie-

186 1645 268 1734 bat,
295 1664 331 1719 et
351 1648 465 1744 ipsum
487 1646 700 1721 coenobium
722 1673 758 1720 se
777 1647 1045 1721 destructurum
1065 1646 1260 1722 crudeliter

184 1763 406 1852 minabatur,
427 1766 495 1837 nisi
515 1765 667 1840 omnino
684 1763 750 1838 sibi
761 1819 772 1852 ,
794 1782 834 1838 ut
848 1765 1016 1854 domino,
1036 1767 1074 1844 in
1092 1762 1260 1838 omnibus

184 1880 494 1976 manciparentur.
507 1881 671 1980 Denique
684 1881 722 1953 in
736 1897 876 1953 tanturn
891 1882 1006 1954 crevit
1016 1881 1089 1981 ejus
1103 1882 1258 1965 vesania,

186 2011 227 2069 ut
252 2021 345 2096 pene
367 2022 492 2071 oannes
517 1999 763 2071 ecclesiasticae
787 1998 1023 2097 possessiones
1047 1998 1084 2070 in
1103 1997 1258 2087 vicini0,

184 2114 261 2212 ejus
281 2112 589 2214 depopularentur
612 2114 815 2188 insolentia.
836 2112 941 2187 Unde
960 2111 1126 2187 monachi
1147 2113 1262 2185 claus-

188 2232 295 2304 trales
313 2232 413 2330 gravi
436 2233 564 2306 arctati
591 2248 675 2305 sunt
694 2233 865 2330 pentnia,
892 2247 929 2326 ct
953 2230 1128 2330 Roget-ius
1153 2228 1262 2302 abbas

186 2350 392 2448 compulsus
411 2367 463 2422 est
482 2350 666 2424 Guillelmi
684 2351 779 2451 regis
795 2348 994 2424 subsidium
1010 2348 1202 2448 deposcere
1222 2349 1260 2420 in

187 2465 339 2565 Anglia,
362 2466 407 2540 ad
429 2495 512 2539 usus
534 2493 754 2567 egenorum,
773 2466 907 2569 quibus
929 2467 1072 2565 tyranni
1094 2464 1261 2565 depopu-

187 2582 276 2656 latio
295 2583 463 2656 alimeuta
482 2585 675 2657 sustulerat
694 2585 901 2657 necessaria.
923 2583 1014 2656 Aliis
1031 2607 1177 2683 qnoque
1195 2582 1260 2655 Ilei

185 2700 346 2791 samnis,
372 2701 434 2801 qui
461 2700 528 2776 sub
553 2727 616 2788 eo,
642 2702 698 2774 vel
726 2702 764 2775 in
788 2704 862 2802 ejus
886 2702 1040 2789 vicinio,
1066 2698 1261 2773 crudeliter
1317 2779 1318 2783 Ἰ

187 2817 420 2906 imminebat,
449 2845 581 2920 eosque
601 2818 767 2918 pluribus
786 2818 926 2893 damnis
949 2835 986 2892 et
1009 2815 1260 2891 afflictionibus

185 2932 321 3034 absque
336 2936 581 3010 misericordia
599 2962 692 3035 saepe
709 2936 959 3010 contristabat.
982 2938 1060 3009 Hoc
1080 2935 1261 3034 sagienses

184 3066 223 3125 et
244 3052 506 3142 Troaruenses,
531 3054 600 3127 hoc
620 3056 729 3128 etiam
748 3070 963 3128 attestantur
982 3055 1261 3128 Cenomannen-

185 3194 240 3242 ses
263 3170 336 3265 (ὅ),
360 3172 422 3271 qui
446 3198 512 3270 per
534 3174 608 3271 ejus
630 3173 804 3245 saevitiam
828 3189 864 3245 et
892 3173 1035 3273 iujustas
1059 3172 1262 3245 exactiones

184 3289 396 3386 frequenter
413 3289 465 3361 ira
482 3290 698 3389 tristitiaque
715 3289 920 3388 expalluere
938 3290 1111 3388 lugentes.

236 3403 403 3505 Sagiense
428 3431 574 3506 quoque
593 3408 816 3505 episcopium
835 3406 1041 3480 Rodhertus
1063 3421 1188 3479 contra
1203 3406 1261 3503 jus

186 3535 224 3595 et
238 3521 288 3593 sas
305 3522 586 3620 comprimebat,
604 3539 642 3596 et
658 3523 853 3597 Guillelmo
870 3520 1085 3596 Belesmensi
1103 3547 1171 3594 avo
1188 3522 1262 3620 ejus

185 3665 208 3711 a
225 3638 382 3713 Rieu-do
398 3638 488 3714 duce
505 3639 630 3713 datum
647 3640 844 3731 asserebat,
864 3657 901 3713 ct
916 3639 1041 3711 multis
1056 3639 1262 3737 oppressio-

222 3884 262 3953 (ι)
271 3884 297 3937 11
306 3902 342 3938 ne
351 3886 430 3960 s’agit
443 3906 490 3960 pas
500 3889 535 3942 ici
547 3887 582 3942 de
591 3888 756 3943 Ncuschattel
765 3908 801 3944 en
811 3890 962 3955 Sannaus,
976 3907 1032 3962 que
1045 3887 1153 3945 Robert
1163 3885 1262 3942 n’asait

186 3991 280 4028 aucun
295 3975 397 4031 inte'ret
411 3981 425 4030 ἱι
440 3976 578 4045 de'truirc‚
595 3980 727 4053 puisqu'il
741 3979 781 4032 lui
796 3981 986 4054 appartenait,
1001 3980 1070 4032 mais
1084 3978 1122 4032 du
1136 3995 1263 4033 nouvcau

186 4061 307 4117 chateau
319 4063 355 4118 de
369 4067 528 4139 Moutaigu,
548 4067 616 4140 qu’il
630 4069 697 4122 c'tait
714 4067 859 4141 impatient
871 4068 907 4122 de
918 4069 979 4123 voir
992 4068 1178 4123 entilrement
1192 4067 1261 4121 rasti.

223 4153 264 4222 (a)
277 4154 313 4207 La
326 4158 432 4211 corace.

223 4241 263 4312 (ὅ)
277 4243 328 4298 Les
342 4246 447 4302 moines
462 4246 496 4302 de
511 4248 710 4305 Salat-Martia
724 4248 759 4304 dc
773 4250 853 4317 Sora,
866 4248 902 4305 de
916 4249 1026 4306 'froarn
1041 4257 1069 4303 ct
1083 4247 1122 4303 clu
1137 4248 1226 4302 Maus.
