2888 4934
185 429 247 488 250
463 426 649 488 HISTORIA
670 426 978 488 acetaslasttca
1151 428 1257 508 [tots]

184 557 495 656 desipuerunt(t),
510 583 551 629 ac
564 558 594 629 si
611 558 881 632 multitudinem
898 557 1054 632 bostium
1068 558 1256 632 immines

183 671 267 747 urbi
286 673 475 762 vidissent,
492 672 627 748 turbati
640 693 737 748 sunt.
752 677 1004 776 Unusquisque
1017 672 1062 747 de
1074 675 1179 762 loco,
1197 673 1255 747 abi

183 807 279 878 emt,
309 791 469 880 recessit,
498 809 536 865 et
559 792 648 892 quid
674 810 797 894 ageret
822 822 841 866 a
864 796 1037 894 conjuge,
1063 791 1256 866 volubrio

184 907 318 994 sodali,
332 911 390 983 vel
400 911 518 985 amico
532 912 722 986 comilium
739 912 917 1012 quaesivit.
933 912 1003 985 Res
1015 935 1095 985 suas
1108 910 1257 1010 quisque

184 1043 247 1099 aut
264 1029 537 1117 transmutavit,
555 1046 618 1102 aut
637 1045 878 1103 transmutare
895 1028 1075 1119 decrevit,
1090 1026 1256 1127 pavidor-

184 1171 315 1247 quens
331 1147 582 1220 invenirentur
595 1145 795 1222 abscondit.

232 1262 404 1362 Religiosi
425 1262 571 1335 tandem
587 1264 677 1353 viri,
694 1264 818 1337 elerici
838 1281 875 1337 et
887 1260 1076 1349 monachi,
1098 1260 1255 1334 collectis

182 1379 321 1453 viribus
330 1395 367 1452 et
378 1379 514 1452 intimis
525 1377 686 1453 sensibus
694 1382 961 1480 processionem
972 1378 1253 1466 ordinaverunt,

100 1493 107 1508 ⁹
183 1497 332 1572 honeste
349 1496 467 1570 induti
479 1521 562 1570 cum
576 1498 743 1572 crucibus
756 1515 793 1572 et
810 1497 1005 1572 thuribulis
1020 1496 1065 1570 ad
1086 1497 1254 1570 Sanctum

183 1616 394 1690 &russiam
416 1633 690 1714 processerunt,
713 1633 751 1690 et
769 1619 928 1689 animam
947 1615 1042 1716 regis
1060 1611 1256 1688 emundata

182 1758 323 1809 morsm
344 1751 477 1808 sancte
502 1733 772 1809 christianitatis
795 1736 872 1809 Deo
896 1732 1254 1809 commendaverunt.

183 1853 287 1926 Tunc
306 1853 521 1926 Guiileimus
542 1852 833 1954 archiepiscopus
846 1855 949 1953 jussit
971 1870 1012 1925 ut
1034 1875 1170 1951 corpus
1186 1851 1256 1950 ejus

183 1962 382 2037 Cadomum
404 1963 619 2054 deferretur,
650 1964 772 2066 ibique
802 1967 838 2038 in
858 1965 1002 2038 basilica
1028 1964 1151 2036 Sancti
1178 1963 1257 2035 Ste-

184 2074 292 2173 pbani
312 2077 607 2174 protomartyris,
626 2096 735 2176 quam
755 2078 828 2174 ipse
845 2074 1076 2165 condiderat,
1097 2074 1256 2148 tumuis-

181 2210 297 2268 retur.
316 2194 454 2270 Verum
472 2196 600 2267 fratres
617 2196 693 2294 ejus
714 2210 749 2266 et
765 2194 909 2294 cognati
923 2195 1000 2293 jam
1014 2191 1061 2265 ab
1076 2217 1121 2266 eo
1142 2214 1257 2265 reaes-

182 2329 321 2402 serant,
346 2329 383 2386 et
410 2336 535 2386 omnes
560 2312 717 2385 ministri
742 2312 817 2409 ejus
840 2337 943 2399 eam,
969 2327 1010 2382 ut
1034 2307 1254 2395 barbarum,

183 2431 351 2531 nequiter
372 2431 615 2506 deseruerant.
639 2428 744 2502 Unde
768 2450 835 2502 nec
861 2454 953 2500 ursus
976 2429 1020 2500 de
1044 2424 1256 2500 satellitibm

183 2549 291 2647 regiis
310 2565 364 2622 est
386 2550 569 2634 inventus,
590 2548 653 2646 qui
675 2563 819 2621 curaret
843 2545 888 2618 de
911 2545 1071 2644 exequiis
1092 2543 1257 2642 eorporis

184 2667 305 2764 ipsias.
325 2668 429 2739 Tunc
444 2665 654 2755 Herluinus,
669 2664 833 2763 pagensis
847 2688 970 2763 eques,
988 2662 1145 2735 naturali
1158 2660 1257 2735 boni·

184 2797 256 2856 tate
267 2798 505 2881 compunctus
521 2797 593 2869 est,
608 2797 645 2853 et
660 2807 785 2852 curam
802 2778 1034 2878 exequiarum
1047 2803 1118 2876 pro
1136 2789 1257 2850 amors

184 2898 249 2972 Dei
279 2914 317 2970 et
347 2898 487 2972 bonore
514 2900 631 2998 gentis
657 2923 731 2969 suae
754 2896 909 2969 viriliter
939 2896 1164 2994 amplexatus
1191 2904 1254 2969 eit.

183 3015 423 3088 Pollinctores
446 3017 565 3115 itaque
590 3033 627 3088 et
649 3015 862 3111 vespiliones
878 3041 919 3088 ac
937 3013 1143 3088 vehiculum
1160 3038 1257 3088 mer-

185 3136 271 3210 cede
288 3137 335 3211 de
359 3139 519 3237 propriis
541 3137 745 3237 sumptibus
770 3137 963 3222 conduxit,
988 3136 1139 3210 cadaver
1168 3135 1260 3237 regis

184 3254 229 3329 ad
240 3272 390 3355 portum
404 3256 578 3356 Sequanae
586 3254 747 3344 devexit,
762 3256 1138 3356 impositumqaenari
1151 3277 1260 3356 usque

184 3376 385 3452 Cedamum
402 3403 468 3478 per
480 3404 611 3479 aquam
624 3393 662 3451 et
677 3377 815 3450 aridam
827 3377 1011 3477 perduxit.

233 3500 337 3572 Tunc
356 3498 514 3572 domnus
530 3496 753 3571 Gislebartus
771 3493 880 3568 abbas
900 3499 953 3593 (a)
976 3518 1061 3567 eum
1076 3511 1260 3569 conventu

184 3614 447 3688 monachorum
476 3631 691 3688 veneranter
722 3612 868 3686 obviam
899 3613 1035 3685 feretro
1066 3613 1259 3711 processit,

186 3732 316 3831 quibus
327 3732 416 3806 flens
429 3749 467 3806 at
477 3757 585 3805 orans
599 3730 796 3805 multitudo
807 3732 1026 3805 clericorum
1036 3746 1074 3804 et
1086 3731 1261 3805 laicorum

221 4048 261 4118 (1)
274 4047 315 4101 Et
325 4048 430 4118 pubem.
447 4051 500 4104 Ma.
515 4050 584 4104 dela
599 4052 676 4105 reine
688 4050 723 4104 de
732 4049 833 4105 Scede.

222 4134 260 4208 (2)
280 4134 421 4192 Gisiebcrt
441 4134 475 4193 de
485 4139 656 4207 Coutances,
673 4139 743 4195 abbe
759 4138 794 4194 de
805 4126 1017 4194 Sciat-Etiennc
1028 4135 1062 4191 dc
1074 4137 1151 4192 Caen
1162 4139 1172 4206 (
1183 4153 1260 4211 1079-

192 4244 253 4282 ιιοι
265 4232 283 4299 J.
