2888 4934
257 357 332 473 Ι578
530 405 714 467 HISTORIA
736 403 1042 466 tccttsttsttct.
1066 406 1238 485 [novenni
1253 408 1347 486 1098]

271 542 428 616 chancre
443 537 673 637 postmodum
690 553 790 610 aucta
805 552 878 626 est,
894 552 931 610 et
946 563 966 608 a
979 537 1129 610 nomine
1145 537 1345 636 patrissui,
1406 528 1418 543 ⁸

271 658 407 733 scilicet
435 653 605 728 Antiochi
640 652 755 742 Clari,
788 654 971 727 nominata
995 666 1062 725 est.
1089 652 1142 724 Et
1164 635 1346 753 quoniam

273 789 382 849 tantae
393 772 460 845 luit
475 770 697 844 auctoritatis
710 783 748 842 ct
761 769 978 861 nobilitatis,
992 785 1119 868 utpote
1129 796 1216 870 quae
1235 772 1349 844 totius

271 891 383 989 Syriae
400 904 507 987 caput
521 888 689 960 extiterat
701 901 739 961 et
753 887 985 987 metropolis,
1001 884 1128 961 Franci
1144 861 1348 962 noliterunt

272 1033 351 1081 eam
377 1004 554 1079 devictam
582 1019 716 1077 temere
738 1002 939 1094 dimittere,
958 1028 1152 1104 perquam
1168 1004 1348 1104 optabant

271 1123 468 1223 primatum
492 1147 596 1196 suum
617 1121 725 1220 longe
750 1120 892 1220 lateque
917 1121 1102 1220 prolerre,
1121 1137 1160 1194 et
1176 1121 1350 1222 regiones

272 1241 379 1313 etiam
405 1239 620 1339 longinquas
640 1237 899 1311 christianitati
925 1236 1128 1340 subjugare.
1155 1240 1263 1312 Hanc
1285 1263 1350 1338 per

273 1374 357 1432 octo
375 1381 514 1431 merases
530 1372 567 1431 et
583 1382 697 1430 unum
713 1355 810 1429 diem
827 1354 1043 1430 obsederant
1059 1356 1140 1455 (ι),
1170 1373 1209 1431 et
1229 1358 1270 1429 in
1289 1381 1350 1430 ea-

273 1475 354 1550 dem
367 1477 442 1576 jam
458 1491 560 1573 capta
580 1498 648 1572 per
667 1490 741 1547 tres
758 1470 998 1547 hebdomadas
1017 1472 1149 1548 obsessi
1176 1491 1278 1546 sunt.
1309 1476 1349 1545 ln

274 1620 344 1694 qua
353 1591 540 1667 obsidione
551 1590 722 1664 diuturna
737 1606 856 1663 tantus
865 1590 1040 1664 confluxit
1051 1607 1258 1664 conventus
1268 1616 1350 1690 gen-

275 1709 415 1798 tilium,
434 1724 475 1782 ut
488 1707 607 1780 nullus
619 1707 828 1779 meminerit
840 1706 1077 1804 copiosiorem
1093 1732 1131 1780 se
1149 1705 1282 1779 vidisse
1295 1709 1347 1780 vel

276 1822 413 1896 audisse
439 1822 680 1923 frequentiam
695 1822 928 1920 populorum.
948 1822 1224 1921 Requieverunt
1243 1824 1350 1921 igitur

278 1944 315 2023 in
334 1967 373 2015 ea
397 1940 558 2041 quinque
574 1937 774 2029 mensibus,
793 1956 829 2012 et
851 1963 983 2014 novem
997 1938 1136 2015 diebus.
1158 1941 1234 2013 Tot
1246 1939 1349 2013 rebus

197 2112 206 2125 ,
278 2057 571 2148 occurrentibus,
590 2056 788 2130 noluerunt
805 2082 884 2130 eam
902 2057 1043 2130 incaute
1059 2055 1270 2146 dimittere;
1292 2056 1347 2130 sed

280 2174 376 2248 fideli
393 2173 650 2274 delegaverunt
671 2172 805 2246 tutelae.
826 2175 954 2248 Comes
978 2190 1097 2246 autem
1112 2189 1151 2246 et
1167 2176 1350 2247 Buamun-

281 2292 347 2364 dus
362 2291 591 2390 peculiariter
608 2316 716 2389 super
731 2315 810 2363 eam
824 2289 968 2363 sibimet
981 2289 1205 2391 cogitabant.
1222 2292 1348 2365 Civita-

217 2492 221 2499 ,
283 2425 356 2481 tem
373 2432 484 2506 ergo,
502 2422 543 2479 ut
572 2405 708 2479 dictum
731 2423 801 2497 est,
826 2407 1079 2497 muniverunt,
1101 2423 1139 2480 et
1169 2408 1210 2480 in
1235 2433 1351 2482 mense

286 2524 476 2600 novembri
491 2525 558 2622 (a),
570 2523 656 2597 alias
671 2526 882 2622 profecturi,
898 2524 1005 2599 rebus
1021 2523 1249 2626 quibuslibet
1266 2552 1353 2600 eom·

286 2642 430 2741 positis,
447 2639 679 2715 Antiochiam
693 2642 871 2715 exierunt.

337 2760 438 2831 Xlll.
456 2759 584 2831 Comes
601 2757 823 2832 Raimundus
848 2787 930 2834 cum
956 2786 1020 2834 suo
1045 2763 1211 2834 exercitu
1229 2762 1351 2846 exivit,

289 2894 325 2950 et
341 2876 427 2949 duas
442 2875 602 2961 civitates
619 2905 628 2946 a
644 2875 796 2976 Rugiam
810 2879 864 2976 (3)
879 2894 914 2949 et
931 2875 1120 2950 Albaniam
1131 2877 1352 2976 pertransiit,

325 3201 365 3266 (ι)
379 3198 419 3253 Ce
430 3195 527 3251 cbiffre
538 3207 580 3252 eat
594 3207 656 3271 trop
668 3196 751 3253 eleve.
767 3199 810 3253 Du
830 3199 860 3255 18
876 3200 990 3255 octobre
1003 3219 1038 3255 au
1052 3199 1158 3271 3juin,
1180 3202 1200 3255 il
1218 3202 1264 3274 n’y
1277 3222 1292 3255 a
1306 3221 1357 3275 qus

289 3299 350 3363 sept
362 3289 433 3343 mois
445 3286 606 3360 etdix-sept
614 3288 702 3358 joura.
718 3285 806 3343 Notre
815 3298 916 3342 autern
926 3289 995 3343 n'est
1005 3308 1053 3362 pas
1064 3289 1192 3344 beutenx
1202 3309 1238 3345 en
1251 3291 1357 3365 general

290 3380 359 3434 dans
369 3396 410 3433 ses
421 3377 614 3450 supputatione
626 3376 869 3451 clironologiques.
879 3377 955 3437 Celle
965 3379 1013 3452 qui
1025 3380 1203 3435 enituerunt
1215 3382 1356 3454 paturiens

290 3487 345 3542 que
358 3467 384 3522 lc
398 3465 574 3540 precedente.
590 3466 636 3518 Du
648 3466 681 3521 28
689 3466 753 3536 juin
765 3484 801 3520 au
817 3485 844 3520 ιι
861 3466 1024 3533 novembre,
1038 3470 1175 3542 epoquea
1193 3468 1311 3542 laquelle
1324 3468 1358 3520 les

291 3558 392 3612 croises
401 3554 554 3629 paraissent
567 3555 648 3610 s’etre
659 3557 744 3609 retnis
756 3555 960 3627 partiellement
968 3575 1004 3611 en
1015 3575 1184 3630 campagne,
1197 3557 1218 3611 il
1230 3559 1275 3630 n’y
1285 3578 1300 3612 ιι
1309 3576 1359 3631 qur

290 3644 592 3720 quatremcisettreize
597 3644 961 3715 joniceoucarrivcctsoc
968 3645 1075 3713 chiffre,
1083 3646 1102 3700 il
1109 3647 1169 3702 saut
1179 3647 1359 3722 comprendrr

293 3735 360 3788 ulans
370 3753 400 3788 ce
410 3745 500 3807 temps
509 3733 544 3787 de
555 3751 636 3805 repos
647 3735 873 3805 (requieverunt)
884 3733 923 3788 les
933 3735 1121 3809 vingt-quatre
1129 3736 1212 3807 jours
1222 3737 1258 3791 de
1271 3737 1360 3791 blocus

294 3835 322 3878 et
334 3824 359 3877 lc
370 3825 436 3893 jour
450 3824 486 3879 de
498 3823 524 3878 la
536 3823 648 3878 bataille
660 3821 838 3877 d’Antioche.

329 3915 367 3982 (a)
382 3913 417 3967 Le
433 3933 461 3967 ιι
477 3914 643 3977 novembre,
660 3912 768 3967 suivant
779 3913 913 3987 quelques
927 3915 1020 3969 re'eits.

327 4002 365 4074 (ὅ)
378 4006 423 4057 Au
443 4004 515 4074 snjet
535 4004 569 4058 de
583 4015 654 4058 cette
675 4002 752 4072 ville,
770 4023 851 4077 voyez
866 4004 1015 4074 cidessus,
1035 4024 1064 4077 p.
1079 4002 1142 4079 517.
1163 4007 1203 4060 bl.
1219 4007 1362 4079 Poujonlat

294 4097 337 4151 u'a
360 4113 397 4168 pu
419 4094 529 4148 obtenir
552 4113 655 4150 aucuns
680 4096 915 4170 renseignements
936 4115 983 4152 sur
1007 4096 1232 4169 l’emplacenrent
1248 4110 1277 4154 et
1295 4099 1362 4154 l'e'tst

294 4185 382 4241 uetuel
401 4183 552 4240 d'Albarie.
