2872 4920
182 408 242 468 284
457 406 642 465 HISTORIA
665 404 969 465 tectttttastlca.

181 540 311 610 simum
326 537 509 610 castellum
522 534 695 610 condidit.
709 538 777 609 Per
787 561 834 612 xv
846 562 959 611 annos
971 536 1232 612 intolerabiliter

181 655 349 725 Britoncs
365 652 557 750 protrivit,
576 668 613 724 et
626 653 714 725 fines
733 677 876 740 eorum,
893 653 955 752 qui
968 652 1122 750 pristina
1134 651 1234 726 libcr-

183 787 254 844 tate
277 787 476 857 tumentes,
502 771 593 843 nihil
611 771 762 843 omnino
781 768 1000 841 Normaunis
1022 768 1234 860 debuerunt,

184 891 324 960 invasit.
349 890 418 961 Per
444 888 547 960 silvas
571 904 606 960 ct
630 887 775 987 paludes
803 902 840 959 et
867 912 933 986 per
953 886 1086 961 arduos
1111 905 1236 962 montes

183 1022 385 1103 persecutus
398 1005 515 1079 hostes
529 1006 651 1077 multis
669 1004 783 1077 modis
797 1003 1015 1103 prolligavit.
1033 1004 1130 1078 Nam
1142 1031 1237 1106 quos·

182 1121 264 1191 dam
289 1122 451 1194 cominus
474 1136 514 1192 ut
542 1120 692 1218 pecudes
719 1121 961 1193 irreverenter
980 1118 1135 1210 occidit,
1165 1121 1236 1194 alios

182 1262 269 1310 vero
292 1238 426 1310 diutius
445 1239 598 1311 vinculis
615 1238 851 1336 mancipavit,
869 1252 930 1309 aut
948 1236 1120 1310 indebita
1137 1239 1236 1310 servi-

180 1356 248 1426 tuti
263 1357 434 1427 atrociter
451 1354 667 1455 subjugavit.
687 1355 910 1428 Christicolae
930 1356 1110 1428 nonlicet
1125 1355 1235 1428 fratrs

178 1498 259 1545 suos
288 1475 337 1545 sic
363 1475 588 1571 opprimere,
606 1474 667 1572 qui
694 1474 730 1545 in
751 1471 820 1546 fide
843 1472 974 1545 Christi
1001 1497 1105 1546 sacro
1136 1471 1232 1545 renati

182 1606 266 1661 sunt
281 1588 505 1689 baptismate.

228 1706 402 1805 Superbia
421 1723 457 1780 et
473 1704 662 1805 cupiditas,
686 1733 767 1807 quae
781 1731 847 1805 per
865 1723 981 1780 totum
998 1704 1128 1779 orbem
1145 1730 1231 1778 mor·

181 1825 306 1896 talium
322 1826 505 1923 possident
518 1841 685 1923 pectora,
701 1824 927 1898 Rodbertum
939 1824 1160 1897 marchisum
1173 1821 1231 1896 abs

180 1967 250 2042 que
266 1942 375 2016 modo
400 1943 443 2015 ad
466 1942 605 2042 praedas
627 1941 878 2033 stimulabant,
897 1958 934 2015 et
952 1941 1166 2029 homicidia,
1182 1963 1231 2039 ptr

181 2085 262 2159 quae
299 2059 391 2132 idem
429 2062 464 2133 in
498 2058 720 2135 horrendum
753 2061 994 2160 praecipitium
1024 2085 1163 2133 mersus
1193 2071 1232 2131 est

181 2162 604 2276 posteaNamtertiodic
612 2179 693 2278 julii
704 2177 935 2266 Grithsridus,
946 2202 1007 2249 rex
1018 2177 1229 2260 Cuallorum,

62 2304 68 2324 ⁸
182 2321 264 2367 cum
291 2295 407 2369 tribus
433 2296 584 2369 naribus
608 2296 675 2368 sub
701 2312 883 2384 montem,
912 2296 974 2395 qui
997 2293 1133 2367 dicitur
1154 2295 1232 2365 llor-

182 2409 330 2482 maheva
360 2412 433 2509 (1),
460 2412 575 2484 littori
598 2411 766 2510 appulsus
793 2426 866 2498 est,
885 2426 923 2482 et
943 2434 1028 2482 mox
1049 2410 1232 2508 piratarum

181 2529 357 2600 exercitus
376 2529 473 2627 quasi
493 2529 566 2625 lupi
587 2554 730 2627 rapaces
751 2525 794 2600 ad
817 2523 1107 2626 depopulandam
1128 2523 1233 2626 regio-

182 2670 266 2717 nem
282 2644 430 2718 diffusus
451 2663 515 2719 est.
536 2647 687 2720 Interim
711 2671 808 2718 mare
830 2645 958 2718 fluctus
979 2669 1060 2717 suos
1078 2643 1231 2726 retraxit,

181 2779 217 2836 et
233 2764 269 2836 in
289 2766 383 2839 sicco
405 2766 529 2839 littore
546 2766 662 2837 classis
679 2766 877 2862 piratarum
894 2763 1003 2835 stetit.
1030 2757 1235 2834 Grithsridut

182 2897 300 2953 autem
328 2908 409 2955 cum
432 2883 502 2954 suis
528 2908 594 2980 pcr
616 2882 795 2954 maritima
820 2878 1008 2967 discurrit,
1030 2875 1235 2951 bomineset

181 3014 341 3068 armenta
357 2999 489 3095 rapuit,
501 3025 541 3071 ac
554 2998 597 3070 ad
610 3023 716 3070 naves
728 2998 916 3069 exsiccatas
926 2994 1053 3066 lestine
1066 2989 1234 3067 remearit

231 3117 369 3186 Interea
382 3115 520 3186 clamor
530 3115 628 3212 vulgi
642 3113 882 3200 Rodbertum,
893 3109 1042 3183 meridie
1054 3109 1237 3185 dormitan-

182 3340 270 3393 chure
286 3338 321 3393 de
334 3338 358 3392 la
371 3338 502 3410 Conway.
518 3337 558 3392 Ce
572 3337 688 3391 cliatcau
702 3339 760 3410 prit
772 3336 834 3391 leur
847 3354 928 3405 nom,
941 3337 1092 3408 empruntd
1104 3329 1236 3409 probabit·

182 3438 258 3482 trient
275 3430 290 3482 a
307 3426 332 3481 la
348 3428 448 3481 riviirre
464 3427 512 3501 qui
528 3425 607 3480 coulc
621 3429 635 3480 a
648 3425 710 3481 leur
726 3424 809 3499 pied:
825 3426 962 3480 Dioruwr.
981 3424 1032 3479 Les
1045 3421 1239 3499 chroniqueus

180 3536 215 3568 cn
228 3526 278 3570 ont
289 3515 462 3590 quelquelois
479 3514 531 3569 tait
544 3514 669 3582 Crunoe,
688 3533 737 3587 par
749 3514 774 3568 le
787 3514 1012 3569 retranchement
1024 3511 1059 3566 (le
1075 3512 1101 3567 la
1115 3511 1237 3586 premiere

181 3605 282 3674 syllaba
295 3615 323 3660 ct
335 3624 391 3661 une
403 3605 496 3677 legere
511 3604 656 3659 alteration
669 3602 704 3658 dc
717 3603 742 3657 la
754 3602 912 3658 desineuce.
928 3601 1163 3674 L’emplacement
1173 3600 1238 3655 dea

181 3696 297 3749 chaltcau
307 3695 356 3751 fait
367 3694 544 3767 aujourd’hui
555 3695 644 3767 partie
653 3694 689 3749 de
700 3693 726 3748 la
735 3695 855 3766 paroisse
867 3690 1117 3766 d’EgglwyseRhos
1125 3687 1239 3761 (ecclesii

182 3784 286 3855 lilios).

217 3875 256 3947 (1)
276 3876 313 3927 Lc
326 3887 406 3930 mont
420 3874 597 3930 Hormaheva
615 3875 743 3948 s'appclle
759 3874 936 3945 aujourd'bui
961 3873 1048 3926 Grent
1070 3872 1154 3927 Onms
1170 3860 1240 3926 naal

181 3985 217 4018 on
238 3965 421 4022 Llandludno
439 3970 448 4036 (
455 3968 540 4041 eglise
560 3967 596 4021 dc
615 3966 832 4036 Saint-Ludno).
849 3965 929 4020 Cette
948 3963 1069 4037 paroisse
1086 3973 1129 4018 est
1148 3963 1237 4017 sinte.

182 4058 251 4111 ainsi
264 4075 318 4130 quc
332 4056 357 4111 la
371 4058 551 4128 precedente,
567 4057 636 4112 dans
653 4057 678 4112 le
695 4066 788 4111 comot
805 4056 840 4109 de
857 4055 1002 4127 Crenthyn
1015 4063 1045 4107 et
1057 4051 1083 4106 le
1097 4051 1206 4107 cantoel
1214 4044 1239 4100 de

182 4146 257 4200 lilios
275 4147 548 4216 (Carnawonsbire).
564 4148 601 4201 Le
619 4145 707 4219 grand
725 4145 840 4200 chalteau
856 4144 891 4198 de
908 4144 1043 4213 Conway,
1058 4143 1133 4195 situsi
1145 4159 1179 4195 en
1194 4138 1240 4192 tace

181 4253 228 4289 sur
242 4234 265 4289 la
279 4235 338 4289 rirc
350 4235 520 4290 occislentale
534 4235 604 4289 dela
620 4238 755 4307 Conway,
774 4253 808 4288 nr
822 4235 865 4287 snt
878 4232 1014 4287 construit
1027 4230 1111 4304 qu'en
1129 4230 1203 4294 1284.
