2888 4934
184 391 244 451 472
456 391 642 453 HISTORIA
664 390 970 456 uectuslssucs.
1046 399 1146 477 [run.
1166 400 1264 478 1096}

183 529 326 595 riantur
342 522 592 614 anathemate,
612 527 678 624 qui
694 524 765 599 hoc
775 527 1028 625 juramentum
1030 523 1172 626 faeere
1190 556 1260 602 no-

184 641 329 732 luerint,
344 632 513 715 nelliano
526 645 819 716 constitutionem
830 644 1057 734 violaverint,
1069 663 1106 718 et
1117 673 1256 738 omnes,

183 766 249 862 qui
270 765 321 833 eis
348 763 709 850 communicaverint,
728 761 789 834 uel
812 789 882 835 suu
906 763 1141 836 vertdiderint
1159 792 1169 836 :
1187 767 1261 838 siue

168 876 297 978 fubri,
312 883 385 951 siue
405 877 476 950 ulii
488 875 693 976 officiales,·
712 881 787 951 sive
808 878 1006 978 presbyteri
1008 936 1023 970 ,
1044 886 1110 979 qui
1127 906 1192 953 eos
1208 880 1260 953 ud

183 998 473 1069 communionem
489 998 730 1096 susceperint,
751 996 810 1069 vel
831 996 994 1070 diuinum
1019 999 1073 1069 eis
1099 997 1260 1094 officium

168 1109 346 1211 fecerint.
368 1112 454 1185 Hoc
468 1116 577 1184 etium
594 1111 826 1185 anathemate
829 1110 1025 1212 feriuntur
1022 1112 1191 1209 falsarii
1198 1172 1209 1205 ,
1227 1133 1258 1189 et

183 1246 347 1330 raptores
385 1247 420 1301 et
443 1247 617 1332 emptores
640 1229 875 1333 proedurum,
907 1247 941 1302 et
967 1235 1030 1330 qui
1053 1236 1095 1303 in
1127 1235 1258 1305 castris

182 1363 453 1446 congregantur
462 1364 613 1448 propter
626 1347 852 1421 exercendus
869 1351 1021 1448 rapinas
1027 1404 1041 1438 ,
1064 1365 1101 1421 et
1117 1347 1261 1421 domini

183 1466 249 1565 qui
264 1464 397 1538 amodo
416 1492 477 1538 eos
494 1467 704 1538 retinuerint
717 1474 755 1537 in
769 1470 898 1539 castris
914 1467 1004 1538 suis.
1024 1467 1080 1538 Et
1094 1471 1259 1539 auctori-

183 1600 258 1656 tate
281 1583 488 1683 apostolica
510 1599 544 1655 et
561 1599 689 1656 nostru
703 1583 936 1684 prohibemus
957 1598 995 1654 ut
1014 1582 1122 1656 nullu
1144 1582 1260 1656 chris·

184 1702 419 1801 tinnitusfiut
436 1704 589 1774 interris
603 1702 830 1773 dominorum
847 1699 1002 1773 illorum.

235 1820 268 1892 5.
288 1818 427 1891 Statuit
443 1821 552 1891 etiam
563 1815 887 1917 sanctasynodus,
904 1831 944 1888 ut
957 1841 1081 1888 omnes
1094 1815 1264 1888 ecclesiu-

185 1938 239 2009 itu
255 1939 329 2008 sint
348 1938 515 2009 suisiotoe
528 1935 577 2009 de
589 1935 694 2009 rebus
713 1938 810 2022 suis,
829 1932 1088 2030 sieutsuerunt
1102 1949 1262 2034 tempore

188 2052 381 2126 Guillelmi
397 2055 512 2154 regis,
537 2069 676 2125 etcum
699 2051 834 2125 eisdem
861 2050 1211 2136 consuetudinibus;
1230 2069 1261 2121 et

185 2169 287 2268 quod
308 2171 432 2244 nullus
456 2173 571 2244 laicus
589 2175 909 2273 participationem
932 2168 1067 2242 habeat
1090 2172 1130 2240 in
1156 2171 1261 2241 tertio

179 2305 292 2391 purte
308 2289 481 2378 decimae,
500 2288 561 2362 uel
571 2293 610 2360 in
631 2288 819 2384 sepultura
829 2345 840 2378 ‚
860 2287 920 2361 uel
934 2289 972 2359 iu
989 2285 1179 2360 oblatione
1201 2287 1261 2359 ul-

187 2411 297 2494 teris,
323 2431 390 2478 nec
416 2407 619 2495 seruitium,
638 2432 707 2479 nee
728 2405 895 2505 aliquem
917 2407 1151 2477 eructionem
1177 2404 1264 2477 inde

188 2527 334 2625 erigut,
341 2540 479 2624 proeter
491 2551 573 2596 eam
587 2549 670 2623 quae
683 2539 842 2621 tempore
859 2521 1051 2594 Guillelmi
1061 2525 1161 2621 regis
1173 2549 1262 2596 oon-

186 2636 409 2737 stilutafuit.

235 2759 273 2831 6.
303 2757 443 2831 Statuit
458 2761 567 2830 etium
590 2773 629 2828 ut
651 2757 773 2829 nullus
806 2756 925 2829 luicus
949 2754 1011 2827 det
1033 2755 1091 2827 uel
1117 2756 1264 2828 adimat

183 2877 432 2978 presbyterum
443 2877 608 2949 eeclesiae
618 2877 698 2948 sine
709 2901 883 2960 consensu
893 2873 1082 2975 proesulis;
1094 2899 1165 2947 neo
1181 2899 1264 2947 uen-

187 2993 278 3082 dat,
296 3021 361 3065 nec
369 2996 573 3094 pecuniam
593 2992 681 3064 inde
695 2995 879 3093 accipian
898 3017 945 3065 ue
963 3008 1002 3062 ut
1014 2990 1141 3064 nullus
1156 2991 1261 3064 tono

187 3137 332 3185 comum
349 3115 502 3200 nutriat,
517 3111 585 3182 sed
600 3112 648 3182 sit
664 3127 789 3182 tonsus
803 3109 880 3207 (1),
898 3111 994 3181 siout
1009 3107 1116 3180 decet
1136 3109 1261 3185 Chris-

188 3234 340 3302 tiunum.
355 3229 535 3327 Alioquin
552 3255 577 3299 α
591 3227 777 3301 liminibus
788 3244 927 3300 sanctu
939 3232 1066 3298 matris
1078 3228 1119 3298 E
1120 3227 1260 3300 colesiae

186 3347 480 3448 sequestrabitur,
501 3372 567 3419 nee
590 3347 764 3419 sacerdos
781 3345 917 3444 aliquis
936 3347 1100 3416 diuinum
1124 3350 1157 3417 ei
1178 3344 1259 3443 offi-

183 3540 190 3550 ’
222 3560 261 3630 (ι)
274 3560 321 3617 On
335 3579 370 3614 ne
385 3561 489 3633 portait
502 3577 549 3632 pas
562 3558 715 3613 seulement
728 3556 767 3610 les
777 3557 901 3610 cheveux
914 3566 1007 3610 courts
1021 3559 1124 3610 scene
1138 3561 1256 3631 imque,

187 3650 258 3705 mais
272 3669 372 3705 encore
385 3649 410 3703 le
425 3661 539 3704 monton
554 3668 607 3704 ras.
624 3648 674 3702 Les
686 3647 788 3702 croisis
802 3657 884 3719 ayant
896 3646 975 3700 laissi
987 3645 1091 3701 croitre
1103 3646 1166 3701 leur
1179 3647 1260 3702 barbe

187 3749 268 3793 avant
281 3736 307 3792 la
319 3736 431 3791 banilte
445 3738 628 3805 d'Antioche,
644 3737 697 3791 soit
709 3755 745 3790 en
758 3737 837 3809 signe
850 3735 886 3789 de
900 3734 1037 3801 tristem,
1052 3739 1106 3790 soit
1119 3754 1193 3809 pour
1205 3735 1258 3790 dis·

187 3825 303 3883 umuler
316 3825 342 3881 la
357 3829 497 3900 maigreur
515 3828 550 3884 de
567 3828 642 3883 leurs
655 3829 750 3900 jones,
766 3845 803 3881 on
819 3826 864 3881 fut
877 3827 933 3882 sort
947 3821 1119 3882 embarr'asse
1135 3845 1208 3899 pour
1223 3828 1258 3881 les

372 3913 414 3970 'os
432 3917 620 3986 masalmam,
640 3928 670 3972 et
689 3916 813 3990 rusque
831 3915 870 3971 du
892 3917 946 3971 Pui
967 3917 1010 3972 sut
1031 3917 1125 3990 obligo
1144 3916 1179 3972 de
1200 3917 1258 3972 leur

414 4002 446 4060 ‘le
458 4017 554 4078 portet
567 4008 616 4064 des
628 4008 704 4063 croix
719 4025 767 4061 sur
780 4005 855 4060 leurs
870 4006 977 4073 habits,
992 4025 1065 4079 pour
1078 4009 1168 4062 tvioer
1184 4016 1258 4062 toute

418 4108 469 4148 m.
487 4096 526 4152 La
546 4097 629 4153 mode
647 4098 696 4152 des
716 4096 834 4170 longues
854 4095 969 4164 barhes,
989 4097 1040 4170 qui
1058 4097 1256 4152 s'introdnisait
1328 4162 1329 4166 Ἰ

442 4184 544 4241 ἠόα
552 4201 590 4243 ω
598 4185 780 4254 Nomndie,
791 4203 827 4239 au
838 4180 928 4258 grind
936 4184 1064 4240 scandale
1075 4185 1125 4241 des
1134 4188 1259 4242 hommes

514 4264 593 4333 ’dre
602 4274 661 4333 fort
673 4279 819 4334 restrointe
831 4295 866 4333 en
881 4274 1028 4333 Occidens.
