2888 4934
179 475 290 553 [soso]
557 470 674 531 ainau
694 471 880 533 ocrsvus.
1194 477 1255 536 sss

176 604 328 680 Domini
344 601 500 678 Sabaoth
516 601 792 690 laboraverunt,
808 626 966 702 quorum
982 602 1119 702 lapidea
1135 606 1256 701 sepul-

179 746 244 795 cra
257 720 377 821 palam
388 717 664 793 adventantibus
682 720 775 791 inter
791 717 974 791 basilicam
991 735 1028 790 et
1046 720 1084 791 iu
1101 719 1255 791 circuitu

178 840 256 941 ojus
274 840 479 913 testimonio
492 854 596 925 sunt,
617 839 719 936 cujus
728 838 850 910 meriti
864 853 900 912 et
911 839 1124 910 reverentiae
1141 838 1257 912 homi·

178 981 247 1031 nes
262 955 351 1030 inibi
375 956 615 1056 requiescant.
634 956 777 1029 Scelesti
795 981 883 1056 ergo
901 953 1119 1029 habitatores
1141 957 1255 1029 multa

180 1074 379 1149 infortunia
397 1074 529 1147 merito
555 1073 713 1172 perpessi
732 1090 837 1163 sunt,
858 1090 895 1146 et
918 1072 1075 1146 caedibus
1092 1100 1133 1146 ac
1152 1099 1257 1147 com-

177 1189 408 1265 bustionibus
417 1246 427 1281 ,
444 1189 739 1291 multimodisque
753 1192 928 1289 pressuris
944 1218 985 1264 ac
996 1189 1256 1292 dejectionibus

177 1309 389 1409 frequenter
408 1309 527 1381 afflicti
541 1325 637 1381 suut.

228 1426 430 1526 Municipes
453 1423 661 1499 Alcncionis
677 1441 714 1498 et
728 1427 914 1513 Bellesmi,
934 1426 1157 1528 aliarumque
1172 1452 1257 1500 mu-

179 1543 378 1632 nitionum,
395 1541 754 1644 utandieruntquam
763 1543 855 1617 male
866 1542 1257 1644 contigeritRodberto

179 1655 395 1754 Quadrello,
409 1674 446 1731 et
463 1657 701 1757 complicibus
719 1660 782 1760 qui
800 1686 882 1731 cum
907 1684 949 1733 eo
973 1662 1135 1746 lucrant,
1155 1658 1257 1733 valde

181 1775 302 1850 territi
327 1791 430 1864 sunt,
458 1792 494 1849 et
516 1792 558 1847 ut
582 1774 720 1849 debitas
746 1777 905 1849 venienti
929 1776 1010 1848 duci
1037 1777 1257 1850 munitiones

180 1889 393 1981 redderent,
409 1892 602 1965 consilium
618 1893 791 1965 inierunt.
806 1892 944 1967 Verum
962 1890 1167 1965 Rodbertus
1183 1891 1257 1965 dux
1290 1915 1292 1918 ·

181 2004 227 2080 ab
245 2007 405 2106 incoepta
428 2007 564 2081 virtute
590 2010 663 2083 cito
687 2008 835 2098 defecit,
861 2026 897 2082 et
920 2008 1072 2082 mollitie
1089 2008 1257 2081 suadente

183 2122 386 2201 adiectum
409 2143 446 2199 et
467 2128 627 2227 quietem
649 2127 752 2202 avide
777 2127 955 2218 recurrit,
988 2126 1258 2228 exercitumque

182 2266 287 2317 suum
296 2297 308 2333 ,
324 2258 363 2314 ut
379 2244 530 2343 quisque
544 2244 588 2317 ad
601 2271 661 2317 sua
680 2244 890 2345 repedaret,
908 2243 1057 2317 dimisit.

227 2359 406 2458 Rogerius
417 2361 527 2460 igitur
535 2386 667 2451 comes,
678 2360 1071 2464 dissolutisagminibus
1079 2360 1258 2436 Norman·

176 2499 317 2553 norum
339 2493 447 2579 atque
470 2478 840 2568 Cenomannensium,
866 2481 1006 2581 gavisus
1030 2495 1101 2569 est,
1130 2492 1167 2551 et
1193 2502 1259 2575 per

171 2592 319 2671 dicaces
331 2595 468 2696 legatos
481 2623 499 2669 a
512 2594 602 2671 duce
615 2623 760 2696 pacem,
774 2597 909 2697 filiique
922 2597 975 2670 sui
994 2596 1259 2670 absolutionem

166 2712 388 2811 postulans,
409 2713 523 2786 multa
539 2713 626 2787 salso
644 2714 826 2813 pollicitus
849 2730 915 2786 est.
939 2714 1020 2785 Dux
1037 2728 1176 2800 autem,
1194 2709 1258 2811 qui

165 2828 407 2931 improvidus
430 2847 507 2904 erat
533 2848 569 2904 et
598 2831 794 2921 instabilis,
820 2830 865 2904 ad
897 2833 1036 2930 lapsum
1063 2830 1195 2917 facilis,
1213 2825 1259 2900 ad

165 2948 381 3024 tenendum
402 2951 550 3049 justitiae
571 2950 731 3050 rigorem
748 2950 888 3037 mollis,
913 2975 956 3022 ex
983 2950 1164 3047 insperato
1187 2946 1259 3020 sri-

167 3064 274 3140 volis
297 3064 524 3164 pactionibus
552 3065 748 3140 infidorum
773 3066 973 3167 adquievit,
1001 3083 1038 3140 et
1064 3091 1149 3165 paee
1168 3066 1257 3138 lacta

166 3179 340 3282 lingerio
353 3182 476 3254 comiti
491 3182 602 3280 petita
616 3183 806 3273 concessit,
822 3200 929 3284 atque
945 3181 1174 3257 Rodbertum
1186 3181 1259 3253 Be-

174 3285 394 3373 lunensem
410 3325 429 3369 a
451 3299 606 3372 vinculis
621 3297 788 3374 absolvit.
809 3300 873 3373 llle
891 3326 980 3374 vero
995 3301 1070 3399 jam
1088 3297 1260 3370 liberatus

179 3414 377 3505 intumuit,
396 3415 491 3515 jussa
508 3415 607 3489 ducis
623 3432 730 3518 atque
748 3417 864 3489 minas
886 3417 1005 3489 minus
1022 3414 1257 3519 appretiavit,

177 3533 444 3634 praesentisque
462 3535 516 3633 (t)
534 3559 676 3609 memor
695 3535 837 3635 injuriae
847 3589 859 3627 ,
877 3534 1055 3607 diutinam
1074 3531 1259 3631 multipli-

181 3675 335 3751 cemque
357 3650 554 3725 vindictam
579 3653 753 3726 exercuit.
774 3651 865 3724 Nam
881 3677 945 3750 per
962 3676 1011 3724 xv
1029 3675 1162 3736 annos,
1177 3649 1258 3749 qui·

178 3765 251 3842 bns
268 3766 500 3868 postmodum
519 3771 555 3842 iu
573 3769 739 3843 Neustria
757 3771 865 3842 simul
882 3782 1093 3842 manserunt
1111 3768 1184 3865 (2),
1200 3764 1259 3838 ad·

839 3927 948 3936 ...ψ-..-

217 3999 258 4072 (t)
273 3998 443 4056 Proetert'toe.
456 4003 508 4056 Ms.
523 4001 558 4056 de
571 4001 596 4056 la
609 4002 686 4057 reine
698 4001 733 4057 de
745 4001 846 4057 Suede.

218 4091 261 4160 (α)
275 4089 316 4145 Ce
329 4089 415 4145 calcul
434 4092 504 4146 u'est
519 4111 567 4165 pas
584 4104 670 4148 exact.
690 4091 811 4148 D’abord
830 4093 870 4148 les
887 4092 960 4149 deux
976 4092 1084 4148 Robert
1101 4110 1136 4145 nc
1154 4109 1182 4146 se
1196 4100 1259 4144 sont

183 4179 298 4232 trouves
318 4179 459 4234 ensemhle
477 4198 512 4235 en
532 4180 704 4236 Normandie
723 4200 778 4256 que
799 4181 923 4255 pendant
940 4194 1072 4257 quatorzc
1093 4198 1156 4245 ans,
1175 4189 1205 4235 ct
1224 4178 1260 4233 ils

184 4268 290 4330 etaient
302 4267 465 4324 reconcilies
478 4280 559 4325 avant
571 4269 596 4324 la
610 4270 720 4328 bataille
732 4271 768 4327 de
780 4272 960 4331 Tinchebrai.
