2872 4920
320 344 381 421 526
545 310 553 324 ·
596 359 781 420 HISTORIA
804 359 1113 421 ECCLESIASTICA.
1130 364 1192 441 [1¹⁰
1204 381 1290 422 rnre.
1308 366 1385 442 1098]

320 491 548 590 praemuniti,
569 507 853 589 processerunte
869 493 1014 580 castris,
1033 517 1116 566 cum
1128 493 1258 567 multis
1274 498 1387 568 utriue

319 634 390 709 que
416 624 567 682 catervae
591 609 769 683 lumentis.
790 608 919 682 Neutri
938 607 1172 684 confidebant
1191 607 1240 685 dc
1257 636 1313 704 se,
1331 637 1386 688 nec

320 723 504 811 sacerdos,
524 750 591 798 nec
616 725 761 815 mulier,
782 750 849 798 nec
872 725 1078 824 popularis,
1099 751 1169 800 nec
1186 728 1307 800 miles.
1324 727 1386 802 llec

322 842 378 912 isti
396 866 462 916 nec
481 841 533 913 illi
550 842 742 939 sperabant
761 866 798 915 se
820 839 864 915 de
880 858 1014 917 caetero
1034 868 1137 942 posse
1158 845 1233 917 lrni
1256 862 1386 946 aspona

321 974 461 1031 mutuo.
488 960 533 1030 Hi
557 976 594 1032 et
619 959 670 1031 illi
690 957 914 1058 proruebant
938 961 974 1033 in
1003 978 1176 1035 carorum
1199 964 1386 1054 oscula,et

319 1101 445 1153 omnes
470 1077 506 1147 in
536 1076 709 1174 lacrymas
733 1075 935 1150 ciebantur.
955 1077 1089 1151 Milites
1112 1077 1290 1178 hospitati
1316 1095 1385 1154 sunt

321 1192 416 1265 inter
440 1191 608 1281 fluvium,
628 1194 689 1294 qui
709 1195 860 1294 antiquo
885 1194 1033 1268 nomine
1056 1193 1230 1294 Daphnes
1254 1212 1384 1271 vocetur

318 1311 398 1406 est(
408 1312 452 1407 r),
469 1310 531 1409 qui
546 1312 749 1408 praeterluit
761 1310 993 1384 Antiochiam
1004 1327 1041 1385 et
1049 1312 1181 1387 lacum.
1198 1311 1383 1388 Audienut

319 1426 496 1527 siquidem
523 1428 661 1502 Turcos
679 1428 716 1500 in
743 1429 890 1502 castello
911 1427 1031 1502 Arech
1048 1431 1285 1519 convenisse,
1303 1431 1381 1505 ulra

319 1543 472 1617 Pontem
501 1545 689 1618 Ferreum.
714 1544 867 1644 Impigri
892 1543 1186 1619 Christianorum
1206 1548 1382 1646 optimates

319 1677 403 1734 ante
436 1662 606 1734 lucanum
632 1677 899 1749 convenerunt,
928 1677 966 1733 et
996 1688 1127 1736 aurora
1156 1665 1279 1763 prima
1308 1664 1381 1737 illu-

319 1795 492 1866 cescente,
510 1805 642 1879 gnaros
658 1780 905 1877 exploratores
919 1780 1192 1877 praemiserunt.
1214 1781 1286 1875 Qui
1300 1781 1380 1855 cele-

319 1897 409 1969 riter
422 1912 660 1985 revertentes,
678 1898 816 1970 Turcos
828 1893 966 1985 adesse,
982 1896 1113 1969 etduas
1128 1900 1296 1998 copiosas
1306 1899 1380 1972 acies

318 2015 581 2112 praestruxisse,
611 2017 911 2089 acclamaverunt.
932 2014 1109 2089 Viderunt
1126 2017 1232 2090 enim
1251 2043 1331 2107 eos,
1344 2040 1377 2090 tx

317 2133 428 2205 altera
447 2132 608 2207 fluminis
624 2135 703 2234 ripa
720 2133 971 2207 accelerantes.
986 2135 1090 2207 Tunc
1102 2133 1378 2211 Christianorum

317 2274 484 2348 proceres
502 2251 613 2323 locuti
633 2267 719 2324 sunt
732 2249 776 2323 de
799 2250 898 2325 bello
915 2249 1140 2338 ordinando,
1156 2268 1195 2326 et
1207 2253 1377 2354 negotium

320 2365 407 2439 illud
432 2368 690 2440 commiserunt
711 2366 937 2440 Buamuntlo.
957 2365 1144 2440 Ordinatae
1168 2385 1257 2442 sunt
1278 2370 1377 2470 itaque

317 2508 378 2555 sex
406 2484 509 2556 acics.
535 2483 703 2584 Quinque
733 2510 776 2558 ex
801 2484 872 2556 illis
896 2501 1172 2583 processerunt,
1199 2512 1284 2586 quse
1307 2485 1375 2557 belli

317 2600 458 2700 pondus
476 2602 710 2690 sustinerent,
731 2618 767 2674 et
786 2602 972 2673 inimicum
990 2627 1118 2701 agmen
1134 2601 1376 2677 ellimciterle·

318 2715 444 2790 riendo
468 2717 698 2814 repellerent.
727 2714 958 2788 Boamundns
981 2743 1064 2790 cum
1082 2717 1160 2791 acie
1178 2744 1241 2790 sua
1261 2734 1375 2818 postre·

316 2859 395 2906 mus
422 2834 594 2932 paulatim
633 2832 880 2932 gradiebatur,
908 2831 1077 2905 omnibus
1107 2835 1321 2930 provisurus
1348 2845 1375 2901 et

316 2950 577 3040 subventurus,
594 2967 644 3039 et,
663 2952 691 3021 si
709 2950 818 3023 Turci
837 2950 1077 3047 praevalerent
1102 2949 1310 3046 prioribus,
1328 2965 1374 3020 to·

316 3081 391 3137 tam
412 3064 499 3138 belli
518 3066 765 3164 ingruentiam
783 3081 1009 3162 excepturus.
1037 3064 1133 3136 Litui
1155 3058 1372 3165 clangebant,

316 3182 479 3255 buccinae
493 3182 704 3257 reboabant.
721 3184 917 3281 Utriusque
928 3181 1173 3254 multitudinis
1183 3183 1375 3257 clamoren·

315 3297 495 3387 diebatur,
515 3315 551 3370 et
577 3300 793 3372 acerrimum
815 3315 995 3371 certarnen
1013 3297 1188 3397 utrinque
1203 3298 1372 3398 agebauu.

316 3416 486 3489 Cominus
526 3434 689 3516 utraeque
724 3415 904 3487 instabunt
936 3415 1108 3515 legiones.
1146 3416 1230 3487 Jam
1270 3416 1374 3513 clypeo

317 3534 478 3633 clypeus,
494 3536 570 3634 jam
586 3533 745 3606 umbone
764 3532 875 3605 umbo
893 3531 1151 3631 repellebatur,
1173 3547 1211 3604 et
1228 3533 1375 3605 conliac-

317 3654 360 3722 tis
379 3651 486 3725 hastis
504 3676 604 3724 enses
621 3649 898 3722 mutilabuntur.
918 3649 1168 3747 Supervenere
1186 3650 1376 3723 'lurcorum

350 3875 389 3941 (r)
410 3873 544 3945 Daphne,
567 3873 747 3946 aujourd‘lrui
768 3873 887 3940 Dourrn,
908 3882 949 3925 est
970 3873 985 3924 a
1004 3870 1078 3925 deux
1097 3870 1203 3927 heures
1225 3866 1374 3926 demersit

317 3961 498 4029 d’Antioclre3
520 3965 536 4017 'a
553 3962 652 4020 l'ouest
671 3962 706 4019 de
723 3972 795 4018 cetto
811 3961 875 4016 ville
891 3972 920 4016 et
935 3965 950 4016 a
966 3963 1073 4035 gauche
1089 3961 1124 4016 de
1141 3960 1288 4029 l’Orontc,
1305 3956 1373 4016 surle

316 4048 430 4103 cbcmin
449 4048 484 4105 de
505 4052 658 4125 battaquie.
679 4053 728 4107 Lea
745 4069 814 4106 eaux
834 4051 868 4106 de
887 4069 929 4106 ses
948 4050 1085 4105 fontaines
1102 4061 1171 4106 vont
1188 4069 1217 4106 se
1233 4052 1305 4121 jetur
1321 4047 1372 4102 urs

317 4140 457 4196 l’Oronte.
