2888 4934
186 339 247 402 302
458 336 643 398 HISTORIA
666 331 973 397 ECCLESIASTICA.
1149 335 1255 416 [1088]

185 483 310 542 contra
328 465 553 541 Radbertum
576 495 673 542 arma
698 469 863 562 sustulit,
879 485 915 540 et
935 459 1166 542 Exoalloium
1183 471 1254 567 (ι),

184 585 385 685 multasque
403 585 488 659 alias
507 587 544 659 in
571 587 724 659 circuitu
744 586 847 657 villas
869 584 1085 676 combussit,
1105 585 1256 660 multas-

184 727 254 801 que
282 700 420 800 praedas
443 701 678 802 hominesque
705 700 867 773 abduxit.
894 703 985 774 Erat
1012 700 1109 776 idem
1132 701 1253 775 consul

184 819 452 917 magnanimus,
474 845 628 917 corpore
645 817 796 917 pulcher
816 835 852 890 et
873 818 1008 890 validus
1028 819 1105 916 (a),
1127 821 1253 893 timens

183 936 299 1009 Deum
317 952 354 1009 et
369 935 538 1008 Ecclesiae
557 936 676 1009 cultor
691 934 857 1024 devotus,
879 937 1099 1010 clericorum
1116 961 1252 1035 paupe-

184 1079 338 1154 rumque
366 1053 431 1126 Dei
465 1053 633 1127 defensor
661 1069 845 1141 strenuus,
873 1053 911 1124 in
938 1079 1025 1152 pace
1050 1054 1198 1154 quietus
1221 1069 1253 1127 et

183 1170 365 1259 amabilis,
387 1171 563 1272 bonisque
580 1170 742 1270 pollebat
754 1169 938 1259 moribus,
959 1172 997 1243 in
1016 1170 1118 1245 bello
1140 1171 1252 1270 gravis

183 1302 220 1359 et
252 1289 471 1376 fortunatus,
497 1285 732 1386 finitimisque
766 1284 1003 1359 intolerabilis
1028 1284 1196 1386 regibus,
1222 1300 1252 1359 et

183 1402 350 1477 inimicus
372 1402 554 1477 omuibus.
579 1405 647 1476 llic
672 1401 861 1476 nobilitate
876 1419 1069 1501 parentum
1087 1428 1249 1493 suorum,

182 1536 220 1593 et
235 1521 396 1620 conjugis
412 1547 485 1594 suae
499 1520 670 1594 Beutricis
684 1521 737 1617 (ὅ)
759 1520 857 1592 inter
878 1520 1033 1593 illustres
1053 1518 1252 1619 spectabilis

182 1653 277 1726 erat;
297 1653 533 1736 strenuosque
551 1636 726 1724 barones,
747 1630 784 1710 et'
800 1637 838 1708 in
854 1634 960 1710 bellis
979 1662 1079 1710 acres
1100 1634 1251 1737 oppida·

183 1780 249 1828 nos
271 1781 343 1828 suae
363 1753 495 1828 ditioni
512 1753 673 1828 subditos
693 1753 860 1827 babebat.
878 1753 986 1827 Filias
1007 1778 1158 1856 quoque
1182 1780 1255 1831 sun

182 1870 429 1946 consularibus
449 1872 536 1944 viris
551 1871 650 1945 dedit
673 1872 711 1943 in
734 1871 1000 1944 matrimonio:
1021 1871 1252 1972 Margaritam

181 1992 356 2080 Henrico,
370 1989 494 2063 comiti
507 1988 552 2063 de
569 1989 789 2063 Covarevico
802 1989 872 2086 (d),
886 2004 923 2061 et
938 1988 1120 2060 lulianam
1135 1987 1251 2061 Gisle-

181 2107 287 2183 berto
303 2107 348 2180 de
362 2106 492 2207 Aquila
508 2104 645 2206 oppido
659 2106 735 2205 (5),
753 2131 798 2180 ex
810 2104 941 2206 quibus
954 2122 1033 2180 orta
1046 2121 1102 2178 est
1113 2106 1251 2206 elegans

181 2224 313 2297 sobolis
327 2248 510 2323 generosae
522 2247 700 2322 propago·
716 2220 922 2296 Goislredus
938 2222 1057 2321 itaque
1071 2246 1193 2295 eomes
1204 2235 1252 2296 tot

181 2339 430 2414 stemmatibus
459 2339 722 2430 exornabatur,
750 2356 788 2413 et
812 2340 922 2412 armis
945 2340 1149 2440 animisque
1175 2364 1251 2414 cum

181 2458 316 2532 divitiis
332 2475 369 2531 et
385 2459 509 2531 amicis
521 2457 754 2548 fulciebatur,
770 2475 807 2530 et
822 2457 920 2558 quod
933 2474 986 2531 est
1001 2485 1109 2558 super
1120 2457 1251 2543 omnia,

182 2577 314 2650 timore
332 2576 395 2650 Dei
413 2577 581 2675 stipatus,
600 2576 784 2649 neminem
801 2577 949 2665 timens,
967 2591 1010 2647 ut
1027 2576 1085 2650 leo
1101 2598 1252 2676 progre-

181 2694 360 2768 diebatur.
381 2695 633 2782 Dansrontem,
652 2693 888 2767 fortissimum
904 2710 1079 2783 castrum,
1096 2684 1253 2794 aliosque

180 2811 311 2887 sundos
321 2814 403 2914 jure
425 2811 725 2899 calumniabatur,
751 2828 788 2884 et
809 2809 997 2884 Rodberto
1018 2827 1177 2911 cognato
1193 2835 1252 2884 suo

181 2929 320 3002 auferre
335 2927 532 3002 nitebatur.
550 2926 840 3001 Contristabatur
852 2925 949 3027 quod
969 2929 1125 3001 inermes
1135 2944 1174 3001 et
1189 2929 1254 3002 im·

181 3045 331 3118 meritos
355 3043 561 3144 premebat,
588 3042 649 3116 sed
681 3044 718 3116 in
743 3068 871 3142 campo
897 3042 1087 3142 publicum
1115 3042 1253 3118 bostem

182 3162 343 3262 reperire
372 3160 562 3261 nequibat,
594 3179 721 3235 contra
748 3187 857 3262 quem
885 3159 1045 3268 debitam
1077 3161 1254 3237 ultionem

217 3495 241 3560 (ι
248 3480 442 3561 )licbaulour,
458 3493 522 3566 pres
535 3492 627 3547 Saint-
629 3478 753 3547 Erroult

218 3585 256 3656 (a)
269 3584 322 3638 Ms
336 3584 371 3638 de
385 3583 410 3639 la
425 3586 502 3639 reine
515 3582 550 3637 de
563 3582 665 3639 saeue.

216 3672 256 3744 (ὅ)
271 3674 380 3729 Be'atsix
395 3674 429 3728 de
442 3674 548 3740 Rouci,
565 3672 620 3727 fille
632 3672 659 3726 d’
661 3671 780 3728 Hilduin
796 3671 849 3738 IV,
863 3682 954 3726 comte
970 3669 1005 3724 de
1021 3668 1209 3740 Montdidier,
1227 3677 1255 3725 et

182 3761 289 3829 d’Alix,
303 3775 437 3819 constasse
451 3764 486 3818 de
499 3764 604 3830 Rouci
618 3773 647 3818 et
661 3781 717 3817 non
730 3779 778 3836 pas
792 3762 902 3817 beatrix
915 3761 950 3816 de
963 3760 1132 3829 Rochelort
1148 3776 1254 3817 comme

183 3861 264 3905 notre
277 3863 377 3907 auteur
390 3851 416 3907 le
429 3852 489 3907 dira
503 3852 565 3926 plus
577 3851 650 3907 tard.

216 3942 257 4011 (l)
269 3941 373 4007 chri,
391 3942 432 3995 fils
447 3943 532 4016 pulne
544 3941 580 3997 de
591 3941 686 4016 Roget·
699 3941 734 3997 de
746 3941 913 4008 Beaumont,
928 3950 1019 3995 comte
1033 3939 1068 3995 de
1081 3940 1235 3995 Wamviclt.

216 4029 256 4102 (5)
271 4031 426 4099 Gislebert,
445 4035 576 4105 seigneur
593 4032 628 4087 de
646 4033 739 4106 Laiglc
755 4032 854 4105 depuis
872 4030 896 4085 la
912 4043 986 4086 mort
1002 4030 1038 4086 de
1055 4049 1106 4087 son
1123 4033 1191 4105 pem
1204 4030 1252 4085 lli·

182 4120 259 4188 cher,
278 4119 346 4175 dont
364 4139 434 4176 trous
453 4140 535 4177 avons
552 4141 587 4176 vu
605 4121 630 4178 le
649 4123 719 4178 recit
733 4121 801 4176 daus
814 4121 839 4176 le
853 4122 921 4177 livre
933 4120 1091 4194 precedent.
