2888 4934
182 407 290 485 [1095]
549 405 666 465 unna
691 404 879 465 ocrivus.
1195 360 1255 466 ior

185 536 419 637 Nortbwegia
442 539 479 609 in
506 536 677 636 Angliam
695 535 853 633 appulsae
877 551 980 626 sunt,
1004 534 1134 635 quibus
1155 535 1257 612 Rod-

184 654 311 728 bertus
339 670 377 727 et
404 653 598 745 Moretlus,
627 679 737 752 nepos
760 655 849 751 ejus,
876 680 916 724 ac
941 652 1107 726 satellites
1130 679 1256 741 eorum

184 787 444 859 occurrerunt,
461 785 496 842 et
513 768 668 869 pacificis
684 767 946 842 mercatoribus
961 767 1136 870 quidquid
1154 769 1260 844 habe-

185 886 276 961 bant
285 945 296 979 ,
319 889 497 961 violenter
514 885 752 960 abstulerunt.
774 887 826 960 illi
845 902 964 959 autem
974 943 985 976 ,
1001 888 1136 961 amissis
1153 886 1261 963 rebus

184 1008 270 1097 suis,
283 1006 327 1080 ad
342 1034 465 1107 regem
475 1023 712 1096 accesserunt,
727 1004 921 1105 damnique
930 1007 983 1078 sui
993 1005 1259 1107 querimoniam

186 1125 468 1225 lacrymabiliter
500 1124 815 1224 deprompserunt.
848 1123 918 1217 Qui
953 1151 1038 1197 mox
1069 1124 1260 1224 imperiose

184 1242 370 1317 mandavit
383 1244 570 1318 Rodberto
585 1261 625 1316 ut
642 1241 904 1316 mercatoribus
921 1242 1040 1339 ablata
1057 1243 1261 1316 restitueret

186 1364 375 1436 continuo.
392 1361 461 1435 Sed
474 1363 626 1436 omnino
640 1377 845 1460 contempta
857 1377 910 1434 est
922 1362 1125 1461 hujusmodi
1136 1362 1257 1461 jussio.

185 1479 438 1578 Magnanimus
455 1497 577 1553 autem
594 1505 658 1552 rex
674 1480 913 1579 quantitatem
927 1504 1052 1553 rerum
1068 1505 1156 1578 quas
1173 1479 1261 1551 ami-

183 1615 323 1688 serant,
345 1600 549 1699 inquisivit,
565 1616 600 1672 et
610 1599 731 1672 omnia
745 1597 790 1671 de
804 1624 869 1671 suo
882 1599 932 1672 eis
945 1599 1076 1671 aerario
1091 1597 1260 1670 restituit.

185 1715 326 1792 Deinde
344 1718 388 1790 ad
405 1720 543 1791 curiam
558 1745 657 1792 suam
674 1715 902 1791 Rodbertum
918 1716 1094 1790 accersiit.
1115 1713 1185 1789 Sed
1203 1715 1262 1789 ille

187 1836 312 1909 venire
331 1837 461 1909 noluit.

237 1954 342 2027 Tunc
361 1980 449 2041 rex,
471 1955 671 2055 nequitiam
690 1953 760 2025 viri
777 1954 905 2027 ferocis
918 1954 1141 2053 intelligenS,
1153 1978 1263 2029 exer-

187 2072 301 2145 citum
322 2075 550 2173 aggregavit,
572 2090 609 2146 et
631 2098 739 2170 super
756 2097 840 2145 eum
854 2071 1010 2145 validam
1027 2072 1167 2145 militiae
1184 2072 1263 2143 vir-

189 2203 305 2261 tutem
320 2188 507 2263 conduxit.
528 2190 712 2289 Denique,
728 2204 770 2260 ut
783 2214 847 2261 rex
863 2187 996 2261 finibus
1008 2187 1183 2265 Rodherti
1196 2214 1264 2286 ap-

186 2306 470 2406 propinquavit,
489 2305 713 2380 Gislebertus
729 2304 774 2379 de
789 2304 1048 2406 Tonnebrugia
1064 2306 1140 2404 (ι),
1159 2306 1264 2379 miles

186 2439 317 2520 potens
333 2440 370 2495 et
386 2422 499 2511 dives,
520 2450 644 2524 regem
661 2449 823 2497 seorsum
838 2426 999 2513 vocavit,
1020 2441 1055 2497 et
1071 2451 1208 2524 pronus
1220 2423 1264 2498 ad

186 2537 295 2638 pedes
309 2542 382 2639 ejus
396 2543 553 2630 corruit,
572 2544 677 2642 eique
691 2542 799 2614 nimis
814 2540 1079 2640 obstupescenti
1098 2544 1171 2617 ait:
1191 2542 1265 2618 Ob·

185 2683 310 2748 sacro,
332 2657 478 2730 domine
497 2661 550 2730 mi
566 2686 649 2749 ree,
672 2661 822 2759 ignosce
843 2659 948 2758 qnod
966 2659 1125 2755 deliqui,
1148 2675 1184 2733 el
1202 2665 1264 2731 in-

184 2791 375 2874 geneture
403 2776 622 2848 salvationis
650 2775 930 2849 emolumentum
959 2776 1156 2849 insinuabo
1181 2775 1262 2848 libi.

187 2887 353 2991 Cumque
374 2916 437 2964 rex
459 2894 657 2963 miraretur
687 2907 723 2963 et
748 2889 932 2964 haesitaret
955 2906 993 2965 et
1017 2891 1112 2965 intra
1136 2917 1174 2967 se
1196 2891 1264 2965 att

186 3008 406 3106 quantulum
431 3007 679 3097 deliberaret,
715 3007 860 3085 tandem
890 3009 1109 3109 supplicanti
1134 3011 1267 3087 leniter

224 3304 263 3376 (ι)
277 3304 420 3361 Gislebert
432 3305 468 3360 de
480 3305 662 3381 Tnnbridge,
678 3308 809 3383 seigneur
820 3307 855 3364 de
869 3309 965 3377 Clare3
980 3327 1030 3363 son
1044 3310 1125 3382 pere,
1140 3304 1266 3365 Richard

187 3393 225 3451 de
237 3394 387 3464 Bienlaite‚
402 3397 475 3450 avait
485 3397 558 3451 aussi
571 3399 653 3470 porte
667 3416 699 3452 ce
713 3415 828 3453 surnom
841 3397 876 3453 de
890 3396 1070 3471 Tunbridge,
1087 3409 1117 3453 et
1130 3398 1196 3453 o’est
1208 3397 1266 3453 l’un

189 3484 239 3541 deu
247 3484 321 3543 deux
330 3504 394 3542 sous
402 3485 520 3561 lesquels
529 3486 549 3543 il
559 3497 602 3542 est
611 3487 669 3543 desi
674 3490 727 3560 gne
736 3487 805 3543 dans
813 3487 839 3544 le
850 3487 1014 3563 Domesday
1020 3487 1109 3544 Boolr.
1119 3489 1156 3545 te
1163 3488 1266 3547 second

187 3586 231 3631 est
240 3575 375 3645 Richard,
381 3579 467 3650 filius
479 3579 644 3644 Gisleberti,·
656 3579 682 3634 le
692 3589 755 3634 tout
767 3597 828 3634 sans
838 3580 981 3652 prejudice
992 3579 1027 3634 de
1039 3598 1080 3635 ses
1091 3580 1164 3636 deux
1172 3591 1266 3639 autres

187 3683 270 3721 nome
281 3691 288 3720 ι
299 3666 425 3722 Richard
437 3667 472 3722 de
485 3668 622 3723 Bienfaite
634 3679 663 3723 et
676 3668 799 3724 Richard
813 3669 849 3724 de
860 3669 952 3725 Clare.
964 3670 1038 3726 c’est
1048 3688 1079 3724 ce
1091 3670 1205 3727 dernier
1216 3673 1265 3746 qui

187 3755 316 3829 prtvun
330 3775 381 3830 par
394 3756 419 3811 ia
432 3758 513 3813 suite.
530 3759 608 3813 Nous
620 3776 704 3814 avons
715 3778 751 3812 ru
765 3758 901 3814 ci·dessns
914 3759 939 3813 la
952 3758 1087 3814 tradition
1103 3758 1213 3834 d’apres
1224 3760 1265 3816 la-

188 3845 282 3919 quelle
292 3845 320 3901 le
334 3848 475 3903 territoire
488 3847 523 3903 de
538 3847 705 3922 Tunbridge
716 3848 755 3903 lui
769 3849 859 3903 aurait
873 3851 918 3904 ete
931 3848 1024 3904 donne
1034 3866 1143 3905 comme
1152 3851 1267 3924 equiva-

189 3933 249 3990 lent
265 3946 439 3991 exactement
458 3940 574 4011 arpenti
592 3937 628 3992 de
647 3936 718 3992 celui
738 3937 774 3992 de
792 3938 923 3992 Brionne.
943 3937 1110 4012 Tunbridge
1128 3958 1166 3994 ou
1186 3939 1265 3996 Ton-
1341 4003 1346 4011 ,

189 4021 292 4095 bridge
307 4023 543 4099 (Tonnelrugia,
568 4025 744 4100 Tonobriga)
762 4035 805 4080 est
818 4044 875 4080 unc
888 4027 975 4098 petite
989 4025 1052 4082 ville
1068 4026 1108 4083 du
1124 4030 1216 4084 comtc'
1231 4027 1266 4085 de

191 4113 280 4181 Kent,
300 4114 370 4168 dans
387 4115 412 4169 le
431 4116 562 4171 hundred
581 4117 619 4169 du
639 4117 728 4171 meme
744 4135 825 4183 nom,
845 4117 921 4174 latire
939 4116 1128 4190 d’Ayleslord‚
1147 4131 1266 4193 prenant

191 4219 241 4255 son
256 4222 321 4257 nom
337 4204 403 4258 d’nn
417 4205 479 4258 bras
492 4205 527 4258 de
541 4206 564 4259 la
580 4205 704 4276 Mcdwav
721 4205 829 4278 (Tun).
