2888 4934
181 426 221 486 ts
458 424 646 487 mstottta
667 425 972 488 ucctfflssncs.

179 554 323 631 Ricardi
336 555 435 631 ducis
446 557 722 648 uxoremduxit,
733 582 777 632 ex
789 585 857 661 qua
870 556 1095 632 bernardum
1108 572 1247 656 patrem

179 671 354 746 Gualterii
378 672 423 749 de
447 674 786 750 Sancto-Guslerioo
817 691 855 748 et
878 672 1072 747 Ricardum
1102 671 1148 756 de
1174 673 1248 746 llu-

180 788 337 889 glevilla·
356 789 490 890 genuit.
524 789 696 864 Ricardus
726 807 845 870 autem
874 788 955 864 duci
989 789 1247 876 Normanniae,

180 905 361 980 avunculo
373 905 540 980 videlicet
551 932 630 997 suo,
646 905 710 980 diu
720 908 908 997 militavit,
924 904 1134 1007 cujusdono
1145 903 1250 980 uobi-

181 1021 252 1097 lem
267 1021 394 1112 Adam,
411 1024 576 1098 llerluini
591 1025 683 1098 senis
697 1023 743 1099 de
755 1025 958 1126 lluglerilla
970 1024 1148 1111 relictam,
1165 1048 1249 1098 cum

181 1155 260 1215 toto
277 1141 496 1240 patrimonio
517 1143 591 1243 ejus
603 1144 753 1243 accepit.
779 1143 890 1217 Multa
909 1140 1085 1243 siquidem
1105 1139 1179 1214 dux
1196 1140 1248 1215 illi

180 1257 295 1349 dedit,
316 1276 353 1333 et
379 1260 496 1334 multo
513 1263 648 1361 majora
667 1262 853 1360 promisit,
871 1276 910 1334 et
931 1260 1105 1360 promissa
1123 1257 1251 1332 libem·

182 1376 265 1450 liter
280 1377 511 1477 complesset,
522 1379 551 1451 si
565 1378 750 1452 humiliter
762 1377 815 1452 illi
826 1374 1032 1452 famulando
1045 1376 1248 1475 placuisset.

180 1493 248 1567 llic
277 1519 385 1594 super
411 1492 558 1583 Sedam,
582 1495 619 1567 in
643 1495 740 1583 rico,
764 1494 826 1596 qui
853 1494 942 1568 olim
959 1490 1250 1590 lsnellirills²,(r)

167 1609 400 1701 'vocabatnr,
435 1611 593 1713 burgum
626 1612 835 1702 coustituit,
868 1627 905 1685 et
939 1636 1009 1711 pro
1048 1609 1251 1683 imminenti

183 1744 308 1803 moute
325 1730 405 1803 altis
421 1728 508 1831 logis
530 1728 648 1805 obsito
673 1730 856 1831 Alsugium
878 1728 1114 1828 nuncupavit.
1136 1727 1252 1824 Leges

182 1846 290 1920 etiam
302 1846 602 1922 cormeliensium
616 1849 670 1947 (2)
686 1848 824 1923 colonis
843 1846 978 1919 intulit.
999 1844 1148 1916 Militari
1166 1867 1252 1942 pro·

183 1961 297 2038 bitate
313 1982 350 2039 et
368 1967 505 2066 ingenti
522 1965 736 2040 liberalitate
751 1965 866 2065 riguit
875 2019 886 2054 ,
900 1959 995 2037 unde
1009 1958 1261 2035 hostibuslor·⁴

183 2079 368 2155 midabilis
384 2100 420 2156 et
436 2082 528 2157 lidus
541 2084 665 2157 amicis
678 2082 810 2156 extitit.

232 2200 413 2299 Tempore
423 2199 761 2299 Guillelmijuvenis
779 2199 849 2298 (ὃ),
866 2196 930 2269 lilii
945 2192 1122 2270 liodberti
1135 2189 1249 2278 ducis,

182 2313 268 2388 dum
285 2315 500 2392 Gnillelmus
516 2316 704 2392 deArchis
717 2330 844 2390 contra
857 2313 984 2387 ducem
996 2309 1202 2399 rebellavit,
1217 2325 1255 2382 et

183 2457 275 2530 pene
299 2433 463 2508 omnium
488 2434 757 2535 Talogiensium
780 2431 903 2532 parilis
919 2429 1076 2503 delectus
1098 2424 1253 2499 nothum

184 2552 387 2651 principem
403 2552 581 2642 deseruit,
604 2553 699 2626 solus
715 2550 888 2626 Ricardus
904 2564 1030 2625 contra
1050 2544 1202 2620 rebelles
1216 2544 1253 2616 in

184 2671 329 2746 castello
349 2698 414 2746 suo
428 2697 526 2746 secus
539 2671 723 2746 ecclesiam
739 2666 998 2742 Sancti-Albini
1020 2663 1198 2764 perstitit,
1217 2677 1255 2733 et

144 2838 146 2843 ,
186 2815 254 2888 pro
266 2788 435 2864 fidelitate
442 2790 541 2865 ducis
554 2806 680 2864 contra
690 2787 869 2863 discursus
879 2784 1157 2860 Archaceusium
1171 2804 1255 2879 pro-

186 2906 338 2980 vinciam
358 2909 672 3008 circumjacentem
693 2904 876 2979 defensare
894 2903 1034 3003 sategit.
1061 2898 1255 2999 Adjutones

185 3039 304 3096 autem
324 3028 397 3124 ejus
418 3026 457 3096 iu
479 3025 542 3098 illo
565 3022 738 3098 conflictu
754 3020 961 3095 Goislredus
979 3043 1089 3120 gener
1106 3019 1200 3117 ejus,
1219 3029 1254 3086 et

185 3143 292 3244 Ilugo
310 3140 355 3216 de
372 3141 652 3230 MorioMonte,
672 3139 885 3214 Turchetilli
903 3138 947 3211 de
972 3134 1253 3210 Novo-Mercato

186 3257 248 3332 filii
279 3259 354 3358 (A),
371 3261 536 3349 luerunt;
556 3284 600 3333 ex
620 3258 750 3360 quibus
768 3259 956 3359 Hugonem
980 3282 1059 3329 cum
1084 3248 1254 3327 omnibus

221 3581 259 3652 (ι)
277 3581 319 3636 Eo
332 3580 463 3654 franceis,
487 3579 660 3637 lsneaurille.
679 3579 757 3635 Nous
778 3579 889 3635 n’svons
906 3597 955 3652 pas
972 3576 1167 3632 connaissance
1183 3570 1253 3646 qu’il

188 3671 227 3725 ait
237 3669 356 3726 subsiste
369 3671 405 3727 de
417 3683 505 3727 truces
518 3670 554 3727 de
566 3690 598 3727 ce
611 3688 677 3726 nom
691 3670 760 3725 dans
774 3669 800 3724 le
811 3670 953 3726 territoire
961 3667 1081 3722 d'Aulai.

219 3760 258 3834 (a)
271 3760 321 3814 Lrs
334 3778 446 3834 usages,
465 3760 504 3816 les
517 3772 662 3817 contumes
678 3759 777 3818 locales
797 3778 852 3835 que
865 3760 1000 3815 suivaient
1015 3756 1054 3812 les
1064 3754 1205 3810 habitante
1216 3750 1253 3808 do

185 3849 361 3918 Cormeilles,
376 3867 486 3905 vassaux
500 3850 549 3906 des
560 3853 704 3925 seigneurs
716 3850 751 3906 de
764 3849 895 3906 breteuil.

222 3937 262 4011 (3)
274 3942 298 3997 t
310 3940 437 4015 l’e'poque
449 3941 485 3996 de
497 3941 522 3997 la
533 3942 662 4014 jcunesse
678 3943 714 3997 de
729 3938 1131 4013 Guillaumeleconquerant
1152 3933 1197 3988 ta·
1207 3935 1251 3988 re·

185 4029 257 4087 volte
269 4031 308 4086 du
322 4043 413 4088 comte
421 4032 558 4108 d'Arques
570 4045 620 4090 eut
630 4034 687 4089 lieu
698 4052 733 4090 en
751 4031 827 4089 1053.

220 4125 259 4196 (l)
272 4123 326 4180 Sur
337 4122 462 4181 Geoffroi
479 4123 516 4180 du
530 4124 747 4190 Nous-Marone,
765 4142 846 4196 noyez
860 4120 1006 4186 ci-dessns,
1022 4129 1043 4173 t.
1059 4117 1102 4183 ll,
1115 4136 1143 4190 p.
1160 4131 1208 4170 irs
1222 4124 1254 4169 et

185 4213 249 4289 396.
268 4216 344 4273 Nous
363 4228 494 4273 trouvons
513 4218 548 4272 ici
570 4216 594 4271 lu
613 4215 807 4271 confirmation
825 4214 860 4269 de
881 4212 906 4267 la
927 4211 1086 4282 conjecture
1105 4222 1160 4279 que
1179 4219 1253 4260 nous
