2888 4934
200 364 243 424 66
478 359 659 419 HISTORIA
680 358 987 421 Eccltttstsswct.

201 492 278 588 est(
285 519 294 560 ι
303 492 331 589 l.
342 489 427 582 Qui,
442 490 768 590 prrsusmmmultns
780 489 919 563 labores
927 513 1111 588 perpessus
1122 513 1264 565 veneno

201 606 327 703 periit,
350 603 599 678 'theodeberto
620 605 673 703 (2)
695 620 732 679 et
757 603 980 679 Theoderico
999 606 1055 703 (3)
1085 603 1167 678 liliis
1191 605 1264 679 suis

198 721 284 796 duas
297 721 533 808 Tetrarchias,
547 722 657 820 petris
670 720 835 795 videlieet
847 722 913 810 sui,
930 738 966 795 et
978 721 1183 797 Guntranni
1198 750 1261 822 pa·

200 840 270 913 trui
282 841 353 929 sui,
366 839 519 927 dimine
534 866 619 913 cum
630 838 761 939 quibus
770 837 961 912 Lutharius
974 841 1138 939 Magnus,
1156 838 1262 914 Chil-

196 957 307 1055 perici
318 955 424 1042 lilius,
436 957 510 1028 lere
521 980 569 1029 xx
580 955 682 1029 annis
696 956 897 1029 inimicitias
910 958 1082 1030 exercuit.
1099 956 1260 1031 Tandem

196 1066 485 1142 Theodebertum
500 1092 622 1168 regem
640 1065 738 1140 bello
754 1067 924 1164 peremit,
943 1085 979 1142 et
996 1069 1152 1143 vetulam
1169 1071 1260 1143 Bru-

195 1183 388 1259 nichildem
405 1183 448 1259 ad
461 1185 586 1259 caudas
597 1210 776 1285 equorum
789 1183 1048 1259 indomitorum
1067 1184 1260 1261 crudeliter

194 1303 297 1401 ligari
306 1302 390 1377 lenit
403 1304 479 1401 (4),
494 1316 676 1401 potentem
697 1304 877 1401 reginam,
900 1302 956 1374 cui
974 1301 1158 1402 quondam
1176 1301 1260 1378 Gre

193 1421 313 1519 gorius
321 1421 427 1517 Papu,
440 1437 480 1492 ut
490 1421 524 1497 in
532 1421 638 1518 gestis
646 1418 1017 1519 pontificalibus(t)et
1026 1420 1192 1520 Registro
1200 1423 1258 1521 (6)

189 1534 406 1621 declaratur,
431 1536 639 1634 suppliciter
661 1539 814 1622 laverat,
836 1537 1036 1610 frustratim
1055 1537 1255 1637 disoerpsit.

192 1652 445 1739 Sicnimirum,
458 1652 625 1727 omnibus
633 1653 1103 1742 oemulisdemedioablatis,
1114 1681 1257 1730 monar-

191 1768 308 1843 chiam
322 1770 482 1845 Francioe
496 1769 590 1844 solus
604 1770 784 1859 obtinuit,
802 1771 1032 1871 moriensque
1049 1770 1257 1871 Dagoberto

190 1885 265 1959 lilio
281 1911 364 1973 suo,
383 1889 483 1986 cujus
499 1904 594 1987 gesta
611 1888 757 1962 Francis
773 1889 955 1960 notissima
970 1904 1071 1974 sunt,
1092 1888 1253 1989 reliquit.

236 2005 278 2077 ln
303 2005 366 2079 illo
392 2021 573 2104 tempore,
604 2004 691 2079 dum
715 2007 769 2078 isti
796 2006 907 2079 Gallis
928 2009 1124 2106 principati
1148 2024 1252 2099 sunt,

187 2122 391 2197 Romanum
404 2123 595 2222 imperium
612 2125 633 2195 J
637 2124 832 2197 ustinianus
849 2141 884 2195 et
897 2125 1057 2198 lustinus
1073 2127 1255 2200 minorte-

188 2257 363 2327 nuerunt‚
388 2239 555 2314 Tiberius
583 2265 726 2342 quoque
752 2258 789 2314 et
817 2242 1024 2331 Mauritius,
1053 2241 1187 2317 Phocus
1215 2259 1253 2317 et

187 2355 370 2429 Heraclius
384 2355 453 2453 (7).
473 2354 717 2453 Apostolicam
733 2382 821 2429 vero
838 2355 955 2430 sedem
976 2373 1061 2430 tunc
1079 2375 1252 2432 rexerunt

1140 2525 1251 2538 *-

218 2613 260 2682 (1)
280 2610 461 2676 Childeben,
484 2613 524 2667 roi
546 2611 730 2677 d'Austrasie,
754 2623 868 2667 mourut
890 2631 925 2667 en
946 2611 1072 2684 effetpar
1090 2612 1116 2667 le
1136 2613 1250 2685 poison,

187 2703 254 2756 mais
266 2703 346 2774 apres
355 2702 434 2775 vingt
444 2703 545 2758 annees
558 2702 592 2757 de
605 2704 690 2776 regne
701 2702 872 2770 seulement,
884 2713 914 2757 et
925 2701 994 2756 dans
1006 2701 1032 2757 la
1044 2703 1252 2776 vingt-sixieme

185 2791 220 2846 te
232 2809 282 2846 son
291 2791 358 2864 ige,
369 2809 405 2847 en
414 2790 476 2866 596.
489 2794 525 2848 le
536 2802 594 2847 mot
598 2791 718 2866 fortiter
728 2805 770 2848 est
782 2793 817 2847 de
826 2803 890 2865 trop
899 2791 969 2847 dans
979 2810 1010 2846 oe
1020 2793 1105 2866 qu'en
1116 2792 1159 2848 dit
1170 2803 1252 2849 notre

185 2891 295 2936 auteur.

220 2975 261 3039 (a)
271 2969 455 3026 Theodobert
466 2972 509 3038 11,
525 2973 566 3027 roi
584 2972 753 3028 d’Austrasie
763 2970 899 3046 (596-612
908 2979 927 3040 ).
936 2974 976 3028 Ce
988 2992 1023 3030 ne
1036 2973 1081 3028 lut
1093 2975 1172 3047 point
1184 2972 1251 3029 Clo-

185 3058 254 3112 taire
263 3058 302 3124 11,
315 3059 384 3112 mais
398 3059 558 3121 Brnnelrant
567 3071 596 3116 et
606 3061 729 3125 Thierri‚
741 3060 789 3134 qui
800 3061 883 3116 lireut
897 3063 1004 3117 mourir
1016 3061 1196 3118 The'odebert
1209 3061 1248 3129 11,

185 3149 200 3200 1
213 3144 509 3202 Chilone-suesanus.

219 3232 260 3308 (3)
271 3234 385 3291 Tltierri
397 3236 439 3302 ΙΙ,
454 3237 496 3291 roi
510 3235 658 3293 d'Orle'aus
670 3247 699 3291 et
711 3237 746 3291 de
759 3237 926 3312 Bourgngne
938 3236 1101 3313 (596-613).

218 3327 258 3398 (4)
272 3326 314 3381 En
325 3322 394 3395 615,
408 3329 423 3382 l
437 3326 547 3382 Reneve
559 3345 595 3382 en
607 3326 782 3399 Bourgogne.
797 3327 877 3384 Cette
889 3331 1037 3384 commuue
1047 3339 1091 3384 est
1100 3329 1189 3385 situee
1202 3346 1251 3385 sur

186 3419 210 3473 la
227 3419 403 3493 virgearum,
417 3418 553 3475 a5lieues
563 3417 599 3473 de
609 3417 711 3490 Dijon,
722 3435 769 3473 sur
781 3418 807 3472 la
820 3429 900 3476 route
911 3418 947 3476 de
961 3419 1041 3476 Grai.

217 3509 258 3578 (ὅ)
271 3509 485 3566 Probablement
495 3510 522 3565 le
535 3509 713 3584 Pontificalir
726 3509 804 3564 liber.

216 3596 256 3669 (6)
270 3600 306 3654 Le
319 3600 422 3655 recueil
437 3600 486 3655 des
500 3587 608 3673 Epitree
621 3598 657 3655 tle
675 3601 748 3655 seint
758 3600 899 3672 Gregoire
914 3624 920 3653 ι
935 3599 997 3657 Has
1009 3603 1102 3671 itaque
1115 3599 1249 3670 (Episto-

183 3689 243 3757 las)
256 3691 286 3742 in
302 3708 358 3743 uno
369 3691 509 3745 υοὶιιηιίηι
521 3698 647 3758 arctans,
659 3692 689 3745 in
703 3689 789 3745 libror
802 3689 834 3747 X
835 3689 872 3745 ΙΙ
883 3688 1015 3745 deutris
1022 3730 1029 3756 ‚
1045 3697 1073 3743 et
1086 3687 1249 3761 Registrnm

183 3777 385 3832 nominandum
400 3797 460 3832 esse
472 3778 603 3833 decrevit.

217 3868 256 3942 (7)
275 3868 325 3922 lea
342 3869 440 3940 regnes
460 3867 495 3922 de
516 3887 560 3923 nes
572 3885 732 3941 empereurs
749 3867 921 3924 embraseent
938 3868 1038 3942 depuis
1050 3869 1102 3942 527
1115 3867 1247 3940 jusqu'au

184 3979 211 4013 rr
227 3958 328 4014 sesrier
339 3956 401 4024 641.
418 3956 494 4011 Nous
507 3976 623 4030 croyons
636 3959 736 4014 inutile
753 3957 789 4013 de
805 3957 913 4014 donner
923 3958 963 4014 les
973 3961 1074 4014 anneee
1086 3957 1122 4012 de
1138 3957 1248 4013 chacun

180 4047 261 4103 d’eux
283 4065 355 4121 pour
376 4045 401 4101 la
420 4046 537 4101 oeconde
555 4047 617 4102 lois.
644 4048 737 4119 Voyez
753 4047 902 4116 cideuus,
925 4058 947 4103 t.
970 4049 998 4116 Ι,
1017 4067 1045 4122 p.
1071 4045 1119 4102 132
1138 4056 1168 4101 et
1187 4045 1247 4099 sui-

181 4146 283 4190 rantes.
