2872 4920
185 454 247 516 ers
352 409 355 415 ’
461 449 645 510 nissoms
668 449 972 511 recussissrlcs.
1142 455 1246 530 [ross]

186 586 324 675 dimisi,
348 583 519 681 nulloque
544 598 647 653 reatu
674 596 802 654 contra
828 607 884 653 me
910 587 1096 655 commovi.
1120 585 1176 654 Et
1196 585 1249 656 illi

185 728 409 802 summopore
421 699 616 799 miliisacti
627 701 778 772 inimici.
797 699 901 771 Unde
917 727 998 773 reor·
1011 706 1159 773 omnino
1175 728 1245 776 esse

178 822 320 920 justum
351 834 388 889 ut
421 816 542 889 David
565 820 690 912 magni
714 818 828 915 regis,
855 843 960 915 quem
991 816 1083 890 milri
1103 843 1242 919 propo-

184 937 308 1010 suistis
338 934 575 1023 imitandum,
606 931 905 1034 irrefragabiliter
931 950 1115 1007 teneamus
1140 935 1241 1035 judi·

185 1056 296 1127 cium.
309 1053 416 1125 Sicut
425 1053 560 1124 Banna
574 1067 608 1123 et
620 1051 782 1138 Recltab,
781 1052 862 1151 filii
868 1054 1046 1127 Remmon
1056 1054 1239 1140 Berotita,

183 1175 243 1271 qui
260 1195 376 1266 regem
391 1167 552 1241 Isbasetlz
570 1170 608 1239 in
626 1169 735 1240 domo
753 1196 821 1240 sua
838 1169 1109 1242 decollaverunt
1117 1226 1129 1259 ,
1145 1169 1242 1270 judi·

182 1303 288 1358 cante
306 1285 448 1374 David,
466 1289 504 1357 in
517 1285 664 1357 Hebron
677 1287 871 1385 suspendio
881 1293 1064 1389 perempti
1074 1303 1162 1360 sunt
1172 1287 1237 1385 (1);

182 1409 235 1476 sic
252 1405 314 1476 isti
331 1404 559 1475 insidiatores
578 1408 678 1499 regni
693 1406 895 1501 pum'antur
912 1404 1065 1478 terribili
1080 1403 1237 1476 aninmd-

183 1522 361 1611 versione,
388 1536 427 1592 ut
440 1539 635 1622 praesentes
656 1537 691 1592 et
696 1517 826 1616 futuri
842 1538 1053 1608 terreantur,
1079 1538 1113 1593 et
1137 1524 1236 1594 casti·

176 1636 433 1736 genturliujus
451 1636 598 1708 ultionis
616 1636 808 1708 relatione!

230 1751 287 1824 Ad
310 1752 616 1851 haec,0psima1es
644 1753 719 1849 regi
751 1751 951 1825 dixerunt:
978 1753 1132 1843 Omnia,
1164 1776 1233 1853 que

181 1869 292 1956 dicis,
308 1868 450 1940 domine
467 1894 552 1956 rese,
571 1893 661 1940 vera
683 1882 716 1937 et
733 1869 840 1967 justa
862 1893 937 1941 esse
960 1894 1163 1954 censemus,
1182 1890 1232 1938 nec

182 2012 255 2058 uno
277 1985 385 2058 verbo
407 1987 541 2057 rationi
562 1999 637 2056 tuce
658 1985 907 2058 contradicere
925 1985 1107 2058 valemus.
1132 1984 1229 2057 Beni·

182 2102 335 2207 volentia
349 2119 470 2179 tamen
484 2119 643 2201 cogente,
653 2104 851 2200 potentiam
866 2120 965 2174 tuam
975 2102 1228 2175 bumiliterom

182 2247 262 2291 mus
294 2238 332 2290 ut
360 2219 566 2291 consideres
593 2226 656 2318 qni
678 2236 780 2306 sunt,
800 2246 871 2320 pro
903 2218 1031 2318 quibus
1063 2235 1227 2319 tantopere

64 2361 66 2367 ·
181 2359 363 2430 rogamus.
385 2333 598 2434 Bajocensis
621 2331 703 2404 Oda
717 2349 871 2433 patruus
891 2350 973 2406 tuus
989 2351 1061 2423 cst,
1081 2352 1116 2406 et
1125 2330 1226 2435 ponti·

171 2450 285 2550 ficali
308 2451 596 2522 sanctitcatione
618 2448 799 2550 praeditus
829 2465 895 2522 est.
933 2451 1023 2521 Cum
1052 2467 1161 2551 patre
1182 2461 1225 2517 tuo

183 2570 326 2667 Anglos
338 2570 568 2668 subjugavit,
585 2571 689 2668 eique
701 2573 739 2640 in
752 2568 873 2641 multis
885 2568 1137 2641 anxietatibus
1147 2561 1226 2668 peri·

183 2688 302 2761 culoso
319 2688 491 2760 subvenit.
513 2686 618 2787 Quid
633 2703 734 2759 tanto
753 2691 830 2759 viro
846 2686 1030 2820 agendam
1046 2685 1128 2758 est?
1141 2675 1229 2756 Absit

185 2806 278 2877 utin
300 2803 525 2876 sacerdotem
544 2805 697 2876 Domini
716 2830 847 2876 ritanus
865 2805 1033 2903 injicias,
1056 2789 1235 2897 etsangui

184 2948 265 2994 nem
288 2924 369 3022 ejus
394 2922 602 3020 effundas
587 2949 625 2993 in
648 2922 715 2993 tali
737 2948 867 2994 causa.
892 2924 1139 2994 Remimscere
1162 2898 1241 3018 quld

170 3033 309 3134 fecerit
334 3037 470 3108 Saul
457 3064 494 3107 tn
520 3036 644 3125 Nobe,
677 3053 710 3107 et
739 3036 833 3136 quid
854 3037 1045 3139 pertulerit
1072 3038 1110 3106 in
1135 3029 1248 3104 manli

189 3152 245 3223 Ge
246 3151 385 3223 lboe2
348 3152 385 3249 (ι
388 3153 416 3249 ).
441 3152 535 3250 Quis
548 3170 744 3251 proesumet
763 3153 828 3225 tibi
843 3149 1005 3252 nefarius
1032 3151 1189 3224 suadere
1229 3139 1255 3201 '⁴‘

185 3271 379 3343 antistitem
397 3270 563 3358 Donnni,
578 3285 824 3371 patruumque
841 3289 942 3343 tuam
964 3269 1053 3342 velis
1079 3267 1262 3342 condem

185 3386 302 3461 nare?
324 3388 452 3461 Nemo.
482 3386 614 3461 Omnes
637 3416 721 3488 ergo
738 3415 937 3486 precamur
955 3404 992 3458 ut
1021 3386 1076 3458 illi
1098 3386 1269 3459 benffl‘

187 3509 338 3580 lentiam
356 3523 456 3578 tuam
473 3507 672 3595 concedas,
693 3523 727 3578 et
745 3506 903 3578 illaesum
921 3512 958 3576 in
980 3493 1275 3577 normanniam

186 3625 241 3696 ad
252 3626 436 3698 dioecesim
448 3651 554 3696 suam
571 3625 672 3696 abire
679 3626 884 3726 permittas.
906 3623 1031 3694 Comes
1048 3623 1159 3693 etiam
1173 3601 1275 3692 βα

187 3742 358 3813 boniensis
370 3743 470 3839 patri
482 3757 546 3813 tuo
560 3744 650 3814 satis
653 3738 737 3839 fuit
740 3741 872 3834 fidelis
880 3798 891 3829 ,
907 3755 940 3810 et
955 3741 993 3811 in
1006 3739 1112 3810 rebus
1124 3733 1207 3810 ard
1206 3734 1275 3796 ’μ’

186 3873 349 3928 strenuus
365 3858 519 3956 adjutor
533 3875 567 3929 et
584 3859 865 3930 contubernalis.
890 3857 1094 3929 Radbertus
1111 3849 1275 3955 quo?¹¹

193 4005 1275 4052 ——mss—-s

225 4132 347 4205 (1)llcg.
364 4149 396 4194 ιι,
413 4136 439 4197 4.

224 4221 383 4291 (2)1ng.1,
400 4219 545 4284 22,es31.
