2888 4934
186 369 294 446 [1091]
564 356 682 419 tttttttt
702 353 891 416 OCTAVUS.
1201 353 1260 414 ³67

233 495 352 571 XVII.
378 490 472 586 Quid
500 492 536 563 in
562 491 768 589 episcopatu
786 485 998 559 Lexoviensi
1019 487 1055 557 in
1076 484 1192 582 capite
1205 485 1264 583 ja-

182 615 299 689 nuarii
324 614 379 711 (1)
406 609 602 709 contigerit
622 606 763 680 cuidam
787 604 1016 705 presbytero,
1034 619 1263 701 praetereun-

184 733 274 805 dum
305 757 379 804 nou
412 728 571 815 aestimo,
600 752 666 798 uec
693 724 1008 823 comprimendum
1034 721 1191 794 silentio.
1220 721 1261 792 ln

186 849 293 934 vilia,
312 872 393 947 quae
406 843 611 917 Bonavallis
627 841 760 915 dicitur
780 842 855 939 (a),
870 839 1124 912 Gualcheimus
1142 862 1264 910 sacer-

185 966 251 1039 dos
267 982 363 1050 erat,
383 963 445 1064 qui
463 962 620 1035 ecclesiae
639 961 751 1032 sancti
773 958 897 1032 Athini
917 956 1201 1056 Andegaveusis,
1221 979 1265 1025 ex

185 1080 368 1157 monacho
385 1080 542 1178 episcopi
561 1094 597 1150 et
614 1078 824 1150 contessoris
840 1079 913 1174 (3),
937 1072 1173 1149 deserviebat.
1197 1072 1265 1144 Hic

186 1228 285 1275 anno
295 1200 495 1274 Dominicae
510 1198 767 1270 incarnationis
781 1211 867 1269 tt⁰x⁰
875 1210 924 1271 c1⁰
938 1199 974 1268 in
987 1196 1102 1295 capite
1109 1193 1263 1295 januarii

186 1317 399 1403 accersitus,
414 1330 454 1387 ut
467 1315 560 1385 ratio
576 1314 706 1411 exigit,
723 1313 913 1413 quemdam
930 1328 1109 1412 aegrotum
1129 1312 1164 1383 iu
1185 1309 1267 1382 ulti-

187 1437 257 1508 mis
275 1431 475 1532 parroehiae
487 1457 559 1504 suae
574 1431 738 1503 terminis
752 1449 861 1503 noctu
876 1430 1044 1502 visitavit.
1062 1427 1166 1502 Unde
1177 1427 1265 1500 dum

187 1553 285 1627 solus
302 1551 457 1638 rediret,
475 1567 510 1622 et
527 1550 635 1649 longe
647 1547 693 1620 ab
711 1549 899 1621 hominum
913 1547 1136 1621 habitatione
1149 1572 1266 1620 remo-

188 1690 247 1746 tus
267 1673 353 1758 iret,
375 1671 558 1769 ingentem
575 1670 768 1768 strepitum
794 1669 894 1742 reiut
918 1669 1065 1740 maximi
1090 1667 1267 1741 exercitus

189 1785 449 1887 coepitaudire,
467 1803 502 1857 et
512 1785 683 1857 familiam
696 1784 871 1858 Rodberti
884 1786 1116 1858 Beiesmensis
1129 1785 1267 1884 putavit

189 1932 283 1996 esse,
314 1933 396 2007 quae
423 1906 609 1978 festinaret
636 1906 829 1978 Curceinm
857 1903 1025 1979 obsidere
1056 1905 1129 2002 (4)
1164 1905 1264 1976 Luna

189 2025 324 2125 quippe
341 2039 463 2096 octava
492 2025 528 2094 in
553 2023 658 2122 signo
675 2023 796 2106 arietis
816 2039 903 2096 tunc
924 2024 1019 2096 clare
1039 2020 1211 2109 micabat,
1232 2035 1268 2093 et

190 2139 438 2241 gradientibus
467 2141 537 2212 iter
564 2138 849 2212 demonstrabat.
881 2140 1052 2244 Praefatus
1078 2139 1267 2239 presbyter

190 2274 269 2332 erat
280 2258 439 2358 juvenis,
460 2254 575 2328 audax
594 2273 630 2329 et
651 2259 776 2347 sortis,
797 2284 952 2357 corpore
969 2285 1120 2358 magnus
1137 2273 1174 2330 et
1190 2256 1268 2357 agi-

191 2376 249 2450 lis.
281 2375 417 2448 Audito
443 2376 562 2475 itaque
588 2376 748 2448 tumultu
773 2378 1048 2476 properantium
1073 2376 1211 2463 timuit,
1230 2389 1268 2446 et

190 2495 349 2594 piurima
365 2519 485 2566 secum
502 2510 655 2567 tractare
668 2496 803 2593 eoepit:
819 2524 864 2568 an
878 2497 1031 2596 sugeret,
1047 2520 1093 2568 ne
1105 2522 1123 2567 a
1136 2492 1268 2567 vilibus

191 2612 354 2709 parasitis
380 2609 625 2699 invaderetur,
655 2627 691 2684 et
721 2611 909 2686 inhoneste
943 2613 1179 2711 spoliaretur3
1206 2627 1268 2682 aut

191 2727 347 2802 validam
364 2756 512 2801 manum
526 2754 595 2828 pro
610 2727 816 2803 defensione
830 2731 882 2802 sui
901 2731 1072 2830 erigeret,
1095 2730 1123 2802 si
1144 2726 1190 2800 ab
1205 2727 1269 2800 ati-

192 2873 268 2948 quo
292 2848 540 2946 impeteretur.
569 2845 731 2920 Tandem
759 2864 916 2948 quatuor
941 2847 1127 2947 mespileas
1156 2845 1269 2918 arbo-

191 2989 251 3037 res
264 2965 318 3062 (5)
332 2966 368 3036 in
384 2991 486 3065 agro,
502 2964 631 3062 procul
646 2991 666 3037 a
680 2965 784 3052 ealle,
804 2966 1007 3064 prospexit,
1024 2964 1070 3039 ad
1082 2991 1169 3065 (luas
1183 2965 1268 3038 lati·

329 3157 435 3163 ..--.·---
447 3158 458 3162 ..
473 3157 483 3162 -
504 3158 514 3163 ,
537 3157 786 3163 „mu-...u-..ffln
795 3157 883 3163 ...-....
1160 3157 1235 3164 -,-..-ι

232 3265 269 3327 4⁰.
284 3261 348 3329 Que
360 3257 386 3312 le
398 3246 541 3313 survivant
553 3258 601 3314 des
614 3257 687 3314 deux
701 3259 849 3315 heriterait
862 3260 911 3315 des
926 3249 1000 3315 Etats
1013 3260 1048 3315 de
1060 3260 1167 3316 l‘autre.

230 3349 311 3403 Cette
325 3349 491 3401 conventior
504 3348 547 3402 sut
557 3348 638 3419 jure'e
651 3367 702 3421 par
714 3348 802 3404 douae
816 3349 917 3404 barone
928 3349 964 3404 de
978 3349 1086 3424 chaque
1098 3349 1169 3404 ebte.

228 3439 268 3509 (ι)
284 3438 320 3492 Le
337 3449 371 3490 t‘r
380 3437 497 3509 janvier.

226 3531 268 3601 (a)
281 3529 471 3584 saint-Aubiu
485 3528 521 3583 de
534 3529 687 3596 Bonnetal,
701 3541 781 3585 entre
794 3530 889 3586 Orbec
902 3540 931 3586 et
942 3531 968 3585 le
980 3531 1045 3603 sap.

230 3617 270 3690 (3)
281 3620 361 3675 Suint
372 3619 480 3685 Aubin,
495 3619 599 3693 eaeque
613 3618 750 3694 d’Angers
762 3626 811 3687 (ν’
825 3639 899 3676 mars
911 3618 985 3689 550).

230 3712 270 3782 (4)
284 3711 322 3766 Ce
336 3709 433 3763 n’etait
444 3727 491 3782 pas
502 3708 529 3764 le
542 3709 655 3765 chemin
662 3733 670 3778 ;
684 3712 755 3765 mais
767 3710 793 3764 la
806 3729 877 3785 peur
889 3713 962 3766 avait
974 3711 1037 3784 de'jt
1049 3709 1161 3766 trouble
1173 3709 1199 3766 ia
1211 3711 1267 3765 tete

193 3801 235 3856 du
247 3800 304 3855 hon
318 3802 394 3854 cure.

227 3889 269 3961 (5)
281 3890 389 3959 Quatre
403 3889 565 3962 subepines.
581 3891 617 3944 Le
632 3891 761 3945 souveuir
778 3890 814 3945 de
830 3901 904 3947 cette
919 3890 1008 3946 vision
1020 3901 1049 3946 et
1062 3890 1097 3946 de
1110 3891 1267 3965 l’empiaee-

194 3989 273 4035 ment
282 3981 320 4033 ou
329 3979 381 4034 elle
391 3989 440 4034 eut
451 3979 518 4048 lieu,
531 3979 649 4035 subsiste
660 3998 762 4036 encore
773 3981 843 4037 dans
853 3980 878 4037 le
889 4000 970 4056 pays;
983 3983 1055 4039 voiei
1064 3992 1206 4038 comment
1215 3981 1268 4037 elle

193 4088 210 4141 y
223 4079 267 4123 est
280 4071 409 4124 moontee
422 4092 427 4120 ε

231 4158 254 4212 tt
269 4175 324 4209 tanc
338 4161 446 4230 speque
459 4158 516 4210 tres
530 4158 653 4227 recides,
667 4158 693 4211 le
706 4161 773 4212 cure
785 4157 820 4213 de
831 4159 984 4227 Bonnam,
1001 4171 1131 4216 revertant
1146 4159 1269 4232 pendant
