2888 4934
170 439 262 514 rosv]
523 432 640 495 trusa
662 432 866 494 seramus.
1173 435 1233 496 aas

165 567 389 641 formannos
401 562 678 652 subsannantes,
698 562 890 638 immodice
904 562 1110 663 turgebant.
1129 563 1234 638 Unde

165 675 348 775 >ellicosus
376 708 440 755 rex
463 682 685 755 Guillermus
704 680 937 755 vehementer
966 681 1090 768 iratus,
1120 700 1233 756 totam

165 802 403 879 Fuloassinam
424 799 650 899 provinciam
671 800 883 873 calumniari
908 801 1040 900 coepit,
1064 801 1233 874 Pontisa-

165 921 250 995 riam
267 920 321 1016 (ι)
342 935 380 992 et
402 918 666 991 calvimontem
692 917 746 1013 (a)
765 933 872 1018 atque
894 916 1106 989 Madantum
1132 916 1233 991 reddi

165 1035 225 1110 tibi
245 1063 265 1109 a
285 1035 455 1134 Philippo
471 1034 696 1107 Francorum
713 1058 799 1135 rege
816 1035 1024 1135 requisivit,
1044 1051 1080 1107 et
1099 1036 1164 1107 nisi
1178 1037 1236 1136 jus

165 1181 263 1230 tunm
276 1154 343 1227 sibi
358 1151 543 1240 reddatur,
559 1150 732 1225 terribilis
748 1153 856 1224 minis
872 1153 907 1224 in
924 1151 1043 1225 hostes
1055 1150 1232 1226 evehitur.

165 1274 267 1350 [latio
282 1272 471 1346 calumniae
490 1269 691 1371 hujusmodi
712 1287 778 1343 cst.

208 1391 357 1492 [ro32.]
386 1389 463 1462 Rex
486 1382 687 1479 llenricus,
709 1386 862 1461 Roberti
890 1390 984 1488 regis
1011 1388 1236 1463 Francorum

165 1508 266 1592 filius,
275 1509 364 1580 dum
373 1525 455 1607 post
465 1524 621 1580 mortem
634 1507 745 1605 patris
752 1508 835 1606 jure
843 1507 1078 1606 primogeniti
1088 1506 1237 1581 deberet

165 1626 323 1704 redimiri
339 1626 442 1725 regni
461 1624 630 1713 fascibus,
650 1625 711 1699 secl
725 1652 745 1698 a
758 1625 883 1725 regina
899 1627 1108 1698 Constantia
1121 1643 1237 1699 matre

165 1745 780 1845 suanovercaliodioinsequeretur,
790 1745 895 1844 eique
905 1744 977 1842 ipsa
989 1745 1026 1817 in
1037 1745 1239 1844 regnoGal·

165 1859 869 1961 lommpraeponereRobertumfratrem
881 1886 999 1949 suum,
1011 1858 1138 1933 ducem
1147 1862 1238 1933 Bur·

165 1978 405 2079 gundionum,
420 1995 628 2066 conaretur,
647 1978 817 2051 consultu
836 1975 1009 2050 Amalrici
1028 1979 1179 2051 senioris
1194 1977 1239 2051 de

165 2094 406 2173 Monte-Forti
422 2096 496 2193 (ὃ),
512 2093 576 2167 lilii
593 2094 776 2168 Guillelmi
789 2094 1006 2183 Hanoensis,
1023 2094 1239 2167 Fiscanuum

165 2238 243 2291 oum
263 2238 318 2289 xn
340 2211 552 2287 satellitibus
572 2213 672 2285 venit
687 2213 761 2312 (4),
781 2229 818 2285 et
834 2210 1037 2286 Robertum
1054 2212 1240 2287 Norman-

165 2332 229 2407 uisa
247 2329 396 2417 dacem,
419 2319 459 2401 ut
475 2328 542 2401 sibi
562 2343 723 2402 materna
740 2329 865 2402 fraude
881 2328 1137 2403 miserabiliter
1152 2356 1240 2404 exu-

165 2443 252 2525 ¹auti
277 2446 506 2534 subveniret,
536 2445 721 2519 humiliter
746 2447 908 2546 expetiit.
934 2447 1049 2541 Quem
1073 2451 1241 2547 praefatus

165 2559 258 2657 lux,
287 2580 413 2664 utpote
438 2564 641 2637 naturalem
666 2561 857 2637 dominum
888 2591 1012 2652 suum,
1039 2563 1241 2638 liberaliter

165 2684 337 2784 uaceph,
364 2700 402 2757 et
422 2708 543 2756 secum
560 2680 676 2757 donec
694 2681 871 2755 Paschalis
886 2683 1057 2756 festivitas
1074 2683 1241 2780 explere-

165 2827 235 2893 nt,
250 2817 439 2901 gratanter
450 2799 618 2874 detinuit.
633 2799 771 2872 Deinde
785 2799 1084 2872 Normunnorum
1098 2800 1239 2900 agmina

165 2915 324 3018 indique
340 2917 568 3018 aggregavit,
588 2916 801 2989 acerrimam
819 2914 1085 3014 expeditionem
1105 2917 1143 2990 in
1160 2916 1243 2990 Gal·

165 3035 250 3107 iam
261 3030 364 3120 fecit,
380 3049 417 3105 et
430 3031 725 3106 Aurelianensem
742 3028 890 3118 urbem,
907 3030 1155 3105 Normannico
1169 3032 1241 3104 im-

165 3166 250 3249 ¹setu
268 3151 400 3251 ,ignem
427 3150 645 3238 immittens,
673 3149 846 3223 incendit.
866 3150 1015 3223 Damnis
1036 3152 1156 3252 itaque
1182 3153 1242 3225 in-

165 3265 471 3366 comparabilibus
491 3267 773 3340 cervicositatem
797 3266 1022 3341 Francorum
1046 3270 1239 3367 compegit.

165 3378 304 3478 Quibus
320 3385 504 3472 coercitis,
524 3385 707 3483 repulsum
727 3383 898 3457 clitonem
918 3410 1032 3482 regno
1053 3412 1117 3457 suo
1134 3387 1242 3458 resti-

165 3669 170 3681 ·
199 3691 241 3762 (ι)
259 3691 299 3748 Ge
315 3702 376 3746 mot
393 3702 435 3746 est
452 3691 628 3746 visiblement
644 3691 773 3766 fabrique
786 3691 895 3765 d’apres
909 3690 936 3747 le
954 3708 1020 3746 nom
1037 3691 1169 3766 fraucais,
1188 3711 1244 3767 que

166 3791 248 3837 natm
260 3791 362 3836 auteur
374 3801 409 3837 ne
422 3782 484 3838 s'est
496 3800 546 3855 pas
558 3782 652 3838 donne
665 3782 689 3836 la
704 3784 787 3856 peine
800 3782 835 3837 de
848 3782 1038 3856 decomposer.

199 3871 243 3941 (a)
256 3870 420 3928 chaumont
432 3890 468 3926 eu
482 3872 585 3929 Vexin.

202 3957 244 4034 (ὅ)
255 3963 388 4028 Amauri,
402 3961 549 4019 deuxieme
561 3962 600 4018 du
616 3981 697 4031 nom,
717 3964 847 4037 seigneur
863 3964 898 4019 de
914 3963 1200 4021 Montton-t’nmaurt
1216 3976 1245 4020 et

169 4038 344 4124 d’bpernou‚
359 4052 397 4106 du
409 4052 478 4108 chef
487 4052 522 4108 de
536 4070 564 4107 sa
576 4055 660 4109 mere.

204 4142 246 4212 (4)
256 4141 297 4198 ce
308 4160 412 4218 voyage
424 4143 459 4198 de
468 4144 556 4199 Henri
569 4145 604 4199 I‘'
615 4146 631 4198 a
641 4145 762 4218 Fe'camp
773 4156 822 4202 eut
834 4145 890 4202 lien
903 4164 937 4201 aa
948 4146 1018 4201 mois
1029 4145 1064 4200 de
1074 4162 1147 4200 mars
1163 4141 1243 4210 roda,

171 4229 278 4303 Piques
289 4231 418 4287 tonabant
430 4243 503 4288 cette
516 4234 646 4289 annae-la
658 4233 685 4288 le
698 4252 715 4289 a
727 4234 804 4292 avril.
