2888 4934
188 438 249 500 470
466 439 653 500 fflS'ronln
675 438 982 502 uectuslas'rlcl.
1057 449 1154 523 [rnen.
1171 448 1264 525 1096]

187 571 420 644 comitantur.
439 572 583 644 Decime
597 570 655 644 die
668 574 800 645 mensis
818 572 988 646 februarii
1004 576 1147 675 eclipsis
1165 577 1262 649 lunae

186 687 333 762 amedia
350 705 457 762 nocte
475 688 643 789 usquead
659 716 828 763 auroram
841 693 933 766 iacta
947 708 1017 781 eet,
1037 709 1074 766 et
1089 692 1262 767 obscuri-

185 821 238 878 tas
257 807 295 878 in
310 805 394 878 luna
409 833 428 878 a
446 822 548 905 parte
565 804 702 878 boreali
717 823 842 880 exorta
856 824 909 881 est
923 813 937 902 (
946 809 990 905 ι’).

235 925 297 995 ΙΙΙ.
316 921 395 998 0do
420 926 605 1023 episcopus
630 925 849 1025 Bajocensis,
880 924 1103 1000 Gislebertus
1123 925 1261 1001 Ebroi-

183 1043 297 1115 censis
320 1057 356 1114 et
380 1042 484 1115 Serlo
510 1042 704 1142 sagiensis,
731 1043 837 1143 legati
864 1070 1010 1145 quoque
1042 1045 1202 1118 aliorum
1219 1044 1261 1118 de

184 1158 408 1232 Normannia
421 1159 636 1258 praesulum,
657 1187 740 1232 cum
757 1161 987 1236 excusatoriis
999 1161 1182 1262 apicibus,
1196 1163 1262 1235 Ar·

184 1278 351 1350 vernensi
373 1277 529 1352 concilio
547 1279 807 1366 imminerunt,
826 1296 862 1353 et
880 1279 963 1354 inde
987 1307 1071 1380 cum
1088 1279 1261 1355 benetic-

185 1396 282 1469 tione
306 1396 503 1494 apostolica
529 1397 700 1496 regressi,
730 1396 916 1496 synodales
949 1398 1118 1496 epistolas
1141 1399 1263 1498 coepi·

183 1513 298 1611 scopis
311 1513 382 1585 suis
394 1512 615 1586 detulerunt.
625 1513 841 1588 Guillelmus
851 1516 961 1615 igitur
973 1515 1261 1615 archiepiscopus

183 1631 377 1705 concilium
385 1632 576 1731 Rotomagi
584 1634 804 1733 aggregavit,
815 1649 941 1708 etcum
949 1633 1262 1733 sull'raganeisepi·

183 1750 298 1848 scopis
314 1748 359 1822 de
377 1749 592 1821 utilitatibus
608 1750 855 1824 ecclesiasticis
872 1751 1050 1824 tractavit.
1071 1751 1179 1824 Tunc
1191 1775 1261 1823 om

182 1891 246 1939 nes
261 1891 383 1939 mense
398 1864 581 1941 februario
597 1867 795 1941 Rotomum
814 1883 1083 1956 convenerunt,
1106 1867 1261 1966 capitula

182 1982 327 2082 synodi,
346 1984 429 2085 quae
443 1983 537 2083 apud
554 1985 865 2058 Clarummontem
881 1985 972 2058 lacta
991 2000 1044 2057 est
1053 2039 1066 2073 ,
1086 1984 1264 2056 unanimi·

183 2118 240 2176 ter
248 2104 482 2202 contemplati
489 2118 575 2175 sunt
583 2105 639 2202 (ι)
648 2133 658 2192 ;
673 2103 766 2176 Soita
774 2099 1121 2203 quoqucapostolica
1133 2099 1263 2174 confir-

182 2236 388 2307 maverunt,
405 2237 441 2294 et
453 2219 654 2321 hujusmodi
668 2221 737 2292 scri
741 2236 844 2320 ptum
856 2221 1007 2319 posteris
1022 2218 1259 2291 dimiserunt:

235 2365 270 2412 1.
291 2339 430 2412 Statuit
453 2339 616 2438 synodus
643 2356 792 2428 saneto,
814 2357 853 2410 ut
879 2339 989 2412 trevia
1015 2336 1088 2407 Dei
1101 2336 1265 2435 firmiter

183 2455 427 2547 custodiatur,
442 2483 468 2528 a
483 2456 667 2528 dominica
681 2456 744 2527 die
756 2473 842 2527 unte
853 2470 966 2556 caput
970 2455 1112 2553 jejunii
1118 2510 1132 2541 ,
1151 2479 1264 2552 usque

184 2574 238 2647 ad
252 2571 600 2671 secundumjeriam
617 2575 753 2646 oriente
768 2574 845 2647 sole
856 2590 942 2674 post
958 2588 1105 2645 octavas
1125 2573 1263 2643 Pente-

184 2708 320 2780 costes,
340 2707 374 2763 et
389 2719 414 2762 a
437 2707 570 2790 quarta
577 2687 685 2789 ferio
702 2707 788 2763 ante
803 2687 1010 2762 Adventum
1026 2687 1182 2759 Domini
1199 2711 1262 2759 oc·

184 2810 325 2883 sidente
337 2810 414 2883 sole
432 2837 547 2908 usque
562 2810 618 2882 ad
631 2827 780 2882 octavas
794 2810 832 2881 Ε
830 2807 1025 2908 piphanioe
1033 2837 1048 2891 ;
1062 2822 1096 2877 et
1107 2831 1178 2904 per
1188 2831 1262 2876 om-

182 2956 247 3002 nes
264 2918 517 3000 hebdomadas
536 2931 645 3017 anni,
668 2955 692 2999 α
714 2944 847 3027 quarta
856 2923 964 3023 feria
981 2924 1173 2997 occidente
1189 2921 1261 2994 sole

185 3073 298 3147 usque
312 3045 367 3118 ud
382 3044 730 3143 secundumjeriam
744 3047 887 3119 oriente
900 3043 978 3115 sole
994 3042 1071 3139 (ὅ),
1084 3058 1121 3112 et
1135 3043 1174 3112 in
1187 3067 1261 3112 om·

182 3161 289 3235 nibus
300 3157 417 3259 festis
441 3161 591 3233 Sanctae
615 3162 753 3233 Mariae
773 3176 807 3231 et
832 3158 973 3258 vigiliis
995 3183 1143 3244 eorum,
1167 3159 1259 3227 etin

1086 3336 1250 3345 -ι--ι-

219 3442 258 3508 (1)
277 3436 357 3494 Cettc
371 3434 473 3507 ucllpsc
487 3444 537 3489 eut
552 3434 609 3488 lieu
627 3434 695 3488 dans
711 3432 737 3486 la
754 3434 817 3487 nuit
832 3433 871 3486 du
890 3451 920 3485 10
938 3450 971 3485 au
991 3450 1017 3484 ιι
1034 3429 1148 3497 levrier,
1162 3432 1178 3483 d
1193 3429 1259 3484 trois

182 3527 285 3584 hcures
296 3537 325 3582 ct
338 3525 430 3580 demie
443 3524 482 3578 ‹lu
498 3525 596 3579 mutin.

218 3621 259 3687 (a)
271 3618 312 3673 Ce
323 3626 384 3671 mot
394 3625 438 3670 est
449 3615 507 3688 pris
520 3614 555 3669 ici
570 3614 639 3670 dans
651 3612 678 3668 le
691 3631 754 3668 sens
766 3612 801 3666 de
815 3612 927 3684 deferre
940 3636 947 3663 .·
961 3611 1038 3665 avoir
1050 3609 1149 3681 egard.

218 3704 259 3777 (ὅ)
271 3706 386 3780 D'apros
399 3724 431 3760 ce
445 3723 549 3772 canon,
566 3704 586 3759 il
599 3723 634 3759 ne
649 3703 732 3759 serait
747 3705 821 3758 rests
833 3720 889 3777 que
900 3703 940 3755 les
952 3703 1022 3755 trois
1034 3701 1173 3772 premiere
1182 3701 1257 3770 joun

183 3797 256 3855 dela
270 3797 392 3852 semaiae
406 3778 530 3869 pendant
542 3795 662 3870 lesquels
673 3794 700 3848 la
711 3811 813 3865 guerre
821 3793 866 3848 sut
876 3793 1004 3865 pei-mise.
1016 3790 1120 3846 C’etait
1128 3788 1257 3845 accorder

180 3896 248 3963 trop
260 3903 318 3961 peu
333 3889 350 3941 d
365 3885 472 3959 l’esprit
485 3885 618 3941 militairc
632 3884 668 3939 de
682 3883 812 3957 l'e'poque
827 3906 832 3936 :
848 3881 937 3949 aussi,
955 3898 1027 3954 pour
1041 3881 1118 3935 avoir
1131 3889 1196 3952 trop
1210 3877 1256 3933 de·

181 3974 300 4045 madh,
320 3972 497 4031 dobunt-on
514 3976 586 4031 rien
606 3975 717 4046 Voyez,
734 3991 783 4028 sur
796 3972 822 4027 la
839 3971 963 4027 trevede
977 3970 1099 4025 Dionen
1121 3970 1256 4025 Norman·

258 4050 339 4123 'm
349 4073 416 4123 note
429 4063 563 4121 eitum
575 4067 611 4137 (t.
626 4064 670 4131 Π,
687 4084 715 4138 p.
731 4061 810 4134 316).
826 4062 901 4117 Dans
913 4062 939 4117 le
952 4061 1109 4115 manuscrit
1118 4059 1154 4115 de
1166 4059 1254 4114 Saint-

490 4174 537 4211 *να
552 4165 596 4212 est
606 4166 811 4212 consumment
822 4155 893 4208 derit
906 4151 1020 4219 octaba,
1034 4169 1092 4206 non
1106 4149 1255 4206 seulemem

522 4260 537 4303 a
548 4242 704 4307 clermont.
