2888 4934
169 418 274 493 [1082]
540 407 654 471 LIBER
674 406 874 468 SEPTIMUS.
1177 418 1235 479 189

166 560 314 646 garant,
330 557 368 614 et
381 538 478 641 quod
489 557 572 639 post
584 539 773 612 transitum
786 538 953 638 Gregorii
968 538 1045 613 Odo
1054 541 1236 618 Romanus

165 662 261 761 Papa
278 661 391 746 soret,
412 674 680 756 compererunt.
710 657 786 729 Hoc
810 657 955 729 audiens
979 658 1077 751 Odo,
1102 664 1234 759 praesul

165 779 386 879 Bajocensis,
411 776 474 876 qui
501 774 713 848 cumfratre
736 798 800 846 suo
822 776 1017 850 Guillelmo
1033 802 1117 878 rege
1135 780 1235 853 Nor-

165 895 311 969 mannis
330 892 585 969 dominabatur
604 909 639 965 et
657 893 805 991 Anglis,
827 892 1090 991 parvipendens
1112 912 1235 994 potes-

166 1027 258 1087 tates
280 1027 317 1084 et
342 1009 481 1084 divitias
506 1011 609 1110 regui
633 1009 878 1099 occidentalis,
904 1012 971 1084 nisi
991 1014 1072 1112 jure
1089 1031 1236 1112 papatus

166 1128 419 1203 dominaretur
445 1127 548 1200 latius
578 1145 613 1200 et
642 1125 809 1200 omnibus
839 1130 1047 1227 terrigenis,
1083 1131 1234 1205 Romam

167 1245 267 1319 misit
275 1244 477 1343 ,fipalatium
492 1244 558 1316 sibi
576 1246 681 1332 emit,
703 1261 883 1317 senatores
896 1246 1078 1338 Quiritum
1095 1250 1236 1348 magnis

168 1360 378 1436 muneribus
408 1361 499 1434 datis
529 1361 606 1435 sibi
627 1362 781 1434 amicitia
810 1363 1008 1460 copulavit,
1041 1365 1236 1462 palatium-

168 1505 238 1581 qae
257 1507 361 1553 suum
384 1480 505 1553 multis
526 1479 727 1579 sumptibus
747 1498 783 1554 et
800 1481 989 1579 superssuis
1008 1482 1236 1581 apparatibus

168 1599 368 1674 exornavit.
384 1600 587 1698 Hugonem,
603 1598 843 1672 cestrensium
857 1602 1040 1690 comitem,
1054 1628 1237 1703 magnam·

168 1741 235 1816 que
251 1715 440 1791 cohortem
452 1715 718 1814 praecipuorum
732 1717 888 1788 militum
901 1719 1024 1789 ascivit
1032 1772 1043 1806 ,
1063 1734 1104 1790 ut
1115 1744 1236 1792 secum

171 1831 203 1906 iu
218 1832 361 1906 ltaliam
375 1831 918 1931 proficiscerenturobsecravit,
933 1851 970 1906 ct
983 1836 1139 1935 ingentia
1155 1861 1236 1934 pre·

170 1947 266 2033 obus
281 1949 455 2048 promissa
475 1948 649 2049 prodigus
666 1947 814 2020 addidit.
835 1950 891 2021 Illi
908 1975 1016 2040 ver0,
1036 1952 1118 2051 quia
1137 1953 1235 2026 Nor-

166 2067 291 2148 monni
323 2067 417 2140 leves
444 2083 481 2139 et
506 2083 626 2139 extera
654 2065 775 2138 videre
799 2064 918 2165 cupidi
946 2083 1049 2155 sunt,
1071 2071 1235 2167 protinus

168 2187 425 2285 presumptori
457 2186 644 2284 episcop0,
676 2183 733 2258 cui
760 2185 981 2282 principatus
1009 2184 1175 2259 Albionis
1201 2204 1237 2259 et

165 2295 346 2376 Neustriae
368 2326 442 2375 non
462 2299 655 2373 sufficiehat
665 2355 677 2391 ,
695 2316 932 2373 assenserunt.
959 2302 1125 2400 lugentes
1141 2329 1237 2403 quo-

165 2441 234 2518 que
254 2417 402 2506 fundos,
423 2444 513 2518 quos
537 2415 747 2492 inocciduis
767 2416 970 2490 climatibus
987 2418 1233 2518 possidebant,

165 2530 330 2609 deserere
360 2535 623 2624 decreverunt,
648 2562 688 2608 ac
717 2551 756 2607 ut
782 2536 931 2633 praefato
961 2537 1105 2633 praesuli
1137 2555 1236 2610 trans

165 2648 303 2726 tadum
317 2654 589 2739 comitarentur,
610 2677 676 2749 per
692 2649 799 2723 fidem
813 2650 1100 2748 spoponderunt.

213 2768 441 2869 Apparatum
456 2768 656 2869 hujusmodi
675 2767 833 2868 prudens
850 2793 912 2840 rex
931 2770 1147 2841 Guillelmus
1159 2768 1236 2843 edi-

165 2882 275 2976 tint,
292 2883 353 2957 sed
379 2911 453 2959 non
480 2883 713 2995 approbavit,
733 2908 919 2983 regnoque
935 2909 1022 2972 suO,
1041 2884 1235 2984 multisque

165 3001 245 3075 aliia
268 3000 371 3074 valde
389 3002 595 3075 nociturum
618 2999 819 3071 aestimavit.
846 2999 951 3071 Unde
970 3000 1180 3072 festinanter
1198 3001 1235 3071 in

165 3115 339 3218 Angliam
355 3118 617 3204 transfretavit,
635 3144 676 3189 ac
694 3115 810 3190 Odoni
828 3117 995 3214 episcopo
1013 3141 1095 3189 cum
1109 3114 1235 3216 grandi

165 3257 300 3333 pompa
316 3235 484 3333 navigare
502 3234 537 3306 in
561 3233 824 3307 Normanuiam
848 3234 1024 3331 cupienti,
1044 3258 1089 3306 ex
1112 3235 1235 3332 inspe-

165 3365 248 3425 nto
263 3351 427 3423 ininsula
444 3350 553 3424 Vecta
568 3351 623 3448 (1)
638 3349 810 3422 obviavit.
826 3347 881 3420 lbi
897 3350 1071 3422 nimirum
1087 3375 1236 3448 congre-

165 3573 273 3626 πηνίον
284 3575 314 3626 in
327 3573 425 3634 exilio;
442 3572 510 3626 mais
528 3570 552 3623 la
571 3569 741 3643 magnifique
753 3572 869 3642 repense
881 3567 916 3623 de
926 3568 985 3623 l'un
1000 3567 1048 3623 des
1066 3567 1168 3641 prelata
1185 3573 1234 3646 qui

165 3651 341 3714 l’uiataient
357 3678 372 3712 a
387 3678 423 3714 eu
440 3661 532 3714 moins
547 3658 583 3713 de
603 3657 738 3731 publicite
756 3681 761 3710 :
780 3657 847 3712 Non
867 3665 959 3729 potes,
977 3657 1102 3724 domine,
1117 3663 1189 3712 mori
1207 3663 1235 3714 in

165 3747 265 3816 edu,
285 3752 335 3821 qui
346 3751 374 3802 in
387 3752 449 3802 vice
466 3748 571 3802 Christi
583 3757 610 3801 et
621 3748 810 3818 apostolorum
825 3748 887 3820 ejus
899 3750 1033 3818 accepisti
1043 3756 1142 3819 gentes
1155 3749 1236 3805 bere·

165 3831 297 3905 diuum,
313 3845 340 3891 et
346 3841 548 3908 possessionem
561 3840 693 3893 terminos
706 3845 798 3891 terra.
1080 3832 1083 3839 ’

209 3925 318 3996 (utne
327 3925 362 3980 de
370 3927 482 3997 Wiglu.
490 3927 661 4001 -Quoique
669 3926 694 3981 la
704 3926 795 3980 vanitc'
806 3936 834 3979 et
844 3925 996 3981 l'ambition
1005 3926 1119 3983 d’Odon
1131 3930 1236 3985 fussent

173 4011 261 4084 egula
273 4017 289 4069 a
300 4032 350 4069 son
365 4017 482 4081 avarice,
500 4034 570 4071 nous
582 4034 664 4071 avons
676 4017 785 4090 peine&
801 4017 890 4069 croire
901 4016 970 4090 qu’il
984 4017 1024 4073 ait
1037 4018 1236 4075 adriensement

176 4105 278 4169 nana
290 4105 418 4178 parvenit·
428 4108 443 4158 a
455 4104 480 4158 la
494 4109 627 4178 papante,
643 4123 679 4159 ou
694 4105 783 4159 meme
797 4107 812 4157 b
824 4103 891 4159 aller
902 4105 969 4164 fixer
978 4125 1006 4162 ta
1018 4106 1162 4164 residence
1173 4112 1236 4182 pres

183 4186 239 4245 d'uu
247 4192 351 4265 pontife
363 4191 398 4247 de
408 4211 511 4247 moeurs
520 4195 592 4250 aussi
605 4193 710 4264 rigidas
721 4203 749 4248 et
761 4191 845 4246 d’une
857 4191 967 4251 volontd
975 4196 1048 4251 aussi
1059 4195 1171 4251 absolue
1180 4215 1234 4271 que
