2888 4934
180 419 438 495 [anruuu01098]
576 414 693 495 LIBER
714 414 850 473 NONUS.
1183 416 1242 476 577

183 546 281 646 quod
297 546 397 620 omni
417 545 549 617 civitati
570 546 754 642 prominet
770 544 841 642 (r).
864 543 1039 615 Deorsum
1055 546 1176 617 civitas
1193 560 1246 622 est

183 663 351 738 decenter
373 661 560 750 aedificate,
588 678 625 734 et
646 660 779 760 duplici
804 687 911 734 muro
936 662 1074 734 circum
1095 663 1242 737 ambita.

183 779 309 852 Murus
350 779 503 851 interior
534 777 673 876 amplus
716 794 753 850 ct
783 776 820 849 in
852 802 933 850 aera
962 793 1148 877 porrectus
1178 797 1242 852 est.

184 892 382 998 Magnis-et
401 895 545 998 quadris
570 895 748 994 lapidibus
772 913 977 995 compactus
1001 911 1038 968 et
1061 900 1247 997 compagi-

185 1035 288 1092 natus
313 1033 378 1088 est.
404 1019 443 1089 ln
470 1042 539 1116 qua
563 1015 658 1086 muri
682 1016 893 1114 compagine
912 1030 1028 1087 turres
1049 1032 1132 1087 sunt
1153 1041 1246 1115 qua-

184 1133 374 1232 dringenta
392 1132 653 1232 quinquaginta
673 1131 747 1228 (2),
767 1132 932 1204 formosis
952 1146 1136 1203 venustate
1154 1157 1249 1204 moe-

186 1250 254 1321 niis
281 1264 316 1320 et
338 1246 491 1320 delcnsae
515 1245 808 1345 propugnaculis.
834 1247 958 1318 Murus
987 1247 1146 1319 exterior
1171 1248 1248 1319 non

186 1381 297 1437 tantae
313 1380 364 1465 est
378 1361 617 1450 celsitudinis,
637 1361 697 1434 sed
714 1378 833 1435 tamen
852 1361 1072 1436 admirandae
1088 1380 1250 1436 venusta·

185 1483 243 1554 tis.
257 1481 429 1553 Continet
439 1480 474 1552 in
484 1505 520 1553 se
534 1495 709 1552 trecentas
719 1495 754 1552 et
763 1478 1000 1579 quadraginta
1010 1480 1194 1579 ecclesias(
1218 1483 1246 1579 ).

183 1597 256 1669 Pro
278 1621 342 1668 suo
360 1620 491 1694 magno
507 1595 666 1693 primatu
683 1594 922 1692 patriarcham
939 1594 1064 1685 habet,
1085 1597 1142 1668 cui
1160 1621 1248 1670 cen-

184 1729 261 1783 tum
299 1711 559 1812 quinquaginta
597 1727 669 1783 tres
706 1711 861 1809 episcopi
901 1711 1154 1810 subjiciuntur.
1191 1711 1251 1784 ab

183 1827 331 1901 Oriente
344 1825 522 1900 clauditur
534 1843 693 1927 quatuor·
702 1828 905 1900 montaneis
917 1828 985 1925 (4),
1001 1826 1047 1900 ab
1058 1826 1251 1901 Occidente

183 1967 271 2016 vero
281 1944 433 2015 civitatis
443 1968 566 2015 muros
576 1943 700 2017 Farlnr
714 1943 769 2040 (5)
780 1943 913 2014 llumen
926 1942 1153 2041 praeterssuit.
1165 1945 1251 2017 llaec

186 2061 402 2159 antiquitus,
422 2077 461 2132 ut
476 2060 716 2156 Hieronymus
734 2059 770 2131 in
786 2059 1037 2157 explanatione
1056 2060 1252 2160 propheta-

187 2201 269 2246 rum
286 2173 433 2261 scribit,
453 2172 628 2246 Reblatha
644 2173 700 2272 (6)
715 2172 809 2246 dicta
824 2190 896 2264 est,
912 2172 972 2247 sed
988 2200 1008 2245 a
1026 2174 1174 2249 Seleuco
1191 2175 1253 2249 Ni·

221 2398 232 2468 (
237 2399 260 2468 r)
276 2397 356 2453 Cette
367 2395 537 2470 description
550 2395 589 2451 du
603 2396 709 2451 terrain
725 2405 767 2450 est
780 2396 836 2450 fort
850 2407 955 2452 exacte.
971 2398 1022 2452 Les
1033 2409 1132 2472 quatre
1148 2417 1253 2454 marne-

186 2487 260 2554 lons,
275 2485 345 2541 dont
358 2485 437 2559 parle
451 2496 531 2541 notre
544 2496 653 2554 auteur,
668 2496 731 2540 sont
749 2487 870 2559 compris
886 2486 954 2542 dans
971 2486 1117 2543 l'eneeinte
1129 2487 1177 2542 des
1190 2507 1253 2543 mu-

187 2577 292 2645 railles,
309 2586 337 2631 ct
352 2575 423 2630 celui
440 2577 489 2649 qui
507 2576 612 2648 portait
623 2575 649 2629 la
665 2573 806 2644 citadelle,
825 2584 869 2629 est
883 2574 1111 2631 l'avaut·dernier
1122 2594 1157 2629 en
1169 2575 1255 2631 allant

186 2666 222 2722 de
233 2666 331 2719 l’onest
343 2667 357 2717 a
369 2664 439 2717 l’est.

221 2758 259 2827 (a)
273 2752 435 2810 Guillaume
448 2751 484 2806 de
496 2752 555 2824 Tyr
567 2752 630 2806 n’en
642 2761 753 2824 compte
765 2769 821 2824 que
832 2752 902 2807 trois
915 2762 980 2807 cent
993 2753 1125 2808 soixante.
1139 2753 1255 2809 Suircnt

186 2845 226 2898 Μ.
240 2840 402 2913 Poujoulat‚
416 2839 436 2894 il
446 2838 491 2911 n'y
501 2857 536 2893 eu
548 2839 619 2893 avait
630 2856 665 2892 en
678 2848 741 2893 tout
750 2857 806 2912 que
818 2849 882 2894 cent
893 2850 1000 2907 trente,
1013 2839 1084 2895 dont
1093 2842 1255 2915 cinquante·

187 2931 260 2986 deux
274 2939 337 2984 sont
350 2946 451 2983 encore
463 2947 498 2983 en
510 2946 582 2984 assez
595 2928 650 2984 bon
662 2931 730 2984 dtat.
744 2929 795 2983 Les
807 2927 947 2983 murailles
957 2929 1062 2984 etaient
1071 2931 1257 2986 entiirement

180 3020 340 3087 ermetem,
358 3031 387 3075 et
395 3020 450 3075 l'on
460 3040 478 3093 y
489 3021 637 3092 compunt,
651 3019 695 3074 dit
705 3038 744 3073 un
756 3029 857 3074 auteur
867 3019 965 3087 ambe,
979 3021 1167 3094 vingt-quatre
1180 3020 1257 3075 mille

190 3110 334 3165 creneaux.
352 3109 388 3163 La
403 3109 466 3163 ville
480 3109 614 3164 moderne
627 3108 759 3164 d'Antaki
771 3109 904 3182 n’occupe
916 3127 965 3182 pac
976 3109 1003 3164 lc
1015 3111 1128 3166 sirieme
1140 3111 1175 3165 de
1187 3111 1257 3166 l'an-

192 3201 290 3254 cienue
303 3199 439 3253 enceinte.
458 3199 535 3252 Pour
549 3198 656 3252 donner
669 3216 724 3252 une
742 3197 804 3253 idce
821 3197 856 3252 de
872 3197 899 3252 la
915 3197 1055 3270 grandeur
1069 3198 1105 3253 de
1121 3209 1193 3255 cette
1208 3219 1258 3255 en-

193 3289 297 3357 ceinte,
318 3288 338 3343 il
358 3306 428 3342 nous
446 3286 538 3342 suffire
556 3286 591 3341 de
610 3287 670 3342 dire
685 3287 836 3362 qu'Antaki
852 3291 924 3342 esta
941 3287 1002 3362 plus
1020 3288 1104 3344 d'une
1120 3289 1207 3345 heure
1223 3289 1259 3345 de

195 3379 307 3433 marche
318 3378 353 3432 de
365 3377 391 3432 la
404 3387 485 3451 porte
496 3376 531 3431 de
543 3375 716 3433 Salat-Paul.

232 3468 271 3542 (3)
293 3470 388 3527 Pierre
412 3467 567 3523 Tudebode
589 3478 700 3541 compte
721 3466 809 3520 douze
831 3477 909 3522 cents
930 3467 1028 3540 eglises
1050 3479 1079 3524 et
1103 3471 1173 3524 trois
1197 3479 1261 3525 cent

195 3561 318 3614 soixante
333 3561 510 3615 monastices.

231 3651 270 3719 (4)
288 3650 341 3704 Ces
357 3660 457 3723 quatre
475 3649 626 3704 mamelons
644 3667 679 3703 ne
693 3656 756 3701 sout
769 3663 817 3719 pas
834 3647 850 3700 a
864 3645 938 3715 lest,
959 3649 1028 3702 mais
1044 3667 1078 3703 au
1097 3646 1166 3704 midi
1185 3648 1220 3704 dc
1237 3648 1261 3703 la

197 3735 269 3790 ville.

234 3823 272 3895 (5)
292 3825 366 3878 Lisez
384 3848 388 3876 :
407 3823 544 3892 I'Oronte,
563 3826 626 3898 qni,
650 3825 760 3879 suivant
776 3824 905 3879 Foncher
922 3823 957 3878 de
979 3825 1112 3880 Chartres
1132 3835 1160 3880 et
1180 3824 1263 3881 Guil-

199 3917 290 3969 laume
302 3914 337 3968 de
352 3915 419 3987 Tyr,
435 3915 503 3969 ctait
518 3914 614 3988 appele
626 3917 642 3969 t
655 3925 727 3970 cette
739 3915 848 3987 dpoque
863 3914 937 3968 Fcrn
951 3932 987 3968 ou
1003 3915 1060 3969 Fer
1070 3934 1120 3988 par
1133 3914 1172 3970 les
1188 3913 1264 3969 indi·

201 4007 294 4078 geues.

235 4094 275 4168 (6)
295 4096 376 4151 Cette
395 4096 570 4167 synonymie,
588 4096 657 4148 mise
673 4113 706 4148 en
723 4104 805 4148 avant
822 4113 872 4168 par
888 4095 959 4149 saint
977 4095 1101 4163 lercium,
1121 4094 1190 4164 uffest
1206 4094 1265 4149 riou

202 4187 291 4239 moins
304 4185 545 4258 qu'nutlrcntique.

278 4301 333 4348 ιιι.
1061 4281 1117 4372 ,57
