2888 4934
184 390 281 463 [sunio
302 391 392 468 1098]
578 390 695 451 LIBER
716 390 853 454 NONUS.
1193 395 1254 454 553

184 522 398 595 Graecorum
420 521 637 594 festinabant
655 521 699 594 ad
719 521 946 595 obsessorum
967 522 1138 594 auxilium
1148 553 1159 612 ς
1178 525 1256 623 qui·

183 639 251 711 bus
262 641 459 738 imperator
472 639 592 711 accitis
604 666 707 711 suum
719 641 885 738 patefecit
897 639 1100 712 consilium.
1119 639 1256 713 Deinde

178 758 282 857 jussit
302 772 342 828 ut
358 757 524 854 protinus
547 782 672 829 omnes
693 755 875 845 redirent,
892 772 928 828 et
950 757 1136 855 regionem
1155 757 1254 828 illam

182 873 325 971 penitus
353 871 596 962 devastarent,
626 890 663 945 et
691 875 819 946 incolae
857 874 952 946 illius
984 874 1020 947 in
1050 874 1255 972 Bulgariam

183 993 505 1091 transmigrarent,
525 1018 571 1065 ne
586 993 716 1079 Turci,
737 994 765 1064 si
788 1008 1104 1092 persequerentur,
1128 993 1163 1062 in
1190 990 1257 1062 de-

184 1110 352 1207 populata
375 1111 521 1209 regione
544 1110 715 1209 pabulum
737 1109 805 1182 sibi
832 1111 1050 1209 reperirent.
1074 1109 1170 1180 Diris
1190 1134 1257 1180 ru-

125 1296 128 1302 ,
184 1227 346 1299 moribus
360 1229 571 1328 rumigeruli
588 1229 729 1301 comitis
737 1230 879 1326 sparsis,
894 1226 1056 1325 obrepsit
1069 1228 1105 1299 in
1121 1226 1257 1326 populo

184 1346 247 1416 Dei
269 1344 480 1417 moestitudo
502 1345 772 1418 inaestimabilis.
801 1346 894 1418 Nam
914 1346 1073 1444 episcopi
1092 1361 1128 1418 et
1150 1344 1257 1416 abba·
1344 1437 1346 1440 Α

187 1480 237 1535 tes
253 1480 290 1536 et
316 1462 515 1562 presbyteri
540 1489 633 1562 pene
657 1462 777 1536 triduo
799 1492 817 1536 a
842 1463 1010 1564 precibus
1034 1480 1071 1537 et
1094 1461 1258 1535 laudibus

184 1579 249 1650 Dei
268 1597 512 1667 cessaverunt,
536 1595 573 1652 et
589 1572 990 1679 profundisgeruitibus
1014 1577 1254 1678 suspirabant.

184 1697 404 1793 Imperator,
432 1697 538 1768 nimis
559 1694 724 1769 credulus
747 1698 867 1769 verbis
883 1697 1133 1784 carnotensis,
1156 1695 1256 1769 Con-

184 1812 455 1910 stantinopolim
471 1838 634 1885 reversus
644 1830 711 1904 est,
727 1830 763 1886 et
774 1815 888 1913 gloria
903 1815 1066 1887 victoriae
1080 1831 1116 1886 et
1130 1814 1259 1885 trium-

184 1926 245 2027 phi
273 1929 317 2002 de
345 1930 472 2003 Turcis
493 1929 665 2003 divinitus
686 1932 782 2020 aliis,
806 1934 867 2031 qui
901 1932 1061 2032 legitime
1091 1948 1257 2004 certave-

185 2062 268 2116 rant
277 2101 287 2134 ,
305 2063 483 2118 reservata
501 2064 566 2118 est.
583 2048 711 2120 Franci
725 2039 832 2145 nimis
851 2050 954 2120 inviti
966 2046 1256 2138 revertebantur,

185 2180 221 2234 et
245 2165 463 2236 amarissime
484 2164 789 2238 lamentabantur.
812 2166 921 2238 Multi
944 2167 1051 2240 etiam
1077 2192 1097 2239 e
1121 2191 1259 2266 paupe-
1320 2230 1324 2237 1

186 2279 286 2352 ribus
302 2283 502 2382 peregrinis
517 2284 647 2381 passim
659 2283 922 2357 moriebantur.

235 2397 368 2489 Guido,
382 2399 475 2471 lilius
484 2398 659 2473 Rodberti
673 2400 876 2492 Guiscardi,
888 2427 956 2500 pro
966 2418 1085 2475 morte
1095 2403 1215 2474 fratris
1225 2418 1261 2484 et

187 2517 384 2589 amicorum
410 2518 524 2590 multa
551 2520 706 2592 lamenta
730 2518 859 2605 edidit,
884 2521 1077 2620 pluresque
1096 2538 1202 2594 notos
1225 2536 1262 2592 et

187 2648 377 2705 extraneos
394 2635 431 2704 in
450 2634 624 2731 lacrymas
640 2637 792 2722 excivit,
811 2652 847 2708 et
866 2638 901 2707 in
918 2638 1047 2710 itinere
1062 2638 1097 2708 in
1116 2636 1262 2735 Stepha-

188 2777 277 2822 num
291 2751 446 2823 convitia
460 2750 572 2822 multa
587 2752 760 2824 evomuit.
775 2752 929 2825 Coactus
943 2769 1083 2842 tamen,
1100 2779 1183 2825 cum
1198 2754 1262 2824 im·

188 2883 354 2966 peratore
370 2853 518 2968 aliisque
532 2867 825 2958 auxiliatoribus,
845 2869 956 2940 tristis
975 2871 1159 2942 remeavit.

235 2986 431 3057 Bellatores
462 2986 548 3075 Dei,
578 2987 640 3086 qui
674 2987 710 3060 in
740 2985 831 3059 urbe
865 2986 1120 3086 agonizabant,
1148 3002 1260 3060 totam

187 3130 288 3202 spem
313 3129 413 3173 suam
442 3103 478 3175 in
503 3106 667 3202 supernis
693 3105 983 3193 collocaverunt,
1010 3103 1111 3178 etde
1138 3104 1260 3176 lancea

186 3221 333 3294 Domini
359 3219 607 3319 disquaerenda
625 3221 839 3296 fiducialiter
856 3239 1114 3296 tractaverunt.
1138 3226 1179 3295 ln
1197 3246 1261 3295 ec-

187 3339 328 3410 clesiam
350 3339 459 3437 igitur
478 3339 597 3411 Satscti
623 3340 721 3412 Petri
747 3357 897 3413 ventum
923 3355 995 3428 est,
1025 3339 1147 3440 ibique
1175 3339 1259 3413 dili·

185 3473 312 3554 genter
333 3472 459 3528 notato
483 3457 563 3530 loco
580 3456 713 3529 diutius
739 3457 820 3531 inde
842 3459 1055 3530 altercatum
1074 3473 1138 3529 est.
1159 3457 1260 3529 Tan-

184 3572 267 3643 dem
284 3574 503 3670 praevalente
525 3575 771 3672 plurimorum
797 3575 991 3662 sententia,
1016 3572 1189 3646 tredecim
1207 3576 1259 3671 (1)

185 3687 372 3761 laboriosis
389 3707 425 3762 et
439 3692 594 3764 strenuis
609 3691 815 3765 hominibus
831 3693 969 3766 curiose
985 3690 1107 3765 fodere
1121 3693 1260 3791 jussum

218 3921 258 3989 (1)
272 3918 352 3972 Cettc
366 3918 532 3987 decourerte
546 3930 595 3974 eut
610 3919 666 3974 lieu
681 3920 707 3975 le
725 3924 756 3987 14
765 3920 843 3993 juin,
862 3921 970 3976 suivant
982 3922 1078 3977 Pierre
1092 3921 1258 3977 Tudebode.

186 4011 311 4064 D’autres
329 4008 352 4063 la
369 4009 479 4082 placent
496 4010 521 4065 le
539 4009 571 4066 18
586 4010 625 4064 du
639 4012 729 4067 meme
743 4014 824 4068 mois.
840 4011 934 4086 Voyez
949 4012 1017 4068 daus
1033 4012 1121 4068 Raoul
1134 4013 1169 4066 de
1183 4014 1258 4068 Cacn

183 4103 251 4172 (111)
270 4100 307 4154 les
325 4101 471 4156 excellents
490 4104 712 4160 raisonncnrents
729 4105 764 4159 dc
781 4105 924 4161 11111111ηά
944 4117 1041 4162 contre
1057 4105 1261 4161 l'authenticitr

185 4192 255 4247 11111
271 4194 358 4247 sainte
375 4194 468 4247 1111111.

1327 4259 1343 4290 δ
