2888 4934
195 397 354 472 [11v0tuo.
372 390 464 467 1099]
584 387 701 449 LIBER
722 386 860 449 NONUS.
1193 385 1254 446 617

195 521 339 622 periura
370 533 545 608 tutantes,
576 519 712 619 sagittis
740 517 936 591 utebantur
964 530 1002 588 et
1027 512 1164 613 gladiis.
1194 513 1257 585 llis

195 637 410 735 imperatum
426 634 542 708 suerat
562 659 609 709 ne
630 635 687 708 vel
708 633 753 708 ad
772 647 999 708 momentum
1027 629 1254 720 recederent,

193 755 252 828 vel
277 754 396 827 locum
420 768 632 852 occupatum
657 753 783 825 saltem
807 750 851 824 ad
871 775 1011 850 passum
1028 746 1253 821 excederent.

194 869 310 944 Porro
320 869 495 968 manipuli
508 869 700 958 militares,
721 884 830 966 prout
849 865 1014 941 instructi
1031 879 1152 952 erant,
1169 887 1256 936 con-

192 984 288 1059 dicta
303 986 380 1059 loca
400 983 582 1058 tenebant.
602 987 649 1057 Et
663 985 835 1085 quoniam
851 983 927 1055 sitis
945 978 1262 1054 immoderantiam

192 1101 243 1176 ob
271 1119 398 1176 aestum
431 1119 467 1176 et
497 1101 785 1201 pulverulentam
816 1099 1008 1187 nebulam,
1042 1113 1079 1171 et
1105 1109 1257 1195 propter

191 1218 354 1292 laborem
365 1245 406 1292 ac
417 1218 690 1292 diuturnitatem
704 1216 906 1318 praeliandi,
917 1212 1139 1302 metuebant,
1151 1236 1257 1312 aqua·

190 1359 274 1406 rum
292 1332 520 1408 cantharulos
542 1335 698 1434 plenosa
721 1335 816 1408 collo
833 1331 1108 1431 suspenderant,
1126 1326 1257 1428 quibus

189 1451 357 1523 retentati
381 1452 601 1525 coustantius
623 1450 858 1541 obsisterent,
881 1450 936 1522 vel
955 1448 1130 1549 fugientes
1147 1441 1254 1551 inde-
1284 1514 1290 1523 .

187 1563 364 1638 ficientius
375 1582 690 1666 persequerentur.
703 1567 756 1640 De
767 1565 849 1665 suga
862 1590 988 1638 eorum
1005 1562 1103 1636 nulla
1117 1560 1255 1634 mentio

188 1697 283 1773 erat;
309 1683 540 1758 confidebant
558 1687 657 1758 enim
681 1685 718 1758 in
740 1681 1031 1758 multitudinibus
1051 1681 1122 1755 suis
1144 1680 1254 1752 innu-

188 1798 311 1889 meris,
325 1815 361 1872 et
374 1800 412 1873 in
427 1800 665 1874 barbararum
677 1802 883 1901 pectoribus
896 1801 1058 1901 gentium
1069 1797 1252 1885 animosis,
1299 1832 1308 1847 ·

189 1927 226 1984 et
244 1913 282 1984 in
296 1914 558 2012 imperialibus,
580 1942 625 1990 ne
640 1943 800 2016 unquam
814 1920 999 2017 sugerent,
1015 1914 1152 1988 edictis.
1169 1913 1255 1982 Fu-

187 2031 347 2130 gientes,
372 2031 491 2131 inquit
513 2032 711 2131 imperator
729 2034 803 2131 (t),
831 2036 994 2132 capitum
1020 2030 1254 2104 aninmduer-

187 2146 289 2216 st'one
297 2147 523 2245 puniuntur!
536 2146 638 2220 Bello
650 2148 822 2247 utrinque
831 2163 884 2220 sat
897 2144 1049 2245 provide
1060 2158 1198 2245 parato,
1214 2158 1254 2216 ut

188 2257 232 2331 ad
242 2260 362 2332 locum
378 2259 466 2334 belli
479 2263 808 2363 appropinquatum
819 2280 888 2352 est,
904 2262 1097 2335 Christiani
1112 2286 1254 2360 parum·

185 2398 252 2472 per
268 2373 524 2467 substiterunt,
543 2378 668 2451 oculos
685 2375 813 2450 devote
830 2379 868 2450 iu
885 2378 1021 2451 coelum
1038 2391 1250 2464 erexerunt,

183 2489 406 2590 genibusque
440 2494 477 2564 in
508 2508 643 2566 terram
670 2493 797 2566 deliris
823 2509 1033 2568 oraverunt.
1066 2493 1253 2566 Auxilium

183 2606 282 2677 enim
299 2605 344 2678 de
366 2606 464 2680 coelo
486 2606 699 2704 sperabant,
718 2607 816 2708 quod
833 2606 1044 2707 jamdudum
1069 2610 1107 2680 in
1129 2610 1252 2680 multis

183 2720 450 2796 necessitatibus
466 2747 559 2820 saepe
575 2722 643 2795 sibi
661 2723 778 2797 adesse
794 2740 1057 2823 persenserant.
1076 2724 1147 2797 Ubi
1163 2749 1252 2799 vero

182 2838 344 2914 breviter
359 2855 502 2914 oratum
518 2857 588 2931 est,
604 2856 640 2913 et
655 2842 798 2942 signum
814 2842 1004 2916 salutiferae¹
1019 2843 1135 2916 crucis
1150 2867 1251 2916 reve·

184 2972 309 3029 renter
336 2955 518 3032 frontibus
547 2956 733 3031 admotum
765 2974 839 3050 est,
873 2960 1001 3059 majori
1034 2957 1249 3032 confidentia

184 3077 459 3174 equitaverunt,
490 3091 526 3149 et
558 3077 714 3149 viriliter
744 3078 780 3149 in
811 3078 960 3150 nomine
987 3077 1136 3149 Domini
1165 3079 1250 3150 lesu

185 3189 347 3266 ethnicos
357 3192 511 3293 aggressi
524 3207 620 3265 sunt.
636 3193 795 3267 Gentiles
809 3194 905 3267 enim
914 3195 989 3293 jam
1002 3192 1248 3284 substiterant,

185 3324 221 3380 et
246 3309 385 3382 immoti
408 3309 656 3407 expectabant.
682 3312 724 3383 ln
745 3309 1011 3384 dextro-cornu
1027 3312 1128 3410 juxta
1150 3335 1250 3384 mare

184 3426 382 3500 Tolosanus
397 3425 592 3526 equitabat.
611 3430 654 3500 ln
670 3443 773 3527 parte
794 3428 935 3501 sinistra
953 3453 1016 3500 rex
1033 3454 1117 3500 cum
1134 3426 1250 3526 legio-

185 3540 291 3614 nibus
321 3544 391 3616 suis
423 3542 654 3645 properabat.
677 3544 793 3621 Porro
816 3545 853 3618 iu
880 3544 1000 3619 medio
1019 3544 1251 3618 Normanuus

184 3671 221 3727 et
235 3654 464 3734 Flaudrensis
489 3675 595 3760 atque
621 3659 845 3749 Taucredus,
868 3659 1001 3760 aliique
1025 3660 1227 3734 militabant
1235 3691 1248 3753 3

184 3770 244 3845 sed
260 3771 304 3844 ad
322 3771 447 3846 decem
467 3799 512 3847 ex
535 3777 666 3850 nostris
681 3777 782 3850 mille
801 3776 977 3877 Altophiti
1000 3777 1245 3879 insurgebant.

183 3890 274 3963 lnita
287 3916 421 3990 pugna,
438 3891 656 3985 Rodbertus,
668 3893 742 3966 dux
756 3895 1051 3970 Normauuorum
1062 3952 1072 3985 ,
1085 3895 1249 3968 Admira-

216 4149 226 4214 (
232 4148 255 4217 1)
271 4147 307 4202 l.c
322 4147 387 4208 visir
401 4147 514 4207 assuat.
