2888 4934
251 440 270 499 t
523 438 706 499 HISTORIA
730 438 1033 500 ECCLESlASTlCA.

248 567 380 641 ellulsit
389 599 400 657 ;
417 569 488 656 cui,
504 586 692 668 postquam
707 569 919 643 Gherbodus
932 570 1160 642 Flandrensis
1173 570 1216 643 ad
1231 598 1312 643 suos

249 685 410 770 recessit,
434 709 497 756 rex
516 687 725 758 comitatum
744 686 967 788 Cestrensem
985 687 1134 760 consilio
1150 685 1311 784 pruden-

249 819 325 873 tum
338 801 523 874 concessit.
538 803 606 873 Hio
620 804 791 874 nimirum
807 820 945 903 amator
959 803 1077 874 soeculi
1094 804 1177 891 suit,
1197 829 1310 875 saecu-

125 960 131 967 ·
246 916 448 1015 lariumque
469 941 701 1013 pomparum,
725 944 812 1018 quas
831 919 1023 990 maximam
1049 917 1310 990 beatitudinum

245 1031 394 1131 putabat
407 1057 479 1105 esse
495 1034 701 1130 portionem
718 1033 967 1107 humanarum.
980 1036 1069 1106 Erat
1079 1036 1175 1106 enim
1192 1036 1228 1106 in
1242 1036 1311 1105 mi-

245 1151 319 1223 litia
331 1167 536 1249 promptus,
550 1152 586 1222 in
599 1149 718 1223 dando
734 1152 840 1223 nimis
850 1151 1020 1250 prodigus
1029 1204 1040 1237 ,
1055 1149 1210 1248 gaudens
1220 1149 1312 1222 ludis

244 1285 281 1341 et
297 1265 460 1353 luxibus,
489 1267 628 1355 mimis,
647 1269 745 1367 equis
773 1285 809 1339 et
830 1266 993 1356 canibus,
1014 1267 1159 1366 aliisque
1186 1265 1311 1365 hujus-

244 1381 342 1457 modi
373 1380 604 1455 vanitatibus.
631 1384 722 1455 Huic
751 1385 904 1455 maxima
934 1409 1075 1481 semper
1106 1381 1312 1454 adhaerebat

244 1501 394 1588 familia,
412 1501 447 1571 in
465 1499 595 1599 quibus
610 1497 787 1572 nobilium
809 1499 1094 1600 ignobiliumque
1115 1525 1312 1598 puerorum

244 1641 431 1689 numerosa
463 1614 709 1714 perstrepebat
744 1618 860 1715 copia.
891 1617 983 1690 Cum
1006 1617 1131 1690 eodem
1166 1618 1311 1689 consule

244 1731 563 1806 commorabantur
585 1735 653 1805 viri
678 1733 927 1821 honorabiles,
952 1735 1073 1807 clerici
1098 1751 1134 1806 et
1159 1732 1325 1821 milites„

242 1874 333 1948 quos
349 1866 422 1923 tam
439 1848 606 1922 laborum
623 1877 731 1949 quam
748 1850 956 1923 divitiarum
973 1849 1222 1949 gratulabatur
1238 1875 1311 1921 esse

242 1992 386 2039 suarum
408 1967 610 2064 participes.
626 1968 667 2038 ln
691 1969 823 2065 capella
843 1970 916 2068 ejus
933 1967 1109 2039 serviebat
1128 1966 1310 2041 Abrinca-

245 2084 351 2154 tensis
364 2083 514 2155 clericus
532 2084 681 2155 nomine
696 2084 872 2159 Geroldus
889 2088 968 2183 (1),
991 2085 1164 2183 religione
1187 2100 1223 2154 et
1239 2082 1309 2154 ho-

243 2210 377 2266 nestate
386 2249 397 2282 ,
419 2195 617 2294 peritiaque
633 2196 835 2268 litterarum
848 2197 1032 2296 praeditus.
1046 2196 1113 2267 Hic
1125 2195 1310 2266 servitium

156 2379 157 2384 ,
242 2312 389 2386 Domini
399 2311 558 2412 quotidie
575 2312 729 2387 fideliter
743 2313 889 2414 agebat,
903 2333 940 2388 et
952 2329 1216 2388 sacrosanctum
1228 2311 1312 2383 liba-

241 2455 325 2503 men
337 2429 464 2505 devote
473 2432 681 2532 frequenter
690 2431 893 2506 exhibebat.
910 2433 1017 2508 Viros
1030 2433 1193 2521 curiales,
1207 2457 1311 2529 quos-

242 2573 395 2649 cumque
418 2566 576 2648 poterat,
611 2549 655 2623 ad
690 2550 977 2626 emendationem
1002 2551 1085 2623 vitae
1117 2549 1310 2647 propositis

241 2681 505 2740 antecessorum
529 2669 700 2767 exemplis
729 2668 914 2741 invitabat.
944 2670 985 2740 ln
1009 2666 1131 2738 multis
1147 2664 1306 2751 videbat,

241 2785 446 2884 meritoque
457 2785 681 2884 vituperabat
695 2789 874 2860 carnalem
887 2784 1134 2886 petulantiam,
1143 2783 1311 2855 nimium-

241 2901 364 2997 quein
381 2901 545 2997 pluribus
563 2929 647 3002 erga
662 2906 725 2976 Dei
739 2906 877 2978 cultum
894 2904 1040 3004 lugebat
1052 2903 1235 3000 ingentem
1245 2925 1311 2970 ne-

241 3014 463 3113 gligentiam.
476 3016 669 3115 Praecipuis
680 3016 877 3091 baronibus
892 3038 928 3091 et
940 3019 1109 3093 modestis
1121 3014 1307 3103 militibus,

242 3130 432 3231 puerisque
450 3130 630 3205 nobilibus
644 3134 812 3206 salutares
821 3138 981 3209 monitus
994 3132 1203 3233 promebat,
1219 3148 1256 3202 et
1266 3130 1309 3202 de

241 3245 363 3321 Veteri
395 3248 643 3336 Testamento,
681 3252 852 3351 novisque
883 3250 1171 3325 Christianorum
1205 3249 1310 3346 gestis

243 3359 411 3435 imitanda
430 3378 635 3436 sanctorum
647 3364 805 3438 militum
819 3367 984 3439 tirocinia
999 3364 1156 3438 ub'ertim
1174 3388 1311 3436 coacer-

242 3477 360 3551 vabat.
381 3477 598 3555 Luculenter
615 3483 711 3554 enim
728 3482 920 3555 enarrabat
935 3481 1122 3556 conllictus
1136 3480 1309 3554 Demetrii

242 3611 278 3667 et
291 3595 457 3696 Georgii,
483 3598 662 3674 Theodori
681 3616 717 3672 et
733 3600 949 3688 Sebastiam,
974 3598 1139 3672 Mauricii
1156 3596 1255 3670 ducis
1274 3612 1310 3667 et

241 3709 406 3785 Tbebaeae
424 3714 593 3812 legionis,
609 3733 645 3789 et
660 3715 841 3790 Eustachii
856 3704 1017 3816 praecelsi
1031 3714 1191 3815 magistri
1211 3713 1305 3785 mili-

242 3842 319 3900 tum
336 3854 419 3902 cum
430 3830 532 3902 sociis
544 3832 635 3919 suis,
653 3835 715 3932 qui
732 3858 798 3931 per
811 3835 1024 3932 martyrium
1042 3830 1206 3906 coronari
1225 3852 1306 3898 me-

276 4115 368 4189 (1)Ce
386 4117 493 4172 Gerold
511 4119 567 4191 prit
586 4119 684 4176 l’habit
703 4125 876 4197 monastique
893 4118 1230 4187 twincheste1·,dans1e
1246 4135 1304 4172 nro·

240 4204 348 4257 nastere
362 4203 397 4257 de
408 4205 509 4261 l'ordre
526 4206 560 4262 de
572 4207 772 4279 Saint-Benolt,
784 4212 887 4286 charge
896 4209 936 4265 du
947 4207 1095 4282 serviceJde
1108 4207 1134 4262 la
1143 4203 1302 4261 cathedrale

239 4304 268 4347 ct
281 4296 328 4368 qui
342 4314 356 4348 a
371 4296 428 4367 pris
441 4295 467 4351 le
480 4315 544 4351 nom
558 4297 593 4352 de
606 4300 833 4369 Salat-swithin,
849 4299 905 4355 l’uu
920 4299 955 4356 de
968 4318 1009 4355 tes
1021 4310 1135 4374 patrona
1145 4291 1302 4366 indigena.
