2888 4934
182 395 390 472 [manso]
568 393 685 456 ιιιιιιιι
705 388 864 457 sexsus.
1190 404 1247 464 us

235 525 279 598 V
275 551 372 598 crum
380 582 392 615 ,
414 539 453 598 ut
470 526 594 598 sciatis
610 529 690 624 quis
706 525 766 599 uel
779 527 897 626 qualis
916 531 984 599 iste
992 528 1125 622 luerit,
1139 557 1246 630 pau-

185 641 301 715 lulum
322 668 348 715 a
364 645 550 743 proposito
571 642 829 742 digrediamur.
852 644 928 718 Hic
949 644 1155 720 Radbertus
1176 675 1249 722 no-

187 762 361 849 minatur,
382 774 419 832 et
438 759 633 832 Malarteis
654 760 709 857 (ι)
732 764 1038 859 cognominatur:
1061 763 1163 862 quod
1183 791 1249 837 nos

187 875 317 977 lr’rrgua
331 874 448 949 latina
463 874 599 947 malum
609 874 783 948 artificem
795 880 1022 977 exponimus,
1043 903 1110 951 nec
1123 883 1251 952 imme-

188 996 266 1066 rito.
289 999 374 1093 Ipse
394 1017 553 1091 namque
571 990 710 1065 nullum
728 993 874 1093 penitus
894 993 1053 1092 officium
1072 992 1248 1085 babebat,

189 1112 258 1182 nisi
274 1123 416 1182 tantum
434 1110 620 1182 insidiari.
645 1107 821 1182 Omnibus
838 1109 924 1184 dico
942 1138 953 1182 .·
971 1113 1162 1185 monacbis
1177 1117 1252 1186 sci-

189 1227 272 1301 licet
283 1225 347 1298 uel
358 1226 516 1317 clericis,
532 1225 705 1300 militibus
721 1242 757 1300 et
770 1229 932 1319 rusticis,
947 1245 982 1300 et
995 1232 1102 1302 totius
1115 1228 1253 1303 ordinis

189 1341 408 1432 bominibus,
426 1360 503 1416 tarn
519 1342 695 1440 religione
699 1340 865 1440 famosis
882 1370 992 1445 quam
1006 1346 1115 1418 aliter
1128 1348 1254 1420 uiuen-

188 1460 298 1535 tibus.
311 1460 401 1550 Sed,
411 1460 698 1535 aemendacium
709 1466 889 1535 incurrere
901 1464 1042 1553 videar,
1043 1460 1257 1564 frequenter

189 1577 257 1652 boc
274 1577 429 1678 agebat,
449 1605 673 1678 quocumque
688 1579 867 1651 malitiam
883 1605 989 1652 suam
1007 1578 1164 1654 dilatare
1180 1607 1255 1653 oa-

191 1693 301 1770 lebat.
328 1693 460 1769 Omnes
479 1697 603 1795 itaque
617 1694 808 1794 aqualiter
820 1722 892 1796 pro
905 1722 1018 1798 posse
1033 1696 1253 1787 accusabat,

192 1827 233 1885 ut
246 1837 371 1886 omncs
387 1815 424 1882 in
441 1810 618 1884 damnum
632 1813 785 1884 mitteret
801 1817 881 1885 totis
897 1812 1034 1886 viribus
1050 1813 1254 1887 laborabat.

195 1927 290 2000 Cum
302 1927 415 2000 alicui
432 1927 493 2000 uel
506 1926 674 2028 pluribus
686 1926 857 2017 nocebat,
877 1927 1066 2000 interillos
1084 1955 1258 2002 numera-

196 2041 315 2132 batur,
331 2041 520 2142 dequibus
532 2041 690 2115 dieitur:
706 2042 986 2117 Laetanturcum
997 2043 1257 2131 malefecerint,

197 2173 233 2233 et
253 2158 418 2232 exultant
442 2159 478 2231 in
503 2158 609 2232 rebus
631 2158 790 2258 pessimis
813 2160 877 2256 (2).
904 2159 947 2233 Si
969 2177 1088 2232 autem
1109 2186 1157 2232 ea
1178 2185 1261 2232 uero

199 2275 377 2349 damnare
404 2274 592 2374 nequibat,
613 2301 684 2376 per
706 2301 787 2348 eum
809 2256 875 2375 qui
899 2273 1023 2348 inilia
1051 2275 1265 2375 loquebatur

200 2390 387 2464 diabolum
414 2392 579 2465 inventor
590 2390 778 2486 salsitatis
804 2390 968 2464 mendac
996 2408 1030 2463 et
1050 2408 1159 2492 pater
1181 2392 1262 2492 ejus
1364 2464 1368 2471 ,

202 2507 430 2607 efficiebatur.
444 2507 522 2580 Sed
530 2508 757 2598 cumnullus,
771 2511 882 2581 etiam
895 2534 976 2582 cum
990 2534 1032 2582 eo
1043 2508 1092 2581 ab
1104 2507 1262 2607 bysantia

203 2623 490 2726 inseparabiliter
500 2651 735 2724 permanens,
753 2624 863 2725 bajus
882 2627 956 2698 oiri
968 2625 1070 2699 mala
1087 2651 1158 2698 non
1178 2625 1263 2699 dico

206 2740 373 2830 scribere,
401 2743 600 2813 sedetiam
626 2739 756 2841 referre
777 2744 904 2815 ualeat
927 2744 1036 2837 (nam
1054 2744 1142 2842 jure
1168 2743 1266 2814 mille

207 2854 341 2954 amisex
355 2858 409 2954 (3)
426 2857 649 2952 vocaretur),
668 2856 859 2930 redeamus
876 2857 930 2929 ad
944 2859 1117 2955 iacoepta.

249 2971 404 3061 Audito,
421 2988 459 3045 ut
471 2972 649 3062 dicimus,
665 2998 804 3044 ramore
811 2972 988 3075 pradicti
998 2974 1072 3045 viri
1080 2972 1266 3069 religionis

208 3085 364 3161 habitum
383 3094 543 3190 arripere
562 3091 758 3190 cupientis,
783 3092 950 3190 magistri
966 3090 1028 3162 sui
1044 3088 1263 3179 doctrinam,

209 3205 269 3302 qui
282 3230 424 3304 semper
436 3207 607 3278 mentitur
617 3222 682 3278 aut
694 3206 849 3306 decipit,
867 3223 1030 3296 secutus,
1049 3205 1194 3280 advenit
1207 3206 1268 3278 illc

211 3318 420 3393 Radbertus.
441 3321 516 3420 Qui
528 3320 694 3396 dicturus
707 3322 952 3412 mendacium,
966 3351 990 3394 a
1004 3322 1198 3395 mendacio
1210 3326 1266 3392 in-

210 3438 359 3538 cipiens,
378 3438 564 3512 aitnobis:
580 3439 685 3511 Hunc
703 3437 915 3512 hominem:
934 3439 1094 3510 Briestan
1112 3437 1265 3525 scilicet,

241 3649 279 3720 (t)
293 3649 372 3704 Nous
385 3668 420 3704 ne
434 3652 609 3706 connaissons
623 3669 670 3725 pas
681 3670 717 3705 en
732 3648 902 3706 Normaudic
915 3646 1067 3721 d’exemple
1079 3646 1115 3702 de
1127 3646 1271 3725 sobriquet

212 3751 272 3790 tuus
280 3737 307 3792 la
319 3737 408 3792 forme
420 3739 505 3812 qu’on
514 3738 554 3793 lui
563 3738 656 3794 donne
669 3739 720 3802 ici,·
735 3739 804 3793 mais
815 3738 952 3811 plusieurs
964 3733 1080 3790 amittes
1090 3755 1108 3807 y
1120 3745 1233 3809 portent
1244 3737 1270 3793 lc

213 3841 273 3879 nom
284 3825 319 3881 de
329 3827 449 3881 Mallart
460 3846 497 3882 ou
510 3829 630 3895 Malart,
644 3829 692 3902 qui
703 3845 738 3882 en
750 3837 792 3882 est
802 3825 1012 3900 probablement
1021 3842 1076 3880 une
1085 3825 1267 3882 contractius.

243 3920 284 3986 (a)
296 3917 387 3986 Prom,
405 3935 436 3985 ιι,
454 3923 493 3984 rt.

244 4003 282 4075 (5)
294 4003 421 4060 Alluuion
437 4025 471 4060 au
486 4025 550 4061 ιιοιιι
565 4005 632 4060 d’un
645 4006 746 4061 demon
760 4007 816 4060 tres
831 4022 923 4060 couuu
935 4021 971 4056 au
983 4020 1083 4075 moyen
1096 4003 1161 4076 fige,
1175 4013 1271 4077 etque

214 4111 280 4149 nous
298 4113 382 4149 avons
400 4115 434 4149 ιιι
456 4097 558 4168 figures·
578 4096 646 4151 dans
664 4095 689 4150 la
713 4093 829 4169 tegendo
847 4093 882 4149 dc
898 4094 969 4149 saint
985 4091 1104 4151 Martial.
1123 4092 1214 4164 Voyez
1232 4093 1282 4160 cia

214 4181 317 4253 bessus,
334 4195 352 4239 t.
366 4185 394 4253 1,
410 4204 437 4258 p.
451 4183 512 4260 371.
1279 4172 1280 4176 ἵ
