2888 4934
193 349 254 408 290
471 343 654 405 HISTORIA
677 343 981 406 Eccttblasrlca.
1157 351 1263 430 [1088]

192 478 316 552 bertus
332 474 405 549 dux
423 476 560 549 nullam
577 504 684 576 super
698 478 941 552 malefactores
957 478 1150 553 exercebat
1163 478 1264 554 disci·

191 597 348 697 plinam,
368 610 403 666 et
420 610 638 695 grassatores
644 620 720 693 per
737 611 820 669 octo
836 618 950 669 annos
963 594 1029 668 sub
1045 596 1150 670 molli
1169 598 1263 696 prin·

109 772 115 781 .
190 711 1259 814 cipesuperimbecillempopulumsuamagitabantfuriam.

190 834 403 931 lmportune
420 845 579 902 sanctam
591 829 790 902 Ecclesiam
807 829 1004 919 vexabant,
1022 847 1060 903 et
1076 832 1261 930 possessio

189 976 270 1040 nes,
290 975 378 1049 quas
390 931 631 1020 antecessores
649 945 736 1020 boni
755 947 956 1021 liberaliter
967 947 1164 1038 dederant,
1181 949 1259 1023 vio-

190 1069 306 1141 lentcr
319 1064 546 1155 auferebant,
560 1082 621 1137 aut
634 1064 877 1139 devastabant.
893 1064 1057 1141 Desolata
1069 1065 1260 1167 gemebant

189 1184 423 1270 monasteria,
442 1199 480 1256 et
497 1181 662 1255 monachi
678 1210 719 1256 ac
731 1184 1018 1257 sanctimoniales
1032 1182 1164 1284 grandi
1180 1208 1256 1284 pre-

188 1301 382 1376 mebantur
397 1301 549 1399 penuria
568 1301 698 1398 (1).⁴ln
717 1316 899 1373 tantarum
914 1301 1144 1402 simultatum
1158 1300 1257 1400 pesti·

188 1422 309 1510 lentia,
321 1419 441 1493 nullus
454 1418 568 1492 honos
579 1420 654 1492 Deo
667 1420 810 1492 sacratis
823 1418 1075 1508 exhibebatur,
1091 1445 1155 1492 seu
1167 1442 1254 1493 reve·

187 1537 317 1609 rentia.
330 1532 497 1628 Quotidie
512 1533 646 1607 fiebant
660 1532 837 1623 incendia,
855 1536 992 1634 rapinae
1001 1551 1038 1608 et
1047 1533 1251 1620 homicidia,

185 1669 222 1725 et
238 1650 384 1751 lugebat
399 1648 521 1749 plebs,
542 1651 663 1723 nimiis
680 1650 942 1723 calamitatibus
958 1651 1077 1723 anxia.
1096 1650 1180 1722 Filii
1198 1673 1252 1721 ne·

185 1797 294 1869 quam
317 1767 551 1871 emergebant
582 1771 618 1842 in
648 1770 890 1862 Normannia,
923 1773 985 1872 qui
1009 1772 1154 1844 enormi
1180 1794 1251 1843 cum

184 1887 353 1961 aviditate
367 1888 412 1961 ad
428 1905 556 1962 cuncta
577 1889 739 1989 prompti
757 1905 862 1962 erant
878 1888 1056 1976 facinora,
1075 1904 1114 1962 et
1128 1885 1250 1962 erude-

185 2007 268 2080 liter
278 2023 440 2080 materna
454 2005 738 2106 depascebantur
748 2009 897 2082 viscera.
911 2009 1012 2079 lnter
1024 2005 1104 2080 haec
1114 2007 1249 2105 impune

183 2121 401 2221 procedebat
437 2122 601 2221 petulans
639 2121 827 2213 illecebra,
868 2123 994 2196 molles
1032 2123 1248 2222 flammisque

184 2239 396 2314 cremandos
413 2241 569 2339 turpiter
584 2239 745 2314 foedabat
762 2240 884 2315 Venus
898 2239 1124 2314 sodomitica.
1146 2238 1249 2312 Mari-

185 2359 294 2459 talem
318 2356 466 2432 thorum
495 2358 639 2457 publice
666 2357 878 2459 polluebant
902 2357 1097 2445 adulteria,
1118 2375 1156 2432 et
1176 2356 1257 2458 erga

183 2474 316 2548 (livinae
333 2477 421 2577 legis
439 2475 705 2550 observantiam
720 2477 912 2575 multiplex
929 2477 1051 2550 aderat
1066 2476 1249 2577 negligen-

183 2593 246 2665 tia.
269 2593 438 2693 Episcopi
463 2620 506 2668 ex
528 2595 740 2668 auctoritate
764 2595 828 2667 Dei
855 2595 995 2694 exleges
1019 2590 1248 2668 anathemati·

183 2709 329 2801 zabant,
350 2710 508 2812 theologi
531 2711 681 2811 prolatis
702 2709 929 2784 sermonibus
945 2711 1009 2783 Dei
1031 2735 1114 2784 reos
1130 2700 1249 2783 admo-

184 2827 333 2901 nebant.
365 2829 434 2903 Sed
465 2828 518 2902 bis
549 2828 720 2903 omnibus
752 2846 874 2902 tumor
901 2843 938 2902 et
967 2827 1144 2925 cupiditas
1178 2850 1248 2901 cum

182 2945 394 3018 satellitibus
419 2947 490 3019 suis
517 2944 753 3020 immoderate
785 2944 1010 3019 resistebant.
1045 2944 1248 3018 adulterina

182 3060 312 3158 passim
336 3061 533 3158 municipia
558 3060 821 3148 condebantur,
848 3078 884 3133 et
901 3061 1036 3134 ibidem
1053 3060 1120 3133 filii
1143 3061 1248 3133 latro-

182 3205 284 3267 num,
301 3204 365 3252 ceu
379 3179 487 3251 catuli
504 3179 674 3278 luporum
687 3178 731 3252 ad
745 3179 989 3253 dilacerandas
1001 3176 1181 3267 bidentes,
1194 3202 1248 3249 nu·

183 3293 400 3367 triebantur.
420 3293 630 3367 Occasiones
650 3295 921 3368 inimicitiarum
937 3292 983 3366 ab
1002 3294 1138 3394 iniquis
1153 3316 1247 3395 que-

219 3605 259 3677 (ι)
277 3604 324 3660 On
342 3615 411 3676 peut
432 3622 461 3659 se
476 3604 546 3659 faire
568 3622 624 3658 une
644 3604 705 3659 ideo
722 3603 757 3659 dc
776 3623 820 3660 ces
839 3622 951 3678 ravages
970 3623 1020 3677 par
1037 3602 1063 3659 le
1082 3606 1155 3659 recit
1173 3602 1248 3678 qu'oe

183 3704 282 3748 trouve
295 3693 364 3748 dans
378 3693 404 3749 le
418 3693 567 3748 cartulaire
580 3691 615 3748 de
628 3692 655 3748 la
670 3694 893 3749 sainte-Triuiae
906 3693 941 3748 de
955 3694 1030 3749 Caen
1045 3692 1250 3768 (bibliotheque

184 3781 303 3854 lloyale,
323 3781 409 3853 5ffio)
427 3782 463 3837 de
480 3802 550 3837 ceux
567 3785 664 3857 qu'eut
679 3786 694 3837 a
711 3785 823 3839 soulfrir
839 3794 912 3839 cette
926 3782 1031 3857 abbaye
1046 3782 1082 3838 de
1096 3782 1123 3839 la
1136 3793 1198 3858 part
1208 3781 1248 3837 do

182 3871 286 3927 voisins
304 3870 340 3926 de
357 3889 399 3926 ses
416 3871 570 3927 demaines.
590 3874 640 3929 Les
659 3873 722 3946 plus
739 3874 841 3946 grands
859 3874 1003 3947 seigneuis
1018 3872 1059 3927 du
1075 3893 1160 3948 pays:
1174 3872 1247 3930 Guil-

184 3959 290 4026 laume,
304 3969 397 4014 comte
408 3949 559 4028 d’l'lvreux,
573 3961 698 4016 Ricbard
709 3962 745 4017 de
756 3963 874 4031 Courci,
887 3961 994 4017 Robert
1003 3962 1137 4031 Bertran,
1152 3961 1247 4018 namt

79 4048 85 4057 '
184 4048 220 4104 de
235 4047 378 4115 blonbrai,
392 4059 420 4103 et
430 4050 562 4124 jusqu'au
572 4052 669 4125 prince
684 4053 772 4108 Henri
786 4051 944 4117 lui-meme,
962 4051 1100 4107 n’avaient
1110 4068 1159 4126 pas
1171 4052 1246 4107 hans

183 4138 219 4196 (le
232 4138 355 4216 prendre
367 4150 430 4214 part
442 4143 457 4195 t
471 4159 515 4196 ces
527 4141 721 4199 devastatione.
