2888 4934
297 395 384 456 558¹
507 392 691 457 HlSTORlA
714 390 1024 453 Ecctutltstlct.
1049 397 1277 473 [xxvrrnsnnn
1293 398 1381 476 1098]

297 542 373 615 ret,
389 550 470 598 suos
487 549 556 623 pro
574 541 677 598 certo
700 539 885 622 superatos
904 525 1032 611 sciret,
1051 540 1088 597 et
1106 525 1171 597 ille
1188 528 1378 601 confestim

294 642 379 717 dato
400 643 524 742 signo,
543 642 684 742 suisque
708 641 877 715 omnibus
902 639 1069 731 sublatis,
1095 642 1313 735 recederet,
1336 671 1377 719 ne

296 763 390 835 lorte
406 761 577 860 populus,
603 762 665 861 qui
686 787 770 834 cum
791 784 836 832 eo
851 776 947 849 erat,
964 761 1085 859 vulin
1108 762 1374 863 papilionibus,

299 896 394 954 totus
413 878 607 978 deperiret.
627 878 765 951 Deinde
782 894 825 950 ut
839 879 930 952 acies
949 874 1153 969 ordinatas,
1174 895 1214 953 et
1228 883 1377 980 majores

296 1026 403 1100 quarn
418 997 580 1072 audierat
596 999 714 1096 copias
734 996 841 1087 vidit,
860 1022 904 1070 ex
919 995 1094 1071 industria
1110 997 1250 1098 pedem
1263 1001 1376 1099 paula·

295 1119 362 1191 tim
378 1117 422 1190 ad
441 1135 612 1190 montana
633 1113 819 1189 retrahere
835 1117 970 1215 coepit3
993 1131 1054 1205 ut,
1079 1141 1142 1191 eos
1161 1118 1293 1218 lugere
1310 1146 1374 1219 pn·

296 1252 423 1318 tentes,
438 1235 566 1309 Franci
581 1235 785 1334 praecipites
801 1235 1091 1335 insequerentur,
1105 1251 1144 1310 et
1155 1236 1210 1310 ob
1224 1235 1262 1310 id
1275 1261 1373 1312 exor-

295 1354 428 1441 dinati,
443 1354 579 1426 facilins
597 1352 828 1426 lederentur.
842 1355 968 1445 Tune,
986 1380 1070 1427 eum
1082 1354 1178 1428 nihil
1196 1357 1246 1428 ita
1262 1355 1373 1455 proli-

297 1488 440 1567 cerent,
470 1471 664 1571 disgregati
699 1487 785 1543 sunt
818 1469 864 1543 ab
898 1471 1068 1544 invicem.
1105 1473 1195 1545 Pars
1232 1502 1252 1545 a
1285 1474 1373 1546 mari

296 1588 483 1677 veniebat3
508 1588 568 1661 alii
593 1586 736 1660 stabunt
759 1588 796 1659 in
816 1587 915 1674 loco,
935 1603 1120 1685 sperantes
1138 1589 1327 1663 includere
1342 1616 1375 1662 se

296 1731 397 1803 posse
420 1704 656 1777 Christianos.
683 1703 733 1775 At
755 1705 883 1776 Franci
903 1727 947 1776 ex
966 1705 1041 1776 acie
1063 1704 1262 1778 Godelredi
1280 1705 1375 1781 ducis

295 1838 330 1893 et
348 1820 524 1895 liodberti
552 1821 754 1895 Normanni
783 1837 924 1919 partem
951 1839 1245 1920 assumpserunt,
1270 1850 1373 1924 quam

294 1940 580 2012 uciemoetavam
592 1954 809 2026 statuerunt,
823 1939 937 2012 etillis
949 1939 1144 2040 quemdam
1157 1941 1372 2015 Rainaldum

294 2057 534 2155 praefecerunt
540 2085 551 2146 ;
572 2057 634 2158 qui
649 2054 880 2128 venientibus
893 2082 913 2128 a
929 2059 1019 2128 mari
1035 2056 1237 2156 gentilibus
1250 2057 1371 2131 obvia-

294 2191 439 2248 verunt.
459 2175 568 2248 Turci
587 2198 675 2247 vero
699 2175 735 2245 in
757 2199 817 2246 eos
840 2172 1017 2248 instanter
1032 2175 1314 2273 preliabantur,
1338 2191 1370 2249 et

295 2291 430 2364 multos
447 2315 492 2362 ex
511 2290 580 2362 illis
599 2290 878 2388 sagittaverunt,
898 2290 957 2362 vel
971 2288 1145 2390 quaelibet
1161 2291 1232 2364 alia
1248 2291 1368 2365 mortis

296 2429 426 2504 genera
436 2405 596 2478 letaliter
606 2406 821 2478 intulerunt.
835 2403 929 2478 Aliae
938 2405 1234 2481 Christianorum
1245 2420 1366 2481 nume

295 2523 559 2597 ordinaverunt
584 2549 620 2597 se
645 2521 871 2597 extendendo
899 2551 918 2594 a
945 2525 1035 2596 nrari
1065 2522 1246 2624 usquead
1269 2551 1365 2598 mon-

295 2658 377 2716 tana
386 2644 455 2741 (r);
464 2641 562 2744 quod
576 2642 812 2716 interstitium
822 2643 920 2741 qnasi
932 2641 1089 2716 duorum
1096 2660 1178 2715 erut
1190 2645 1366 2716 milliario

295 2787 391 2832 rum.
412 2760 442 2831 A
461 2762 642 2833 montanis
660 2777 697 2833 et
714 2788 732 2831 a
748 2760 842 2831 mari
859 2761 1033 2859 sagaciter
1049 2760 1237 2834 instabant
1249 2762 1364 2846 Turni,

295 2878 516 2951 Christianos
535 2879 876 2978 circumcingentes,
898 2895 934 2951 et
949 2902 1009 2950 eos
1024 2877 1186 2979 undique
1204 2880 1366 2952 infestan-

296 3010 361 3066 tes.
386 2995 498 3081 Eece,
530 2995 607 3067 Deo
633 2996 784 3094 gratias,
804 2993 850 3065 ab
878 2996 961 3094 ipsis
988 2997 1172 3068 montanis
1199 2997 1296 3069 risus
1319 3011 1364 3067 est

294 3113 392 3185 exire
409 3114 588 3185 exereitus
612 3111 907 3198 innumerabilis,
927 3110 1017 3184 albis
1034 3114 1136 3212 equis
1155 3112 1361 3201 insidentes,

292 3246 329 3302 et
348 3231 384 3302 in
403 3230 568 3302 manibus
585 3228 735 3301 candida
753 3229 883 3302 vexilla
898 3230 1149 3327 preferentes!
1167 3231 1248 3305 Hoc
1265 3232 1362 3304 multi

293 3567 437 3637 beartcoup
451 3564 514 3636 plus
527 3562 636 3617 naturel
649 3561 684 3616 de
697 3580 728 3615 ce
744 3562 789 3616 seu
807 3563 859 3616 mis
874 3580 927 3616 aux
942 3561 1051 3616 herbes.
1067 3562 1184 3617 Suivant
1196 3582 1266 3630 eux,
1282 3584 1313 3618 ce
1327 3565 1365 3619 lut

293 3675 355 3711 sans
369 3655 600 3728 premeditatiou,
616 3664 644 3708 et
660 3672 731 3725 pour
744 3653 849 3708 arrietes
862 3651 1059 3726 l'irnpc'tuosite'
1072 3651 1107 3707 de
1121 3652 1148 3705 la
1162 3638 1310 3727 poumuitc
1321 3656 1365 3710 des

292 3748 410 3813 croises,
424 3764 479 3818 que
492 3744 531 3799 les
545 3743 718 3799 lllnsulnraus
730 3755 830 3798 eureut
843 3761 956 3798 reeours
968 3747 983 3797 a
995 3752 1040 3797 eet
1053 3743 1213 3816 expedient.
1243 3799 1245 3801 ,

329 3838 338 3906 (
345 3839 367 3905 r)
383 3838 431 3890 Les
443 3845 606 3907 montagues
619 3834 732 3901 Noires,
747 3834 855 3888 suivant
864 3833 1026 3889 Guillaurne
1037 3833 1072 3888 de
1085 3834 1154 3907 Tyr.
1165 3836 1244 3891 C'est
1254 3836 1280 3891 le
1292 3846 1368 3891 mont

295 3927 403 3980 Pie'rins
419 3927 467 3980 des
485 3927 611 3991 enciens,
629 3945 684 3999 que
698 3925 737 3979 les
752 3925 856 3980 Arabes
870 3923 1011 3998 appellent
1025 3923 1209 3996 auj0urd'hui
1227 3927 1365 3982 Gebel-el-

294 4013 587 4089 llamarlmontagnes
596 4016 738 4088 Rouges)‚
753 4027 782 4071 ct
794 4015 859 4071 d’oh
873 4015 1052 4089 s'echappeut
1066 4027 1127 4089 sept
1140 4017 1245 4090 petites
1259 4020 1367 4074 ririeres

294 4126 331 4160 ou
346 4116 481 4171 torrenta,
497 4107 544 4178 qui
559 4117 625 4161 vont
639 4117 730 4161 tontes
743 4126 771 4162 se
784 4107 857 4177 jeter
870 4106 937 4160 dans
952 4105 1091 4162 l'Oronte.
1105 4107 1129 4185 ll
1143 4117 1186 4162 est
1200 4109 1276 4163 situe'
1289 4113 1303 4163 h
1316 4125 1367 4162 une

294 4201 381 4252 heure
394 4196 429 4250 de
442 4196 564 4250 distance
578 4195 755 4253 d'llntioehe.
