2888 4934
183 475 306 555 [1084]
559 467 671 529 ttBEtt
692 466 893 527 SEPTIMUS.
1204 468 1262 525 179

246 605 307 677 Sic
325 605 455 675 iratum
470 600 597 672 ducem
613 599 704 696 Papa
722 597 863 685 lenivit,
886 611 1101 695 acceptoque
1115 596 1264 668 consilio

184 723 243 798 de
261 738 365 796 turre
377 719 578 791 Crescentis
596 740 678 789 cum
695 716 791 787 clero
810 715 948 812 sequaci
966 715 1094 798 exivit,
1111 728 1146 783 et
1157 712 1266 785 comi-

191 857 301 915 tante
322 838 412 912 duce
437 863 520 911 cum
544 833 660 906 valida
680 859 790 905 manu
813 832 956 917 ductus,
984 830 1114 936 Albam
1140 829 1263 901 adivit.

192 960 304 1032 Hanc
322 959 439 1056 itaque
452 953 578 1026 urbem
594 953 764 1024 Ascanius
778 951 906 1039 Julius,
923 950 1046 1020 AEneae
1063 948 1168 1034 lilius,
1183 972 1268 1019 con-

196 1074 315 1165 didit,
332 1089 368 1146 et
382 1071 638 1145 Constantinus
653 1067 831 1166 Augustus
845 1083 967 1140 saneto
979 1067 1151 1139 Silvestro
1164 1066 1268 1163 Papae

199 1189 315 1264 dedit.
332 1189 414 1260 Dux
426 1204 544 1259 autem
561 1186 752 1283 apostolica
766 1182 1014 1256 benedictione
1025 1197 1185 1281 accepta,
1203 1183 1271 1253 iter

202 1308 247 1382 ad
262 1332 361 1380 mare
377 1305 606 1393 acceleravit,
625 1320 661 1376 et
679 1320 777 1374 trans
798 1318 951 1400 pontum
971 1318 1086 1374 coetus
1102 1327 1182 1373 suos
1197 1301 1270 1372 ses-

203 1423 379 1511 tinanter‚
396 1439 435 1494 ut
449 1422 498 1494 eis
511 1423 713 1521 juraverat,
733 1419 880 1517 expetiit
898 1420 912 1516 (
936 1419 965 1515 ).

254 1541 394 1611 Interea
422 1535 569 1609 callidus
594 1537 791 1633 imperator
813 1533 1046 1621 Graecorum,
1065 1549 1107 1604 ut
1130 1531 1272 1605 Rober-

206 1672 286 1729 tum
306 1654 431 1727 adiisse
451 1655 589 1725 ltaliam
606 1652 795 1752 cognovit,
814 1668 912 1724 ratus
932 1649 1029 1751 quod
1043 1650 1273 1724 Normannos

204 1771 353 1846 absente
375 1771 463 1844 duce
479 1770 666 1844 destitutos
687 1769 876 1843 debilitare
893 1786 1032 1869 posset,
1059 1769 1270 1858 insurrexit,

205 1890 339 1962 multas
362 1888 528 1963 cohortes
547 1888 733 1976 adunavit,
759 1905 794 1960 et
813 1890 946 1961 invitos
964 1887 1006 1960 ad
1024 1887 1160 1960 bellum
1183 1886 1275 1959 Nor-

206 2032 360 2081 mannos
370 2009 499 2107 coegit.
515 2007 712 2079 Commisso
724 2022 841 2079 autem
856 2007 984 2104 praelio
1001 2005 1201 2078 Normanni
1216 2004 1275 2078 de-

206 2125 298 2200 biles
319 2127 357 2198 in
376 2126 501 2224 primis
514 2126 647 2223 reperti
664 2140 766 2213 sunt,
788 2142 823 2196 et
837 2125 959 2196 multis
971 2149 1015 2196 ex
1032 2123 1143 2197 causis
1157 2123 1193 2194 in
1209 2122 1277 2194 ini·

180 2232 264 2315 ιῑὶο
290 2243 495 2316 certaminis
523 2242 661 2330 territi,
685 2258 720 2313 et
748 2267 840 2339 pene
872 2241 957 2315 victi
985 2258 1081 2313 sunt.
1114 2240 1208 2312 Nam
1236 2257 1276 2312 ut

207 2361 426 2459 paucitatem
440 2361 514 2449 sui,
532 2376 569 2432 et
582 2358 778 2432 absentiam
794 2360 966 2433 fortunati
985 2358 1103 2448 ducis,
1124 2375 1160 2431 et
1175 2358 1276 2430 mul-

207 2475 401 2550 titudinem
432 2476 586 2549 hostium
613 2476 900 2575 perpenderunt,
928 2502 1020 2575 pene
1048 2479 1168 2576 sugam
1194 2491 1277 2549 ante

205 2618 367 2692 pugnam
389 2594 560 2665 inierunt.
589 2593 657 2666 Sed
680 2620 763 2666 cum
786 2593 1014 2666 buamundus
1038 2595 1076 2665 in
1106 2592 1276 2666 conllictu

205 2732 292 2784 cum
312 2709 440 2782 turmis
456 2711 526 2783 suis
542 2711 711 2783 vacillans
735 2710 948 2808 trepidaret,
964 2727 1001 2783 et
1021 2711 1146 2782 anxius
1162 2710 1276 2781 Deum
1386 2702 1388 2707 ¹

206 2850 253 2900 ex
270 2826 378 2900 corde
396 2829 597 2916 invocaret,
614 2827 745 2899 divinae
763 2830 902 2925 pietatis
920 2829 1092 2900 auxilium
1107 2827 1225 2918 all'uit,
1242 2843 1278 2900 et

204 2962 280 3015 vox
298 2941 539 3042 hujuscemodi
558 2941 711 3041 desuper
732 2943 889 3016 intonuit
908 2973 917 3014 :
933 2943 1171 3034 Buamunde,
1188 2945 1280 3044 quid

207 3055 676 3156 agisPPra’liarefhrtiter.
702 3059 802 3131 Nam
826 3058 905 3147 ille,
928 3062 995 3158 qui
1013 3077 1153 3160 patrem
1176 3078 1276 3132 tarum

199 3173 321 3273 juvit,
341 3190 372 3246 te
384 3176 552 3246 similiter
566 3176 771 3276 ocljrwobit,
791 3178 876 3248 siin
894 3177 957 3249 illo
972 3179 1273 3277 confisussueris‚

205 3295 312 3389 eique
312 3291 480 3392 fideliter
488 3293 709 3365 militaveris.
725 3293 799 3365 Hac
812 3318 898 3366 voce
911 3294 1111 3367 Normanni
1127 3296 1276 3366 recreati

209 3459 493 3470 ...—·-—-.-.....-.-
499 3461 567 3467 .....-
584 3461 673 3468 .---...

208 3537 290 3612 pire
304 3537 362 3592 vn
376 3536 411 3591 de
424 3539 523 3608 jamais
536 3556 563 3591 se
574 3538 648 3609 jeter
665 3556 718 3593 aux
734 3538 812 3610 pleds
832 3537 866 3592 de
884 3556 1029 3611 personne.
1049 3539 1089 3593 Ce
1109 3538 1153 3594 lut
1169 3538 1275 3594 Robert

205 3625 260 3699 qui
271 3626 329 3697 prit
342 3635 414 3680 cette
429 3636 542 3697 posture
556 3626 580 3680 la
594 3627 731 3699 premiere
743 3627 796 3681 lois
811 3626 893 3701 qu'ils
906 3644 935 3680 se
948 3628 1053 3695 virent,
1069 3630 1085 3681 a
1098 3629 1224 3702 Aquino,
1240 3648 1275 3683 au

207 3716 281 3770 mois
294 3713 329 3768 de
338 3715 402 3786 juin
420 3716 494 3770 1080.

242 3805 284 3875 (ι)
295 3804 331 3859 Le
344 3803 399 3858 duc
412 3824 447 3860 ne
458 3805 599 3860 conduisit
611 3823 659 3878 pas
671 3806 810 3880 Gregoire
825 3810 840 3860 ὶι
854 3806 975 3874 Albano,
990 3807 1060 3862 mais
1072 3806 1091 3862 il
1105 3807 1130 3862 le
1144 3807 1223 3865 laissa
1239 3829 1274 3863 au

207 3892 294 3968 pelais
306 3893 342 3948 de
359 3896 467 3949 Latran.
487 3896 510 3950 ll
527 3915 562 3950 ne
578 3897 663 3969 partit
679 3895 826 3952 lui-meme
841 3916 914 3970 pour
929 3897 1042 3971 l’lllyrie
1059 3900 1142 3972 qu'an
1155 3903 1226 3956 mois
1240 3901 1274 3956 de

207 3985 378 4056 septembre.
397 3986 535 4058 Gre'goire
552 3987 608 4041 Vll
626 4006 641 4041 a
659 3987 724 4041 bien
743 3988 870 4059 sejourue'
883 3991 898 4042 a
911 3988 1033 4054 Albano,
1048 3991 1116 4045 rnais
1134 3992 1226 4047 c’etait
1239 4002 1273 4047 e'u

210 4079 295 4148 1074,
311 4075 437 4150 lorsqu’il
449 4095 477 4131 se
492 4077 600 4132 reudait
614 4097 648 4132 an
668 4080 747 4133 Mont
764 4080 859 4134 Cassin
879 4090 907 4135 et
923 4084 938 4135 a
955 4083 1077 4155 Capoue.
1091 4083 1114 4138 Il
1133 4087 1220 4140 arriva
1238 4106 1272 4141 au

206 4167 291 4224 Hom
305 4168 400 4222 cassin
415 4167 482 4222 dans
497 4169 522 4223 le
534 4172 604 4225 mois
616 4170 718 4236 dauni,
733 4181 761 4226 et
773 4191 808 4226 ue
821 4173 905 4245 partit
919 4173 1073 4249 deCapoue
1085 4195 1155 4248 pour
1166 4179 1274 4233 revenir

204 4261 221 4312 a
238 4258 328 4312 Rome
344 4259 426 4331 qu’an
440 4258 534 4313 milieu
550 4259 584 4314 de
601 4262 757 4316 novembre.
