2888 4934
115 427 234 502 noea]
488 419 605 481 tisun
626 420 829 482 sentinus.
1136 426 1189 484 191

110 556 231 629 labor
254 578 457 627 cormeum
479 561 601 651 angit,
622 555 812 654 praecipue
829 577 898 651 pro
921 553 1082 625 ecclesiis
1102 553 1193 642 Dei,

104 697 221 771 quas
238 670 385 772 afflixit.
405 669 599 741 Christiani
619 695 741 768 reges,
761 671 825 766 qui
845 685 929 740 ante
951 695 1007 739 me
1025 694 1196 766 regnave-

103 805 231 876 runt,
254 786 463 860 Ecclesiam
480 786 553 856 Dei
570 800 802 873 amaverunt,
819 783 1010 855 honoribus
1026 800 1059 855 et
1077 791 1197 860 seniis

102 903 237 976 multi
253 905 395 1003 generis
412 902 744 1002 locupletaverunt;
767 902 863 973 unde
886 929 1004 992 nunc,
1028 920 1066 973 ut
1083 905 1197 976 credi·

104 1047 231 1112 mus,
252 1022 292 1093 in
303 1045 450 1093 amoena
465 1020 549 1095 sede
551 1018 668 1118 felici
681 1018 909 1092 retributione
921 1020 1125 1118 gaudentes
1141 1046 1197 1092 re-

107 1142 332 1239 quiescunt.
366 1138 582 1212 Adelbertus
612 1154 646 1209 et
675 1138 842 1211 Edvinus
870 1165 918 1210 nc
943 1154 1092 1217 sanctus
1126 1138 1197 1211 Os·

107 1257 291 1346 waldus,
327 1255 504 1355 Atltulsus
533 1284 579 1329 ac
604 1255 806 1356 siffredus,
843 1256 1051 1331 Edwardus
1081 1263 1201 1330 senior

108 1392 155 1447 et
175 1373 383 1474 Edgartls,
406 1392 653 1473 cognatusque
671 1401 770 1447 meus
790 1392 823 1446 et
842 1376 1051 1447 carissimus
1077 1373 1200 1446 domi-

108 1518 198 1564 nus
214 1479 428 1568 Educatus
447 1492 624 1565 dederunt
639 1519 726 1593 opes
743 1492 922 1564 Ecclesia
940 1507 1095 1581 sanctie,
1117 1517 1200 1591 qum

110 1625 181 1683 est
198 1634 338 1711 sponsa
349 1611 432 1682 Dei.
449 1612 502 1683 Et
502 1607 633 1707 frater
644 1637 742 1683 meus
749 1667 761 1698 ,
787 1614 848 1683 cui
867 1611 976 1692 totius
990 1617 1094 1709 regni
1110 1625 1199 1683 tute·

113 1731 206 1800 lam
234 1727 499 1816 commendavi,
525 1727 700 1800 uiolenter
712 1754 796 1829 opes
820 1729 991 1826 diripuit,
1011 1727 1202 1800 crudeliter

108 1871 309 1946 pauperes
322 1850 499 1949 oppressit
504 1902 517 1935 ,
522 1844 667 1944 frivola
679 1874 741 1945 spe
753 1845 884 1917 milites
902 1843 989 1916 milti
1008 1847 1197 1946 surripuit,

117 1978 313 2062 totumque
344 1988 495 2062 regnum
521 1965 668 2062 injustis
704 1962 957 2035 euactionibits
992 1964 1199 2036 concutiens

118 2079 352 2177 exagitavit.
373 2079 478 2178 Quid
488 2079 769 2176 indeagendum
781 2082 828 2152 sit
838 2095 944 2151 caute
956 2080 1197 2170 considerate,

123 2211 163 2266 et
178 2194 288 2286 milti,
303 2223 440 2297 quasa,
461 2198 655 2269 insinuate.

177 2311 342 2412 Cumque
357 2338 482 2386 omncs
496 2330 636 2386 tantum
654 2315 774 2386 virum
789 2315 976 2406 timerent,
995 2331 1031 2388 et
1053 2330 1200 2388 senten-

126 2427 217 2500 tiam
243 2429 282 2500 in
304 2430 408 2502 iilum
428 2432 592 2529 proferre
616 2429 843 2519 dubitarent,
864 2433 1114 2531 magnanimus
1136 2457 1200 2505 rex

130 2545 205 2616 ait:
226 2545 357 2620 Nouia
381 2551 560 2620 temeritas
583 2575 726 2649 semper
748 2548 1020 2647 comprimenda
1036 2566 1105 2637 est,
1135 2572 1201 2620 nec

133 2664 194 2734 asni
205 2663 260 2735 ad
273 2662 525 2737 detrimentum
540 2665 750 2765 reipublicce
758 2692 829 2766 pro
842 2665 968 2763 aliquo
965 2661 1104 2762 favore
1111 2691 1202 2765 pur

131 2777 287 2851 cendum
311 2796 376 2852 est.
407 2781 520 2854 Hunc
544 2807 629 2877 ergo
653 2784 771 2852 uirum
780 2837 793 2868 ,
820 2782 886 2877 qui
902 2796 1032 2851 terram
1059 2778 1198 2866 turbat,

133 2895 421 2999 comprehendite
425 2931 442 2982 ;
460 2916 513 2986 et,
533 2923 578 2968 ne
595 2901 633 2968 in
647 2895 806 2968 deterius
816 2895 1036 2997 praevaleat,
1055 2894 1205 2969 solerter

132 3012 312 3086 custodite.
330 3014 492 3113 Cumque
517 3014 638 3086 nullus
661 3015 697 3086 in
720 3013 928 3113 episcopum
954 3013 1101 3086 auderet
1118 3013 1202 3114 inji-

133 3155 211 3204 cere
227 3157 395 3220 manum,
416 3157 480 3204 rex
498 3133 573 3230 ipse
595 3132 735 3231 primus
752 3130 991 3232 apprehendit
1016 3156 1111 3204 eum.
1132 3131 1201 3204 lllo

134 3265 248 3323 autem
266 3250 507 3324 reclamante:
528 3250 692 3324 Clericus
707 3278 803 3341 sum,
818 3267 852 3323 et
862 3253 1024 3323 minister
1034 3252 1181 3324 Domini
1186 3281 1201 3335 ;

135 3392 203 3439 non
232 3367 315 3441 licet
333 3369 546 3471 pontificem
575 3368 754 3441 damnare
779 3374 858 3442 sine
879 3369 1027 3469 judicio
1052 3374 1175 3467 Papce
1183 3399 1201 3454 ,-

136 3483 303 3580 providus
321 3510 386 3558 rex
403 3487 454 3558 ait
477 3516 487 3557 z
511 3487 595 3586 Ego
619 3513 692 3559 raon
719 3485 889 3559 clericum
913 3510 980 3556 nec
1004 3484 1200 3556 antistitem

138 3594 285 3691 damno,
304 3600 371 3685 sed
386 3603 553 3675 comitem
567 3628 686 3674 meum
705 3603 756 3698 (s)
765 3659 778 3692 ,
799 3628 904 3701 quem
921 3624 1000 3671 meo
1020 3604 1103 3671 nice
1120 3625 1203 3671 mea

137 3721 315 3820 praeposui
331 3746 440 3818 regno
448 3776 459 3808 ,
479 3721 655 3790 rationem
676 3721 874 3792 commissae
886 3717 1124 3815 villicationis
1138 3743 1204 3788 ctu⁴

142 3832 210 3906 dire
226 3836 354 3910 volens
368 3835 645 3936 comprehendo.

182 3952 237 4025 Sic
271 3955 368 4054 regia
399 3970 554 4053 potestas
581 3954 770 4053 praeiatum
801 3954 991 4052 praesulem
1018 3952 1130 4049 cepit,
1165 3951 1202 4022 in

1062 4115 1200 4128 ......—-

172 4192 208 4258 (1)
219 4192 318 4247 Comte
331 4194 366 4247 de
379 4195 461 4248 Kent,
