<?xml version="1.0" encoding="UTF-8"?>
<!DOCTYPE html PUBLIC "-//W3C//DTD XHTML 1.0 Transitional//EN"
    "http://www.w3.org/TR/xhtml1/DTD/xhtml1-transitional.dtd">
<html xmlns="http://www.w3.org/1999/xhtml" xml:lang="en" lang="en">
 <head>
  <title>
</title>
<meta http-equiv="Content-Type" content="text/html;charset=utf-8" />
  <meta name='ocr-system' content='tesseract 3.04.00' />
  <meta name='ocr-capabilities' content='ocr_page ocr_carea ocr_par ocr_line ocrx_word'/>
</head>
<body>
  <div class='ocr_page' id='page_1' title='image "./ordericivitalis05deligoog_0167.png"; bbox 0 0 2888 4934; ppageno 0'>
   <div class='ocr_carea' id='block_1_1' title="bbox 189 416 1248 496">
    <p class='ocr_par' dir='ltr' id='par_1_1' title="bbox 189 416 1248 496">
     <span class='ocr_line' id='line_1_1' title="bbox 189 416 1248 496; baseline 0.001 -18"><span class='ocrx_word' id='word_1_1' title='bbox 189 422 245 480; x_wconf 83' lang='lat'>156</span> <span class='ocrx_word' id='word_1_2' title='bbox 456 416 638 475; x_wconf 77' lang='lat' dir='ltr'>lllSTOlllA</span> <span class='ocrx_word' id='word_1_3' title='bbox 660 416 959 479; x_wconf 70' lang='lat' dir='ltr'>uecttstnssscn.</span> <span class='ocrx_word' id='word_1_4' title='bbox 1032 420 1248 496; x_wconf 72' lang='lat'>[1002-10121</span> 
     </span>
    </p>
   </div>
   <div class='ocr_carea' id='block_1_2' title="bbox 184 527 1296 1459">
    <p class='ocr_par' dir='ltr' id='par_1_2' title="bbox 185 527 1296 1110">
     <span class='ocr_line' id='line_1_2' title="bbox 234 527 1237 647; baseline 0.001 -27"><span class='ocrx_word' id='word_1_5' title='bbox 234 549 342 620; x_wconf 80' lang='lat' dir='ltr'>Anno</span> <span class='ocrx_word' id='word_1_6' title='bbox 352 547 497 619; x_wconf 88' lang='lat' dir='ltr'>Domini</span> <span class='ocrx_word' id='word_1_7' title='bbox 508 561 597 635; x_wconf 61' lang='grc' dir='ltr'>ΜΨ,</span> <span class='ocrx_word' id='word_1_8' title='bbox 612 545 703 621; x_wconf 91' lang='lat' dir='ltr'>obiit</span> <span class='ocrx_word' id='word_1_9' title='bbox 713 527 913 638; x_wconf 83' lang='lat' dir='ltr'>Hainricus,</span> <span class='ocrx_word' id='word_1_10' title='bbox 924 547 996 620; x_wconf 87' lang='lat' dir='ltr'>dux</span> <span class='ocrx_word' id='word_1_11' title='bbox 1004 547 1237 647; x_wconf 80' lang='lat' dir='ltr'>Burgundiae,</span> 
     </span>
     <span class='ocr_line' id='line_1_3' title="bbox 185 663 1244 764; baseline 0.001 -27"><span class='ocrx_word' id='word_1_12' title='bbox 185 667 260 737; x_wconf 91' lang='lat' dir='ltr'>sine</span> <span class='ocrx_word' id='word_1_13' title='bbox 274 663 373 752; x_wconf 88' lang='lat' dir='ltr'>liliis,</span> <span class='ocrx_word' id='word_1_14' title='bbox 392 663 724 763; x_wconf 79' lang='lat' dir='ltr'>rebellaveruntque</span> <span class='ocrx_word' id='word_1_15' title='bbox 741 665 1011 764; x_wconf 78' lang='lat' dir='ltr'>Burgundiones</span> <span class='ocrx_word' id='word_1_16' title='bbox 1032 682 1161 741; x_wconf 80' lang='lat' dir='ltr'>contra</span> <span class='ocrx_word' id='word_1_17' title='bbox 1178 691 1244 738; x_wconf 84' lang='lat' dir='ltr'>ne-</span> 
     </span>
     <span class='ocr_line' id='line_1_4' title="bbox 185 778 1244 880; baseline 0 -27"><span class='ocrx_word' id='word_1_18' title='bbox 185 805 265 880; x_wconf 90' lang='lat' dir='ltr'>gem</span> <span class='ocrx_word' id='word_1_19' title='bbox 293 778 536 868; x_wconf 83' lang='lat' dir='ltr'>Rodbertum‚</span> <span class='ocrx_word' id='word_1_20' title='bbox 560 780 720 852; x_wconf 85' lang='lat' dir='ltr'>nolentes</span> <span class='ocrx_word' id='word_1_21' title='bbox 752 805 834 852; x_wconf 92' lang='lat' dir='ltr'>eum</span> <span class='ocrx_word' id='word_1_22' title='bbox 863 781 1033 878; x_wconf 85' lang='lat' dir='ltr'>recipere.</span> <span class='ocrx_word' id='word_1_23' title='bbox 1058 782 1244 880; x_wconf 76' lang='lat' dir='ltr'>Ingressus</span> 
     </span>
     <span class='ocr_line' id='line_1_5' title="bbox 187 895 1296 996; baseline 0.004 -29"><span class='ocrx_word' id='word_1_24' title='bbox 187 896 304 996; x_wconf 90' lang='lat' dir='ltr'>itaque</span> <span class='ocrx_word' id='word_1_25' title='bbox 320 895 514 969; x_wconf 88' lang='lat' dir='ltr'>Landricus</span> <span class='ocrx_word' id='word_1_26' title='bbox 530 921 646 970; x_wconf 89' lang='lat' dir='ltr'>comes</span> <span class='ocrx_word' id='word_1_27' title='bbox 664 898 961 982; x_wconf 86' lang='lat' dir='ltr'>Autissiodorum,</span> <span class='ocrx_word' id='word_1_28' title='bbox 980 897 1096 970; x_wconf 91' lang='lat' dir='ltr'>tenuit</span> <span class='ocrx_word' id='word_1_29' title='bbox 1111 898 1242 972; x_wconf 79' lang='lat' dir='ltr'>eivita-</span> <span class='ocrx_word' id='word_1_30' title='bbox 1294 899 1296 903; x_wconf 72' lang='grc'>’</span> 
     </span>
     <span class='ocr_line' id='line_1_6' title="bbox 185 1013 338 1110; baseline 0 -27"><span class='ocrx_word' id='word_1_31' title='bbox 185 1013 285 1109; x_wconf 88' lang='lat' dir='ltr'>tem(</span> <span class='ocrx_word' id='word_1_32' title='bbox 309 1013 338 1110; x_wconf 87' lang='lat'>).</span> 
     </span>
    </p>

    <p class='ocr_par' dir='ltr' id='par_1_3' title="bbox 184 1127 1241 1459">
     <span class='ocr_line' id='line_1_7' title="bbox 232 1127 1240 1228; baseline 0.002 -29"><span class='ocrx_word' id='word_1_33' title='bbox 232 1127 339 1202; x_wconf 86' lang='lat' dir='ltr'>Anno</span> <span class='ocrx_word' id='word_1_34' title='bbox 352 1129 496 1202; x_wconf 87' lang='lat' dir='ltr'>Domini</span> <span class='ocrx_word' id='word_1_35' title='bbox 509 1144 550 1200; x_wconf 86' lang='lat' dir='ltr'>u⁰</span> <span class='ocrx_word' id='word_1_36' title='bbox 562 1144 628 1209; x_wconf 80' lang='lat'>111⁰,</span> <span class='ocrx_word' id='word_1_37' title='bbox 640 1127 842 1202; x_wconf 86' lang='lat' dir='ltr'>Rodbertus</span> <span class='ocrx_word' id='word_1_38' title='bbox 854 1155 932 1215; x_wconf 85' lang='lat' dir='ltr'>rex,</span> <span class='ocrx_word' id='word_1_39' title='bbox 950 1131 1136 1228; x_wconf 74' lang='lat' dir='ltr'>assumptis</span> <span class='ocrx_word' id='word_1_40' title='bbox 1149 1130 1240 1204; x_wconf 85' lang='lat' dir='ltr'>Nor·</span> 
     </span>
     <span class='ocr_line' id='line_1_8' title="bbox 184 1243 1240 1344; baseline 0.004 -29"><span class='ocrx_word' id='word_1_41' title='bbox 184 1243 323 1316; x_wconf 90' lang='lat' dir='ltr'>mannis</span> <span class='ocrx_word' id='word_1_42' title='bbox 345 1271 428 1318; x_wconf 91' lang='lat' dir='ltr'>cum</span> <span class='ocrx_word' id='word_1_43' title='bbox 454 1244 544 1319; x_wconf 89' lang='lat' dir='ltr'>duce</span> <span class='ocrx_word' id='word_1_44' title='bbox 569 1272 632 1319; x_wconf 91' lang='lat' dir='ltr'>suo</span> <span class='ocrx_word' id='word_1_45' title='bbox 658 1246 830 1336; x_wconf 84' lang='lat' dir='ltr'>Ricardo,</span> <span class='ocrx_word' id='word_1_46' title='bbox 856 1261 892 1317; x_wconf 91' lang='lat' dir='ltr'>et</span> <span class='ocrx_word' id='word_1_47' title='bbox 912 1244 1070 1318; x_wconf 85' lang='lat' dir='ltr'>exercitu</span> <span class='ocrx_word' id='word_1_48' title='bbox 1092 1245 1240 1344; x_wconf 80' lang='lat' dir='ltr'>copioso</span> 
     </span>
     <span class='ocr_line' id='line_1_9' title="bbox 184 1357 1241 1459; baseline 0.005 -29"><span class='ocrx_word' id='word_1_49' title='bbox 184 1357 302 1449; x_wconf 83' lang='lat' dir='ltr'>valde,</span> <span class='ocrx_word' id='word_1_50' title='bbox 322 1361 471 1434; x_wconf 82' lang='lat' dir='ltr'>vastavit</span> <span class='ocrx_word' id='word_1_51' title='bbox 486 1361 748 1459; x_wconf 88' lang='lat' dir='ltr'>Burgundiam,</span> <span class='ocrx_word' id='word_1_52' title='bbox 773 1360 936 1434; x_wconf 91' lang='lat' dir='ltr'>obsidens</span> <span class='ocrx_word' id='word_1_53' title='bbox 953 1359 1241 1435; x_wconf 85' lang='lat' dir='ltr'>Autissiodomm</span> 
     </span>
    </p>
   </div>
   <div class='ocr_carea' id='block_1_3' title="bbox 71 1475 1239 1576">
    <p class='ocr_par' dir='ltr' id='par_1_4' title="bbox 71 1475 1239 1576">
     <span class='ocr_line' id='line_1_10' title="bbox 71 1475 1239 1576; baseline 0.003 -29"><span class='ocrx_word' id='word_1_54' title='bbox 71 1488 75 1497; x_wconf 91' lang='lat'>&#39;</span> <span class='ocrx_word' id='word_1_55' title='bbox 181 1475 305 1550; x_wconf 90' lang='lat' dir='ltr'>diebus</span> <span class='ocrx_word' id='word_1_56' title='bbox 321 1477 456 1549; x_wconf 91' lang='lat' dir='ltr'>multis.</span> <span class='ocrx_word' id='word_1_57' title='bbox 480 1477 750 1576; x_wconf 81' lang='lat' dir='ltr'>Burgundiones</span> <span class='ocrx_word' id='word_1_58' title='bbox 768 1495 904 1564; x_wconf 90' lang='lat' dir='ltr'>autem,</span> <span class='ocrx_word' id='word_1_59' title='bbox 925 1476 1137 1551; x_wconf 88' lang='lat' dir='ltr'>nullomodo</span> <span class='ocrx_word' id='word_1_60' title='bbox 1154 1479 1186 1550; x_wconf 90' lang='lat' dir='ltr'>ei</span> <span class='ocrx_word' id='word_1_61' title='bbox 1203 1502 1239 1550; x_wconf 83' lang='lat' dir='ltr'>se</span> 
     </span>
    </p>
   </div>
   <div class='ocr_carea' id='block_1_4' title="bbox 182 1590 1238 2505">
    <p class='ocr_par' dir='ltr' id='par_1_5' title="bbox 183 1590 1238 2039">
     <span class='ocr_line' id='line_1_11' title="bbox 183 1590 1238 1690; baseline 0.001 -27"><span class='ocrx_word' id='word_1_62' title='bbox 183 1591 333 1665; x_wconf 89' lang='lat' dir='ltr'>subdere</span> <span class='ocrx_word' id='word_1_63' title='bbox 357 1592 544 1690; x_wconf 73' lang='lat' dir='ltr'>volentes,¹</span> <span class='ocrx_word' id='word_1_64' title='bbox 559 1595 777 1667; x_wconf 90' lang='lat' dir='ltr'>unanimiter</span> <span class='ocrx_word' id='word_1_65' title='bbox 798 1592 1007 1667; x_wconf 84' lang='lat' dir='ltr'>resistebant</span> <span class='ocrx_word' id='word_1_66' title='bbox 1022 1594 1067 1665; x_wconf 89' lang='lat' dir='ltr'>ei.</span> <span class='ocrx_word' id='word_1_67' title='bbox 1094 1590 1238 1666; x_wconf 80' lang='lat' dir='ltr'>Obsedit</span> 
     </span>
     <span class='ocr_line' id='line_1_12' title="bbox 183 1707 1237 1797; baseline 0.002 -18"><span class='ocrx_word' id='word_1_68' title='bbox 183 1733 270 1782; x_wconf 83' lang='lat' dir='ltr'>vero</span> <span class='ocrx_word' id='word_1_69' title='bbox 283 1707 493 1783; x_wconf 81' lang='lat' dir='ltr'>Avallonem</span> <span class='ocrx_word' id='word_1_70' title='bbox 505 1725 660 1783; x_wconf 88' lang='lat' dir='ltr'>castrum</span> <span class='ocrx_word' id='word_1_71' title='bbox 673 1710 787 1782; x_wconf 88' lang='lat' dir='ltr'>tribus</span> <span class='ocrx_word' id='word_1_72' title='bbox 796 1712 869 1783; x_wconf 87' lang='lat' dir='ltr'>sere</span> <span class='ocrx_word' id='word_1_73' title='bbox 881 1709 1075 1797; x_wconf 91' lang='lat' dir='ltr'>mensibus,</span> <span class='ocrx_word' id='word_1_74' title='bbox 1090 1724 1128 1781; x_wconf 91' lang='lat' dir='ltr'>et</span> <span class='ocrx_word' id='word_1_75' title='bbox 1137 1709 1237 1781; x_wconf 81' lang='lat' dir='ltr'>lamis</span> 
     </span>
     <span class='ocr_line' id='line_1_13' title="bbox 185 1826 1235 1927; baseline 0.002 -30"><span class='ocrx_word' id='word_1_76' title='bbox 185 1827 387 1899; x_wconf 76' lang='lat' dir='ltr'>necessitate</span> <span class='ocrx_word' id='word_1_77' title='bbox 403 1853 482 1899; x_wconf 92' lang='lat' dir='ltr'>eum</span> <span class='ocrx_word' id='word_1_78' title='bbox 502 1829 608 1926; x_wconf 87' lang='lat' dir='ltr'>cepit.</span> <span class='ocrx_word' id='word_1_79' title='bbox 629 1829 800 1927; x_wconf 86' lang='lat' dir='ltr'>Tuncque</span> <span class='ocrx_word' id='word_1_80' title='bbox 818 1853 979 1900; x_wconf 84' lang='lat' dir='ltr'>reversus</span> <span class='ocrx_word' id='word_1_81' title='bbox 995 1842 1046 1900; x_wconf 81' lang='lat' dir='ltr'>est</span> <span class='ocrx_word' id='word_1_82' title='bbox 1064 1827 1101 1899; x_wconf 92' lang='lat' dir='ltr'>in</span> <span class='ocrx_word' id='word_1_83' title='bbox 1121 1826 1235 1899; x_wconf 78' lang='lat' dir='ltr'>Fran-</span> 
     </span>
     <span class='ocr_line' id='line_1_14' title="bbox 184 1941 356 2039; baseline 0 -27"><span class='ocrx_word' id='word_1_84' title='bbox 184 1941 304 2039; x_wconf 87' lang='lat' dir='ltr'>eiam(</span> <span class='ocrx_word' id='word_1_85' title='bbox 330 1944 356 2037; x_wconf 89' lang='lat'>).</span> 
     </span>
    </p>

    <p class='ocr_par' dir='ltr' id='par_1_6' title="bbox 182 2057 1235 2505">
     <span class='ocr_line' id='line_1_15' title="bbox 231 2057 1234 2158; baseline 0 -30"><span class='ocrx_word' id='word_1_86' title='bbox 231 2057 377 2131; x_wconf 90' lang='lat' dir='ltr'>Mortuo</span> <span class='ocrx_word' id='word_1_87' title='bbox 401 2060 518 2158; x_wconf 89' lang='lat' dir='ltr'>itaque</span> <span class='ocrx_word' id='word_1_88' title='bbox 539 2058 762 2131; x_wconf 87' lang='lat' dir='ltr'>Frotmundo</span> <span class='ocrx_word' id='word_1_89' title='bbox 785 2058 915 2131; x_wconf 87' lang='lat' dir='ltr'>comite</span> <span class='ocrx_word' id='word_1_90' title='bbox 932 2059 1137 2142; x_wconf 90' lang='lat' dir='ltr'>Senonum,</span> <span class='ocrx_word' id='word_1_91' title='bbox 1155 2081 1234 2129; x_wconf 85' lang='lat' dir='ltr'>sac-</span> 
     </span>
     <span class='ocr_line' id='line_1_16' title="bbox 182 2173 1230 2274; baseline -0.005 -28"><span class='ocrx_word' id='word_1_92' title='bbox 182 2174 283 2246; x_wconf 89' lang='lat' dir='ltr'>cessit</span> <span class='ocrx_word' id='word_1_93' title='bbox 295 2175 327 2246; x_wconf 94' lang='lat' dir='ltr'>ei</span> <span class='ocrx_word' id='word_1_94' title='bbox 345 2175 540 2248; x_wconf 86' lang='lat' dir='ltr'>Rainardus</span> <span class='ocrx_word' id='word_1_95' title='bbox 553 2175 645 2247; x_wconf 91' lang='lat' dir='ltr'>filius</span> <span class='ocrx_word' id='word_1_96' title='bbox 660 2178 755 2274; x_wconf 88' lang='lat' dir='ltr'>ejus,</span> <span class='ocrx_word' id='word_1_97' title='bbox 778 2173 974 2247; x_wconf 91' lang='lat' dir='ltr'>infidelium</span> <span class='ocrx_word' id='word_1_98' title='bbox 987 2173 1230 2272; x_wconf 87' lang='lat' dir='ltr'>nequissimus.</span> 
     </span>
     <span class='ocr_line' id='line_1_17' title="bbox 182 2287 1235 2387; baseline 0 -28"><span class='ocrx_word' id='word_1_99' title='bbox 182 2289 249 2362; x_wconf 89' lang='lat' dir='ltr'>Hic</span> <span class='ocrx_word' id='word_1_100' title='bbox 260 2293 542 2387; x_wconf 87' lang='lat' dir='ltr'>persecutionem</span> <span class='ocrx_word' id='word_1_101' title='bbox 558 2292 679 2365; x_wconf 90' lang='lat' dir='ltr'>intulit</span> <span class='ocrx_word' id='word_1_102' title='bbox 696 2292 849 2365; x_wconf 89' lang='lat' dir='ltr'>eeclesiis</span> <span class='ocrx_word' id='word_1_103' title='bbox 862 2289 993 2362; x_wconf 85' lang='lat' dir='ltr'>Christi</span> <span class='ocrx_word' id='word_1_104' title='bbox 1005 2344 1015 2378; x_wconf 84' lang='lat'><strong>,</strong></span> <span class='ocrx_word' id='word_1_105' title='bbox 1028 2306 1065 2361; x_wconf 93' lang='lat' dir='ltr'>et</span> <span class='ocrx_word' id='word_1_106' title='bbox 1075 2287 1235 2361; x_wconf 84' lang='lat' dir='ltr'>fidelibus</span> 
     </span>
     <span class='ocr_line' id='line_1_18' title="bbox 182 2406 1235 2505; baseline 0.001 -31"><span class='ocrx_word' id='word_1_107' title='bbox 182 2406 272 2503; x_wconf 85' lang='lat' dir='ltr'>ejus,</span> <span class='ocrx_word' id='word_1_108' title='bbox 292 2421 423 2504; x_wconf 89' lang='lat' dir='ltr'>quanta</span> <span class='ocrx_word' id='word_1_109' title='bbox 442 2431 514 2480; x_wconf 94' lang='lat' dir='ltr'>non</span> <span class='ocrx_word' id='word_1_110' title='bbox 527 2423 579 2480; x_wconf 86' lang='lat' dir='ltr'>est</span> <span class='ocrx_word' id='word_1_111' title='bbox 596 2408 746 2480; x_wconf 79' lang='lat' dir='ltr'>auditae</span> <span class='ocrx_word' id='word_1_112' title='bbox 766 2423 925 2505; x_wconf 90' lang='lat' dir='ltr'>tempore</span> <span class='ocrx_word' id='word_1_113' title='bbox 936 2430 1160 2505; x_wconf 82' lang='lat' dir='ltr'>paganorum</span> <span class='ocrx_word' id='word_1_114' title='bbox 1177 2428 1235 2475; x_wconf 88' lang='lat' dir='ltr'>us-</span> 
     </span>
    </p>
   </div>
   <div class='ocr_carea' id='block_1_5' title="bbox 182 2520 1237 2841">
    <p class='ocr_par' dir='ltr' id='par_1_7' title="bbox 182 2520 1237 2841">
     <span class='ocr_line' id='line_1_19' title="bbox 182 2520 1237 2621; baseline 0 -29"><span class='ocrx_word' id='word_1_115' title='bbox 182 2546 251 2620; x_wconf 93' lang='lat' dir='ltr'>que</span> <span class='ocrx_word' id='word_1_116' title='bbox 270 2520 306 2593; x_wconf 93' lang='lat' dir='ltr'>in</span> <span class='ocrx_word' id='word_1_117' title='bbox 327 2521 540 2597; x_wconf 89' lang='lat' dir='ltr'>hodiernum</span> <span class='ocrx_word' id='word_1_118' title='bbox 562 2523 669 2597; x_wconf 83' lang='lat' dir='ltr'>diem.</span> <span class='ocrx_word' id='word_1_119' title='bbox 700 2522 996 2621; x_wconf 84' lang='lat' dir='ltr'>Archiepiseopus</span> <span class='ocrx_word' id='word_1_120' title='bbox 1016 2537 1137 2593; x_wconf 85' lang='lat' dir='ltr'>autem</span> <span class='ocrx_word' id='word_1_121' title='bbox 1153 2521 1237 2593; x_wconf 86' lang='lat' dir='ltr'>Leo·</span> 
     </span>
     <span class='ocr_line' id='line_1_20' title="bbox 183 2635 1237 2740; baseline -0.001 -32"><span class='ocrx_word' id='word_1_122' title='bbox 183 2635 350 2726; x_wconf 79' lang='lat' dir='ltr'>therinus,</span> <span class='ocrx_word' id='word_1_123' title='bbox 371 2640 477 2712; x_wconf 89' lang='lat' dir='ltr'>nimis</span> <span class='ocrx_word' id='word_1_124' title='bbox 493 2643 709 2740; x_wconf 80' lang='lat' dir='ltr'>angustiatus</span> <span class='ocrx_word' id='word_1_125' title='bbox 722 2666 791 2739; x_wconf 90' lang='lat' dir='ltr'>pro</span> <span class='ocrx_word' id='word_1_126' title='bbox 807 2640 871 2713; x_wconf 90' lang='lat' dir='ltr'>hac</span> <span class='ocrx_word' id='word_1_127' title='bbox 884 2664 937 2726; x_wconf 88' lang='lat' dir='ltr'>re,</span> <span class='ocrx_word' id='word_1_128' title='bbox 951 2663 1023 2738; x_wconf 93' lang='lat' dir='ltr'>quo</span> <span class='ocrx_word' id='word_1_129' title='bbox 1033 2663 1070 2710; x_wconf 86' lang='lat' dir='ltr'>se</span> <span class='ocrx_word' id='word_1_130' title='bbox 1083 2651 1237 2710; x_wconf 82' lang='lat' dir='ltr'>verteret</span> 
     </span>
     <span class='ocr_line' id='line_1_21' title="bbox 183 2754 1235 2841; baseline -0.004 -13"><span class='ocrx_word' id='word_1_131' title='bbox 183 2756 333 2830; x_wconf 89' lang='lat' dir='ltr'>omnino</span> <span class='ocrx_word' id='word_1_132' title='bbox 346 2757 534 2830; x_wconf 87' lang='lat' dir='ltr'>nesciebat.</span> <span class='ocrx_word' id='word_1_133' title='bbox 552 2759 685 2831; x_wconf 86' lang='lat' dir='ltr'>Totum</span> <span class='ocrx_word' id='word_1_134' title='bbox 698 2783 784 2830; x_wconf 90' lang='lat' dir='ltr'>vero</span> <span class='ocrx_word' id='word_1_135' title='bbox 793 2782 828 2829; x_wconf 91' lang='lat' dir='ltr'>se</span> <span class='ocrx_word' id='word_1_136' title='bbox 838 2756 986 2829; x_wconf 92' lang='lat' dir='ltr'>domino</span> <span class='ocrx_word' id='word_1_137' title='bbox 996 2754 1235 2841; x_wconf 86' lang='lat' dir='ltr'>committens,</span> 
     </span>
    </p>
   </div>
   <div class='ocr_carea' id='block_1_6' title="bbox 183 3016 1241 4072">
    <p class='ocr_par' dir='ltr' id='par_1_8' title="bbox 183 3016 1238 3251">
     <span class='ocr_line' id='line_1_22' title="bbox 183 3016 1238 3093; baseline -0.001 -20"><span class='ocrx_word' id='word_1_138' title='bbox 183 3021 336 3090; x_wconf 78' lang='lat' dir='ltr'>professeur</span> <span class='ocrx_word' id='word_1_139' title='bbox 347 3021 501 3091; x_wconf 87' lang='lat' dir='ltr'>Gerbert)‚</span> <span class='ocrx_word' id='word_1_140' title='bbox 517 3040 588 3093; x_wconf 92' lang='lat' dir='ltr'>pour</span> <span class='ocrx_word' id='word_1_141' title='bbox 604 3021 772 3074; x_wconf 77' lang='lat' dir='ltr'>determiner</span> <span class='ocrx_word' id='word_1_142' title='bbox 785 3020 824 3074; x_wconf 86' lang='lat' dir='ltr'>les</span> <span class='ocrx_word' id='word_1_143' title='bbox 837 3019 952 3091; x_wconf 68' lang='lat' dir='ltr'>e&#39;vdques</span> <span class='ocrx_word' id='word_1_144' title='bbox 964 3021 979 3072; x_wconf 77' lang='lat' dir='ltr'>a</span> <span class='ocrx_word' id='word_1_145' title='bbox 991 3017 1017 3071; x_wconf 91' lang='lat' dir='ltr'>le</span> <span class='ocrx_word' id='word_1_146' title='bbox 1030 3034 1123 3072; x_wconf 74' lang='lat' dir='ltr'>sacrm</span> <span class='ocrx_word' id='word_1_147' title='bbox 1135 3016 1238 3088; x_wconf 70' lang='lat' dir='ltr'>malgrd</span> 
     </span>
     <span class='ocr_line' id='line_1_23' title="bbox 186 3103 1238 3177; baseline 0.001 -19"><span class='ocrx_word' id='word_1_148' title='bbox 186 3104 357 3177; x_wconf 85' lang='lat' dir='ltr'>l‘opposition</span> <span class='ocrx_word' id='word_1_149' title='bbox 373 3107 411 3160; x_wconf 92' lang='lat' dir='ltr'>du</span> <span class='ocrx_word' id='word_1_150' title='bbox 424 3117 524 3161; x_wconf 85' lang='lat' dir='ltr'>comte.</span> <span class='ocrx_word' id='word_1_151' title='bbox 539 3109 618 3163; x_wconf 88' lang='lat' dir='ltr'>Cette</span> <span class='ocrx_word' id='word_1_152' title='bbox 632 3108 786 3161; x_wconf 72' lang='lat' dir='ltr'>ceremonie</span> <span class='ocrx_word' id='word_1_153' title='bbox 796 3117 845 3161; x_wconf 87' lang='lat' dir='ltr'>cut</span> <span class='ocrx_word' id='word_1_154' title='bbox 858 3106 912 3160; x_wconf 86' lang='lat' dir='ltr'>lieu</span> <span class='ocrx_word' id='word_1_155' title='bbox 925 3125 959 3159; x_wconf 84' lang='lat' dir='ltr'>en</span> <span class='ocrx_word' id='word_1_156' title='bbox 977 3123 1039 3159; x_wconf 78' lang='lat' dir='ltr'>root</span> <span class='ocrx_word' id='word_1_157' title='bbox 1057 3104 1126 3159; x_wconf 82' lang='lat' dir='ltr'>dans</span> <span class='ocrx_word' id='word_1_158' title='bbox 1136 3103 1238 3176; x_wconf 71' lang='lat' dir='ltr'>l’eglise</span> 
     </span>
     <span class='ocr_line' id='line_1_24' title="bbox 187 3194 418 3251; baseline 0 -2"><span class='ocrx_word' id='word_1_159' title='bbox 187 3194 222 3250; x_wconf 90' lang='lat' dir='ltr'>de</span> <span class='ocrx_word' id='word_1_160' title='bbox 234 3196 418 3251; x_wconf 77' lang='lat' dir='ltr'>sainte-Fare.</span> 
     </span>
    </p>

    <p class='ocr_par' dir='ltr' id='par_1_9' title="bbox 184 3284 1240 3873">
     <span class='ocr_line' id='line_1_25' title="bbox 220 3284 1239 3360; baseline 0.002 -21"><span class='ocrx_word' id='word_1_161' title='bbox 220 3284 258 3358; x_wconf 87' lang='lat'>(1)</span> <span class='ocrx_word' id='word_1_162' title='bbox 277 3285 352 3341; x_wconf 87' lang='lat' dir='ltr'>Nous</span> <span class='ocrx_word' id='word_1_163' title='bbox 366 3304 497 3359; x_wconf 87' lang='lat' dir='ltr'>pensons,</span> <span class='ocrx_word' id='word_1_164' title='bbox 515 3305 578 3340; x_wconf 83' lang='lat' dir='ltr'>avec</span> <span class='ocrx_word' id='word_1_165' title='bbox 591 3286 615 3341; x_wconf 87' lang='lat' dir='ltr'>le</span> <span class='ocrx_word' id='word_1_166' title='bbox 629 3289 694 3358; x_wconf 70' lang='lat' dir='ltr'>pere</span> <span class='ocrx_word' id='word_1_167' title='bbox 713 3287 859 3353; x_wconf 72' lang='lat' dir='ltr'>mabillon,</span> <span class='ocrx_word' id='word_1_168' title='bbox 881 3305 935 3360; x_wconf 86' lang='lat' dir='ltr'>que</span> <span class='ocrx_word' id='word_1_169' title='bbox 949 3284 1192 3342; x_wconf 70' lang='lat' dir='ltr'>Herm-le-Grand</span> <span class='ocrx_word' id='word_1_170' title='bbox 1205 3302 1239 3341; x_wconf 83' lang='lat' dir='ltr'>ne</span> 
     </span>
     <span class='ocr_line' id='line_1_26' title="bbox 184 3372 1239 3448; baseline 0.003 -20"><span class='ocrx_word' id='word_1_171' title='bbox 184 3385 297 3429; x_wconf 89' lang='lat' dir='ltr'>mourut</span> <span class='ocrx_word' id='word_1_172' title='bbox 308 3375 389 3448; x_wconf 89' lang='lat' dir='ltr'>qu’en</span> <span class='ocrx_word' id='word_1_173' title='bbox 407 3393 479 3429; x_wconf 84' lang='lat' dir='ltr'>rooa.</span> <span class='ocrx_word' id='word_1_174' title='bbox 493 3374 747 3443; x_wconf 63' lang='lat' dir='ltr'>One-Guium,</span> <span class='ocrx_word' id='word_1_175' title='bbox 763 3395 812 3431; x_wconf 87' lang='lat' dir='ltr'>son</span> <span class='ocrx_word' id='word_1_176' title='bbox 823 3375 950 3430; x_wconf 83' lang='lat' dir='ltr'>beau-fils</span> <span class='ocrx_word' id='word_1_177' title='bbox 962 3385 990 3430; x_wconf 87' lang='lat' dir='ltr'>et</span> <span class='ocrx_word' id='word_1_178' title='bbox 1004 3374 1038 3430; x_wconf 89' lang='lat' dir='ltr'>de</span> <span class='ocrx_word' id='word_1_179' title='bbox 1053 3372 1116 3448; x_wconf 87' lang='lat' dir='ltr'>plus</span> <span class='ocrx_word' id='word_1_180' title='bbox 1131 3392 1181 3431; x_wconf 84' lang='lat' dir='ltr'>son</span> <span class='ocrx_word' id='word_1_181' title='bbox 1199 3374 1239 3430; x_wconf 81' lang='lat' dir='ltr'>fib</span> 
     </span>
     <span class='ocr_line' id='line_1_27' title="bbox 184 3463 1240 3539; baseline -0.002 -19"><span class='ocrx_word' id='word_1_182' title='bbox 184 3464 305 3538; x_wconf 76' lang='lat' dir='ltr'>adeptis,</span> <span class='ocrx_word' id='word_1_183' title='bbox 321 3465 451 3539; x_wconf 83' lang='lat' dir='ltr'>s&#39;ernpara</span> <span class='ocrx_word' id='word_1_184' title='bbox 461 3465 500 3519; x_wconf 91' lang='lat' dir='ltr'>du</span> <span class='ocrx_word' id='word_1_185' title='bbox 515 3464 615 3520; x_wconf 85' lang='lat' dir='ltr'>duche&#39;.</span> <span class='ocrx_word' id='word_1_186' title='bbox 636 3468 671 3520; x_wconf 83' lang='lat' dir='ltr'>be</span> <span class='ocrx_word' id='word_1_187' title='bbox 684 3467 724 3520; x_wconf 85' lang='lat' dir='ltr'>roi</span> <span class='ocrx_word' id='word_1_188' title='bbox 738 3466 843 3520; x_wconf 87' lang='lat' dir='ltr'>Robert</span> <span class='ocrx_word' id='word_1_189' title='bbox 855 3465 983 3531; x_wconf 82' lang='lat' dir='ltr'>envahit,</span> <span class='ocrx_word' id='word_1_190' title='bbox 997 3484 1032 3520; x_wconf 89' lang='lat' dir='ltr'>en</span> <span class='ocrx_word' id='word_1_191' title='bbox 1045 3463 1126 3532; x_wconf 80' lang='lat'>1003,</span> <span class='ocrx_word' id='word_1_192' title='bbox 1138 3463 1165 3519; x_wconf 83' lang='lat' dir='ltr'>la</span> <span class='ocrx_word' id='word_1_193' title='bbox 1177 3481 1240 3538; x_wconf 83' lang='lat' dir='ltr'>pro-</span> 
     </span>
     <span class='ocr_line' id='line_1_28' title="bbox 184 3553 1239 3625; baseline 0.002 -20"><span class='ocrx_word' id='word_1_194' title='bbox 184 3554 262 3608; x_wconf 78' lang='lat' dir='ltr'>vinee</span> <span class='ocrx_word' id='word_1_195' title='bbox 273 3573 336 3609; x_wconf 82' lang='lat' dir='ltr'>avec</span> <span class='ocrx_word' id='word_1_196' title='bbox 351 3555 430 3610; x_wconf 87' lang='lat' dir='ltr'>l&#39;aide</span> <span class='ocrx_word' id='word_1_197' title='bbox 444 3554 478 3609; x_wconf 88' lang='lat' dir='ltr'>de</span> <span class='ocrx_word' id='word_1_198' title='bbox 490 3565 580 3610; x_wconf 88' lang='lat' dir='ltr'>trente</span> <span class='ocrx_word' id='word_1_199' title='bbox 592 3553 667 3609; x_wconf 89' lang='lat' dir='ltr'>mille</span> <span class='ocrx_word' id='word_1_200' title='bbox 685 3554 839 3611; x_wconf 85' lang='lat' dir='ltr'>Normands</span> <span class='ocrx_word' id='word_1_201' title='bbox 853 3554 1028 3609; x_wconf 72' lang='lat' dir='ltr'>commendes</span> <span class='ocrx_word' id='word_1_202' title='bbox 1045 3573 1096 3625; x_wconf 84' lang='lat' dir='ltr'>par</span> <span class='ocrx_word' id='word_1_203' title='bbox 1108 3553 1172 3609; x_wconf 84' lang='lat' dir='ltr'>leur</span> <span class='ocrx_word' id='word_1_204' title='bbox 1184 3553 1239 3608; x_wconf 87' lang='lat' dir='ltr'>duc</span> 
     </span>
     <span class='ocr_line' id='line_1_29' title="bbox 186 3642 1240 3717; baseline 0.001 -21"><span class='ocrx_word' id='word_1_205' title='bbox 186 3642 308 3698; x_wconf 84' lang='lat' dir='ltr'>Richnd</span> <span class='ocrx_word' id='word_1_206' title='bbox 327 3645 368 3709; x_wconf 84' lang='lat'>11;</span> <span class='ocrx_word' id='word_1_207' title='bbox 393 3645 500 3699; x_wconf 75' lang='lat' dir='ltr'>mainil</span> <span class='ocrx_word' id='word_1_208' title='bbox 521 3646 564 3701; x_wconf 89' lang='lat' dir='ltr'>lut</span> <span class='ocrx_word' id='word_1_209' title='bbox 584 3644 675 3717; x_wconf 78' lang='lat' dir='ltr'>oblige</span> <span class='ocrx_word' id='word_1_210' title='bbox 700 3644 735 3698; x_wconf 91' lang='lat' dir='ltr'>de</span> <span class='ocrx_word' id='word_1_211' title='bbox 756 3645 811 3699; x_wconf 86' lang='lat' dir='ltr'>s’en</span> <span class='ocrx_word' id='word_1_212' title='bbox 836 3655 982 3699; x_wconf 85' lang='lat' dir='ltr'>retourner</span> <span class='ocrx_word' id='word_1_213' title='bbox 1000 3661 1062 3699; x_wconf 83' lang='lat' dir='ltr'>sans</span> <span class='ocrx_word' id='word_1_214' title='bbox 1084 3646 1162 3698; x_wconf 80' lang='lat' dir='ltr'>avoir</span> <span class='ocrx_word' id='word_1_215' title='bbox 1183 3644 1240 3716; x_wconf 79' lang='lat' dir='ltr'>pria</span> 
     </span>
     <span class='ocr_line' id='line_1_30' title="bbox 185 3731 1238 3808; baseline 0.003 -24"><span class='ocrx_word' id='word_1_216' title='bbox 185 3736 322 3798; x_wconf 72' lang='lat' dir='ltr'>Aurem,</span> <span class='ocrx_word' id='word_1_217' title='bbox 337 3733 456 3789; x_wconf 69' lang='lat' dir='ltr'>delendo</span> <span class='ocrx_word' id='word_1_218' title='bbox 473 3754 523 3808; x_wconf 80' lang='lat' dir='ltr'>pai·</span> <span class='ocrx_word' id='word_1_219' title='bbox 540 3735 658 3800; x_wconf 69' lang='lat' dir='ltr'>laudm,</span> <span class='ocrx_word' id='word_1_220' title='bbox 674 3744 764 3789; x_wconf 87' lang='lat' dir='ltr'>comte</span> <span class='ocrx_word' id='word_1_221' title='bbox 782 3733 816 3788; x_wconf 90' lang='lat' dir='ltr'>de</span> <span class='ocrx_word' id='word_1_222' title='bbox 829 3734 946 3801; x_wconf 75' lang='lat' dir='ltr'>Nevers,</span> <span class='ocrx_word' id='word_1_223' title='bbox 959 3744 986 3788; x_wconf 88' lang='lat' dir='ltr'>et</span> <span class='ocrx_word' id='word_1_224' title='bbox 1005 3731 1109 3805; x_wconf 82' lang='lat' dir='ltr'>gendre</span> <span class='ocrx_word' id='word_1_225' title='bbox 1125 3731 1238 3789; x_wconf 76' lang='lat' dir='ltr'>d’one·</span> 
     </span>
     <span class='ocr_line' id='line_1_31' title="bbox 185 3817 354 3873; baseline 0 0"><span class='ocrx_word' id='word_1_226' title='bbox 185 3817 354 3873; x_wconf 83' lang='lat' dir='ltr'>Guillaume.</span> 
     </span>
    </p>

    <p class='ocr_par' dir='ltr' id='par_1_10' title="bbox 189 3905 1241 4072">
     <span class='ocr_line' id='line_1_32' title="bbox 219 3905 1240 3983; baseline 0.003 -25"><span class='ocrx_word' id='word_1_227' title='bbox 219 3906 258 3975; x_wconf 84' lang='lat' dir='ltr'>(a)</span> <span class='ocrx_word' id='word_1_228' title='bbox 278 3906 315 3960; x_wconf 72' lang='lat' dir='ltr'>le</span> <span class='ocrx_word' id='word_1_229' title='bbox 333 3907 407 3980; x_wconf 76' lang='lat' dir='ltr'>siege</span> <span class='ocrx_word' id='word_1_230' title='bbox 424 3919 452 3962; x_wconf 84' lang='lat' dir='ltr'>et</span> <span class='ocrx_word' id='word_1_231' title='bbox 465 3908 488 3962; x_wconf 89' lang='lat' dir='ltr'>la</span> <span class='ocrx_word' id='word_1_232' title='bbox 502 3910 575 3982; x_wconf 88' lang='lat' dir='ltr'>prise</span> <span class='ocrx_word' id='word_1_233' title='bbox 594 3909 725 3965; x_wconf 79' lang='lat' dir='ltr'>d‘Avalon</span> <span class='ocrx_word' id='word_1_234' title='bbox 742 3912 953 3983; x_wconf 85' lang='lat' dir='ltr'>appartiennent</span> <span class='ocrx_word' id='word_1_235' title='bbox 965 3914 981 3965; x_wconf 72' lang='lat' dir='ltr'>a</span> <span class='ocrx_word' id='word_1_236' title='bbox 995 3910 1018 3963; x_wconf 84' lang='lat' dir='ltr'>la</span> <span class='ocrx_word' id='word_1_237' title='bbox 1035 3924 1189 3982; x_wconf 73' lang='lat' dir='ltr'>campagus</span> <span class='ocrx_word' id='word_1_238' title='bbox 1205 3905 1240 3961; x_wconf 82' lang='lat' dir='ltr'>de</span> 
     </span>
     <span class='ocr_line' id='line_1_33' title="bbox 189 3991 1241 4072; baseline 0.003 -26"><span class='ocrx_word' id='word_1_239' title='bbox 189 3991 254 4048; x_wconf 82' lang='lat'>1005</span> <span class='ocrx_word' id='word_1_240' title='bbox 262 4036 270 4059; x_wconf 88' lang='lat'>,</span> <span class='ocrx_word' id='word_1_241' title='bbox 287 3994 407 4066; x_wconf 83' lang='lat' dir='ltr'>pendant</span> <span class='ocrx_word' id='word_1_242' title='bbox 424 3996 539 4071; x_wconf 86' lang='lat' dir='ltr'>laquelle</span> <span class='ocrx_word' id='word_1_243' title='bbox 552 4000 576 4052; x_wconf 92' lang='lat' dir='ltr'>le</span> <span class='ocrx_word' id='word_1_244' title='bbox 594 4002 634 4054; x_wconf 82' lang='lat' dir='ltr'>roi</span> <span class='ocrx_word' id='word_1_245' title='bbox 647 4002 704 4072; x_wconf 86' lang='lat' dir='ltr'>prit</span> <span class='ocrx_word' id='word_1_246' title='bbox 720 4001 791 4055; x_wconf 84' lang='lat' dir='ltr'>aussi</span> <span class='ocrx_word' id='word_1_247' title='bbox 804 4000 871 4054; x_wconf 88' lang='lat' dir='ltr'>Sens</span> <span class='ocrx_word' id='word_1_248' title='bbox 884 4011 913 4054; x_wconf 83' lang='lat' dir='ltr'>et</span> <span class='ocrx_word' id='word_1_249' title='bbox 930 4000 1048 4071; x_wconf 75' lang='lat' dir='ltr'>assiegea</span> <span class='ocrx_word' id='word_1_250' title='bbox 1061 3995 1241 4052; x_wconf 86' lang='lat' dir='ltr'>inutilement</span> 
     </span>
    </p>
   </div>
   <div class='ocr_carea' id='block_1_7' title="bbox 185 4080 1241 4226">
    <p class='ocr_par' dir='ltr' id='par_1_11' title="bbox 185 4080 1241 4226">
     <span class='ocr_line' id='line_1_34' title="bbox 185 4080 1241 4224; baseline 0.003 -90"><span class='ocrx_word' id='word_1_251' title='bbox 185 4081 281 4224; x_wconf 64' lang='lat' dir='ltr'>llijonl,</span> <span class='ocrx_word' id='word_1_252' title='bbox 299 4080 418 4138; x_wconf 75' lang='lat' dir='ltr'>defcndu</span> <span class='ocrx_word' id='word_1_253' title='bbox 440 4103 488 4156; x_wconf 83' lang='lat' dir='ltr'>par</span> <span class='ocrx_word' id='word_1_254' title='bbox 502 4085 744 4142; x_wconf 76' lang='lat' dir='ltr'>One-Guillaume</span> <span class='ocrx_word' id='word_1_255' title='bbox 755 4107 789 4141; x_wconf 87' lang='lat' dir='ltr'>on</span> <span class='ocrx_word' id='word_1_256' title='bbox 802 4105 936 4159; x_wconf 86' lang='lat' dir='ltr'>personne</span> <span class='ocrx_word' id='word_1_257' title='bbox 946 4097 974 4141; x_wconf 87' lang='lat' dir='ltr'>et</span> <span class='ocrx_word' id='word_1_258' title='bbox 984 4104 1026 4140; x_wconf 85' lang='lat' dir='ltr'>sos</span> <span class='ocrx_word' id='word_1_259' title='bbox 1037 4084 1099 4157; x_wconf 83' lang='lat' dir='ltr'>plus</span> <span class='ocrx_word' id='word_1_260' title='bbox 1113 4083 1241 4138; x_wconf 78' lang='lat' dir='ltr'>vaillants</span> 
     </span>
     <span class='ocr_line' id='line_1_35' title="bbox 186 4170 341 4226; baseline 0.019 -4"><span class='ocrx_word' id='word_1_261' title='bbox 186 4170 269 4225; x_wconf 80' lang='lat' dir='ltr'>cheva</span> <span class='ocrx_word' id='word_1_262' title='bbox 281 4170 341 4226; x_wconf 86' lang='lat' dir='ltr'>iers.</span> 
     </span>
    </p>
   </div>
   <div class='ocr_carea' id='block_1_8' title="bbox 0 0 1452 4934">
    <p class='ocr_par' dir='ltr' id='par_1_12' title="bbox 0 0 1452 4934">
     <span class='ocr_line' id='line_1_36' title="bbox 0 0 1452 4934; baseline 0 0"><span class='ocrx_word' id='word_1_263' title='bbox 0 0 1452 4934; x_wconf 95' lang='lat' dir='ltr'> </span> 
     </span>
    </p>
   </div>
  </div>
 </body>
</html>
