2888 4934
53 438 161 516 [1090]
425 431 543 494 utana
564 433 751 495 activus.
1065 433 1125 495 aas

52 571 234 641 somnium
250 590 360 664 grane
378 581 432 637 est
445 593 492 638 ac
508 564 682 654 terribile,
699 580 732 636 et
748 563 896 635 uidetur
910 561 1126 636 horrendum

52 687 129 759 Dei
134 684 323 785 judicium
336 682 633 784 tiliportendere.
649 680 842 754 Balduinus
854 698 986 770 autem,
999 681 1127 754 Eusta-

53 800 125 874 chii
139 801 301 873 Boloniae
315 799 456 872 comitis
472 798 566 872 lilius
579 801 652 898 (1),
668 799 760 872 dixit
777 831 784 869 ε
804 801 855 871 Et
872 826 937 898 ego
954 827 1071 900 nuper
1088 803 1126 872 in

53 922 192 992 somnis
209 917 384 991 videbam
403 923 599 990 Dominum
616 919 743 990 lesum
751 975 763 1007 ,
785 923 822 988 in
846 943 952 990 cruce
960 918 1126 1014 penden-

54 1053 140 1125 tem,
155 1035 223 1107 sed
233 1035 374 1107 clarum
387 1053 421 1106 et
428 1034 640 1135 pulcltrum,
660 1033 811 1106 aemilii
824 1033 997 1105 alacriter
1009 1035 1128 1105 riden-

54 1171 146 1240 tem,
167 1153 397 1251 dexteraque
422 1180 491 1223 sua
516 1179 573 1223 me
601 1151 867 1223 benedicentem
874 1205 887 1237 ,
912 1151 1129 1250 signumque

55 1275 173 1343 crucis
189 1297 301 1371 super
315 1289 426 1371 caput
437 1297 556 1342 meum
571 1269 771 1364 benigniter
768 1266 987 1366 jacientem.
1003 1267 1130 1340 Astan-

56 1404 109 1461 tes
125 1414 211 1461 vero
229 1386 518 1486 responderunt:
544 1389 634 1459 Tali
650 1390 853 1460 ostensione
872 1386 1029 1459 dulcedo
1044 1414 1128 1459 rna-

53 1532 144 1603 gnoe
157 1508 291 1605 gratire
309 1506 456 1577 uidetur
471 1505 535 1576 tibi
539 1504 704 1604 fulgere.

106 1623 171 1695 His
192 1622 340 1710 auditis,
360 1624 535 1723 Rogerius
557 1621 760 1696 adolescens
783 1627 890 1697 matri
913 1651 985 1697 suae
1007 1624 1126 1697 dixit:

57 1740 159 1813 Noui
176 1740 376 1827 hominem,
397 1768 464 1812 nec
486 1741 677 1840 longeest,
696 1743 763 1839 qui
777 1744 914 1815 similia
925 1769 996 1843 per
1010 1742 1130 1813 uisum

59 1859 327 1959 contemplatus
340 1876 403 1930 est.
421 1859 583 1958 Cumque
596 1875 711 1930 mater
726 1860 915 1951 insisteret,
931 1877 968 1932 et
981 1860 1132 1959 diligen·

59 1993 116 2050 ter
138 1977 338 2076 inquireret
362 1979 441 2076 quis
464 1993 523 2048 aut
544 2003 624 2076 quae
640 1976 803 2064 vidisset,
826 1976 1029 2050 adolescens
1052 2002 1132 2050 eru·

57 2091 139 2165 buit
148 2145 158 2178 ,
174 2109 209 2165 et
223 2096 406 2166 manifeste
420 2119 499 2165 rem
514 2093 697 2192 publicare
711 2093 844 2167 noluit.
864 2093 1026 2166 Tandem
1039 2122 1057 2165 a
1074 2118 1132 2192 ge·

57 2212 190 2284 nitrice
206 2228 241 2282 et
254 2210 490 2310 praesentibus
504 2213 627 2285 amicis
639 2213 796 2284 multum
811 2231 970 2313 rogatus,
986 2238 1133 2310 respon-

57 2329 138 2402 dit:
162 2331 328 2428 Quidam
353 2339 390 2402 in
418 2334 553 2403 visione
578 2358 647 2403 sua
674 2359 790 2433 nuper
813 2333 906 2404 uidit
935 2334 1132 2404 Dominum

56 2447 182 2518 Jesurn
192 2504 203 2536 ,
225 2451 421 2547 capitisue
440 2475 590 2518 suarium
609 2454 872 2548 imponentem,
895 2467 928 2520 et
944 2449 1137 2520 clementer

59 2563 346 2654 benedicentem,
377 2566 503 2665 lu'sque
532 2564 649 2638 uerbis
675 2593 755 2637 cuni
786 2584 971 2638 uocantem
997 2595 1006 2636 :
1037 2568 1135 2637 Veni

58 2681 131 2752 cito
139 2737 151 2769 ,
169 2679 301 2752 dilecte
312 2709 410 2754 meus
419 2738 431 2772 ,
451 2683 505 2753 ucl
519 2709 596 2767 me‚·
618 2699 652 2753 et
665 2683 763 2754 dabo
780 2682 844 2754 tibi
857 2684 1003 2781 gaudia
1028 2684 1130 2755 uita.

57 2798 252 2869 Audacter
274 2799 388 2896 igitur
402 2826 483 2871 cum
509 2802 546 2869 in
573 2797 644 2870 liac
662 2801 742 2869 uita
767 2824 842 2870 non
869 2799 936 2870 diu
952 2801 1132 2870 victurum

58 2937 203 2998 assero,
221 2940 328 3012 quem
344 2918 400 2986 sic
414 2943 438 2985 a
456 2917 615 2987 Domino
634 2931 804 2987 uocatum
823 2941 1017 3014 cognosco.

112 3029 197 3103 Non
212 3031 329 3105 multo
345 3050 445 3130 post,
465 3051 536 3105 tres
553 3034 691 3132 praelati
709 3035 863 3124 tirones,
880 3050 919 3105 ut
932 3032 1068 3107 diversa
1083 3060 1138 3107 re-

62 3149 245 3240 tulerunt,
262 3154 379 3222 varios
394 3169 542 3224 eventus
559 3153 697 3249 experti
713 3168 808 3223 sunt.
828 3152 969 3223 Primus
982 3155 1080 3224 enim
1099 3152 1135 3224 in

63 3265 291 3365 expeditione
305 3268 456 3368 quadam
473 3270 566 3340 male
582 3269 756 3341 sauciatus
770 3285 838 3353 est,
853 3286 889 3341 ct
906 3271 982 3341 sine
1005 3272 1139 3342 contes-

65 3384 166 3456 sione
180 3411 221 3455 ac
237 3386 368 3458 viatico
387 3403 552 3459 mortuus
572 3403 637 3459 est.
659 3385 853 3458 Balduinus
867 3403 1005 3475 autem,
1025 3413 1137 3485 gener
1208 3481 1211 3488 Ι

66 3497 247 3598 Radulphi
263 3500 307 3574 de
326 3501 498 3591 Conchis‚
517 3506 552 3575 in
570 3503 719 3577 dextero
732 3502 884 3576 humero
897 3504 1043 3576 Domini
1058 3531 1137 3576 cru·

68 3643 146 3690 cem
164 3621 331 3718 sumpsit,
350 3638 386 3694 et
404 3621 544 3695 Urbani
563 3623 668 3721 Papae
682 3623 781 3721 jussu
798 3638 956 3693 sanctam
977 3623 1030 3720 (2)
1047 3647 1138 3695 con-

102 3858 143 3927 (ι)
158 3855 319 3924 Baudouin‚
338 3862 386 3932 qui
402 3861 446 3914 lut
458 3861 557 3932 depuis
570 3871 662 3914 comte
676 3847 805 3914 d'idesse
819 3869 848 3913 et
862 3859 905 3913 roi
920 3858 955 3914 de
968 3860 1137 3929 Jerusalem,

70 3948 171 4018 epousa
185 3946 359 4015 Godchilde,
376 3950 430 4004 fitte
441 3951 476 4005 dc
489 3950 580 4004 Raoul
592 3950 628 4004 ‹lc
640 3951 780 4013 Concitet,
794 3951 874 4023 apres
885 3950 985 4024 qu'elle
999 3952 1042 4008 sut
1056 3972 1141 4008 veuve

72 4035 104 4091 de
118 4034 226 4090 Robert
242 4037 281 4090 du
299 4038 463 4113 Neubourg.
480 4041 700 4108 Nomionem,
719 4039 787 4096 (lans
802 4040 827 4095 le
844 4040 912 4097 livre
929 4043 1050 4113 suivant,
1068 4054 1140 4099 cette

72 4125 149 4180 dame
163 4128 272 4181 mourir
284 4129 299 4181 u
312 4128 337 4181 la
352 4131 488 4201 premiere
501 4130 635 4186 croisadc.

105 4219 144 4287 (a)
157 4215 208 4271 us.
223 4215 258 4271 de
272 4218 294 4271 la
309 4221 384 4275 scine
396 4220 431 4274 ‹le
444 4221 543 4275 Scede.
902 4201 906 4230 Ι
