<?xml version="1.0" encoding="UTF-8"?>
<!DOCTYPE html PUBLIC "-//W3C//DTD XHTML 1.0 Transitional//EN"
    "http://www.w3.org/TR/xhtml1/DTD/xhtml1-transitional.dtd">
<html xmlns="http://www.w3.org/1999/xhtml" xml:lang="en" lang="en">
 <head>
  <title>
</title>
<meta http-equiv="Content-Type" content="text/html;charset=utf-8" />
  <meta name='ocr-system' content='tesseract 3.04.00' />
  <meta name='ocr-capabilities' content='ocr_page ocr_carea ocr_par ocr_line ocrx_word'/>
</head>
<body>
  <div class='ocr_page' id='page_1' title='image "./ordericivitalis05deligoog/ordericivitalis05deligoog_0338.png"; bbox 0 0 2888 4934; ppageno 0'>
   <div class='ocr_carea' id='block_1_1' title="bbox 174 361 1242 443">
    <p class='ocr_par' dir='ltr' id='par_1_1' title="bbox 174 361 1242 443">
     <span class='ocr_line' id='line_1_1' title="bbox 174 361 1242 443; baseline 0.004 -22"><span class='ocrx_word' id='word_1_1' title='bbox 174 361 287 443; x_wconf 84' lang='lat'><strong>[1090]</strong></span> <span class='ocrx_word' id='word_1_2' title='bbox 548 364 663 424; x_wconf 76' lang='lat' dir='ltr'><strong>tntu</strong></span> <span class='ocrx_word' id='word_1_3' title='bbox 684 365 871 424; x_wconf 75' lang='lat' dir='ltr'><strong>ocravus.</strong></span> <span class='ocrx_word' id='word_1_4' title='bbox 1182 366 1242 425; x_wconf 78' lang='lat' dir='ltr'><strong>aar</strong></span> 
     </span>
    </p>
   </div>
   <div class='ocr_carea' id='block_1_2' title="bbox 170 493 1350 3735">
    <p class='ocr_par' dir='ltr' id='par_1_2' title="bbox 170 493 1350 1295">
     <span class='ocr_line' id='line_1_2' title="bbox 172 493 1241 593; baseline 0 -27"><span class='ocrx_word' id='word_1_5' title='bbox 172 493 387 569; x_wconf 80' lang='lat' dir='ltr'><strong>mortalium</strong></span> <span class='ocrx_word' id='word_1_6' title='bbox 410 509 557 566; x_wconf 85' lang='lat' dir='ltr'><strong>eventus</strong></span> <span class='ocrx_word' id='word_1_7' title='bbox 583 494 744 593; x_wconf 77' lang='lat' dir='ltr'><strong>elegiacis</strong></span> <span class='ocrx_word' id='word_1_8' title='bbox 764 493 879 565; x_wconf 91' lang='lat' dir='ltr'><strong>modis</strong></span> <span class='ocrx_word' id='word_1_9' title='bbox 900 494 1101 567; x_wconf 76' lang='lat' dir='ltr'><strong>luculenter</strong></span> <span class='ocrx_word' id='word_1_10' title='bbox 1125 493 1241 566; x_wconf 89' lang='lat' dir='ltr'><strong>deno-</strong></span> 
     </span>
     <span class='ocr_line' id='line_1_3' title="bbox 173 608 1350 711; baseline -0.001 -26"><span class='ocrx_word' id='word_1_11' title='bbox 173 611 279 685; x_wconf 82' lang='lat' dir='ltr'><strong>tavit.</strong></span> <span class='ocrx_word' id='word_1_12' title='bbox 311 609 383 683; x_wconf 87' lang='lat' dir='ltr'><strong>Alii</strong></span> <span class='ocrx_word' id='word_1_13' title='bbox 410 635 554 711; x_wconf 89' lang='lat' dir='ltr'><strong>quoque</strong></span> <span class='ocrx_word' id='word_1_14' title='bbox 581 611 703 709; x_wconf 90' lang='lat' dir='ltr'><strong>plures</strong></span> <span class='ocrx_word' id='word_1_15' title='bbox 727 611 875 683; x_wconf 89' lang='lat' dir='ltr'><strong>litterati</strong></span> <span class='ocrx_word' id='word_1_16' title='bbox 902 608 1069 708; x_wconf 84' lang='lat' dir='ltr'><strong>sophistae</strong></span> <span class='ocrx_word' id='word_1_17' title='bbox 1095 636 1244 710; x_wconf 82' lang='lat' dir='ltr'><strong>magnos</strong></span> <span class='ocrx_word' id='word_1_18' title='bbox 1340 618 1350 639; x_wconf 84' lang='lat'><em>⁰</em></span> 
     </span>
     <span class='ocr_line' id='line_1_4' title="bbox 170 724 1244 829; baseline 0 -29"><span class='ocrx_word' id='word_1_19' title='bbox 170 741 320 829; x_wconf 81' lang='lat' dir='ltr'><strong>questus</strong></span> <span class='ocrx_word' id='word_1_20' title='bbox 335 724 567 825; x_wconf 89' lang='lat' dir='ltr'><strong>protulerunt</strong></span> <span class='ocrx_word' id='word_1_21' title='bbox 589 726 633 799; x_wconf 90' lang='lat' dir='ltr'><strong>dc</strong></span> <span class='ocrx_word' id='word_1_22' title='bbox 657 725 799 825; x_wconf 81' lang='lat' dir='ltr'><strong>flagitiis</strong></span> <span class='ocrx_word' id='word_1_23' title='bbox 815 742 851 799; x_wconf 90' lang='lat' dir='ltr'><strong>et</strong></span> <span class='ocrx_word' id='word_1_24' title='bbox 869 728 1038 799; x_wconf 77' lang='lat' dir='ltr'><strong>aerumnis</strong></span> <span class='ocrx_word' id='word_1_25' title='bbox 1054 725 1156 826; x_wconf 92' lang='lat' dir='ltr'><strong>hujus</strong></span> <span class='ocrx_word' id='word_1_26' title='bbox 1173 753 1244 800; x_wconf 87' lang='lat' dir='ltr'><strong>sae-</strong></span> 
     </span>
     <span class='ocr_line' id='line_1_5' title="bbox 173 842 1245 945; baseline -0.003 -26"><span class='ocrx_word' id='word_1_27' title='bbox 173 844 248 919; x_wconf 82' lang='lat' dir='ltr'><strong>culi</strong></span> <span class='ocrx_word' id='word_1_28' title='bbox 258 874 270 934; x_wconf 79' lang='lat'>3</span> <span class='ocrx_word' id='word_1_29' title='bbox 289 869 380 945; x_wconf 90' lang='lat' dir='ltr'><strong>quos</strong></span> <span class='ocrx_word' id='word_1_30' title='bbox 396 860 535 917; x_wconf 89' lang='lat' dir='ltr'><strong>secutus</strong></span> <span class='ocrx_word' id='word_1_31' title='bbox 554 846 774 943; x_wconf 79' lang='lat' dir='ltr'><strong>inpraesenti</strong></span> <span class='ocrx_word' id='word_1_32' title='bbox 792 845 963 944; x_wconf 90' lang='lat' dir='ltr'><strong>opusculo</strong></span> <span class='ocrx_word' id='word_1_33' title='bbox 984 842 1145 918; x_wconf 86' lang='lat' dir='ltr'><strong>breviter</strong></span> <span class='ocrx_word' id='word_1_34' title='bbox 1164 869 1245 916; x_wconf 91' lang='lat' dir='ltr'><strong>me-</strong></span> 
     </span>
     <span class='ocr_line' id='line_1_6' title="bbox 173 960 1245 1061; baseline -0.003 -27"><span class='ocrx_word' id='word_1_35' title='bbox 173 961 289 1051; x_wconf 89' lang='lat' dir='ltr'><strong>mini,</strong></span> <span class='ocrx_word' id='word_1_36' title='bbox 312 986 385 1061; x_wconf 87' lang='lat' dir='ltr'><strong>quo</strong></span> <span class='ocrx_word' id='word_1_37' title='bbox 406 977 568 1060; x_wconf 90' lang='lat' dir='ltr'><strong>tempore</strong></span> <span class='ocrx_word' id='word_1_38' title='bbox 590 962 639 1035; x_wconf 92' lang='lat' dir='ltr'><strong>cis</strong></span> <span class='ocrx_word' id='word_1_39' title='bbox 664 960 772 1059; x_wconf 84' lang='lat' dir='ltr'><strong>Alpes</strong></span> <span class='ocrx_word' id='word_1_40' title='bbox 797 963 910 1059; x_wconf 90' lang='lat' dir='ltr'><strong>coepit</strong></span> <span class='ocrx_word' id='word_1_41' title='bbox 935 962 1066 1060; x_wconf 82' lang='lat' dir='ltr'><strong>ineptia</strong></span> <span class='ocrx_word' id='word_1_42' title='bbox 1092 961 1245 1061; x_wconf 76' lang='lat' dir='ltr'><strong>pigatia-</strong></span> 
     </span>
     <span class='ocr_line' id='line_1_7' title="bbox 175 1076 1243 1178; baseline -0.001 -27"><span class='ocrx_word' id='word_1_43' title='bbox 175 1104 277 1168; x_wconf 87' lang='lat' dir='ltr'><strong>rum,</strong></span> <span class='ocrx_word' id='word_1_44' title='bbox 289 1093 327 1150; x_wconf 90' lang='lat' dir='ltr'><strong>et</strong></span> <span class='ocrx_word' id='word_1_45' title='bbox 336 1076 514 1177; x_wconf 88' lang='lat' dir='ltr'><strong>superflua</strong></span> <span class='ocrx_word' id='word_1_46' title='bbox 523 1080 709 1177; x_wconf 85' lang='lat' dir='ltr'><strong>prolixitas</strong></span> <span class='ocrx_word' id='word_1_47' title='bbox 721 1079 949 1176; x_wconf 90' lang='lat' dir='ltr'><strong>capillorum,</strong></span> <span class='ocrx_word' id='word_1_48' title='bbox 963 1095 1069 1178; x_wconf 90' lang='lat' dir='ltr'><strong>atque</strong></span> <span class='ocrx_word' id='word_1_49' title='bbox 1079 1080 1243 1166; x_wconf 85' lang='lat' dir='ltr'><strong>vestium,</strong></span> 
     </span>
     <span class='ocr_line' id='line_1_8' title="bbox 175 1193 825 1295; baseline -0.006 -25"><span class='ocrx_word' id='word_1_50' title='bbox 175 1211 287 1270; x_wconf 84' lang='lat' dir='ltr'><strong>terrae</strong></span> <span class='ocrx_word' id='word_1_51' title='bbox 303 1193 424 1268; x_wconf 87' lang='lat' dir='ltr'><strong>sordes</strong></span> <span class='ocrx_word' id='word_1_52' title='bbox 439 1195 570 1268; x_wconf 83' lang='lat' dir='ltr'><strong>frustra</strong></span> <span class='ocrx_word' id='word_1_53' title='bbox 587 1197 825 1295; x_wconf 88' lang='lat' dir='ltr'><strong>scopantium.</strong></span> 
     </span>
    </p>

    <p class='ocr_par' dir='ltr' id='par_1_3' title="bbox 175 1309 1249 2204">
     <span class='ocr_line' id='line_1_9' title="bbox 227 1309 1245 1386; baseline -0.001 -3"><span class='ocrx_word' id='word_1_54' title='bbox 227 1309 281 1383; x_wconf 87' lang='lat' dir='ltr'><strong>De</strong></span> <span class='ocrx_word' id='word_1_55' title='bbox 298 1312 484 1384; x_wconf 88' lang='lat' dir='ltr'><strong>sanctitate</strong></span> <span class='ocrx_word' id='word_1_56' title='bbox 502 1328 537 1384; x_wconf 90' lang='lat' dir='ltr'><strong>et</strong></span> <span class='ocrx_word' id='word_1_57' title='bbox 558 1311 741 1384; x_wconf 80' lang='lat' dir='ltr'><strong>miraculis</strong></span> <span class='ocrx_word' id='word_1_58' title='bbox 757 1312 974 1385; x_wconf 90' lang='lat' dir='ltr'><strong>Sanctorum</strong></span> <span class='ocrx_word' id='word_1_59' title='bbox 991 1313 1136 1386; x_wconf 90' lang='lat' dir='ltr'><strong>mallem</strong></span> <span class='ocrx_word' id='word_1_60' title='bbox 1153 1313 1245 1385; x_wconf 90' lang='lat' dir='ltr'><strong>scri-</strong></span> 
     </span>
     <span class='ocr_line' id='line_1_10' title="bbox 175 1424 1244 1530; baseline 0 -30"><span class='ocrx_word' id='word_1_61' title='bbox 175 1424 266 1500; x_wconf 83' lang='lat' dir='ltr'><strong>bere</strong></span> <span class='ocrx_word' id='word_1_62' title='bbox 288 1427 404 1502; x_wconf 91' lang='lat' dir='ltr'><strong>multo</strong></span> <span class='ocrx_word' id='word_1_63' title='bbox 429 1428 617 1514; x_wconf 89' lang='lat' dir='ltr'><strong>libentius,</strong></span> <span class='ocrx_word' id='word_1_64' title='bbox 644 1455 752 1530; x_wconf 92' lang='lat' dir='ltr'><strong>quam</strong></span> <span class='ocrx_word' id='word_1_65' title='bbox 776 1427 821 1502; x_wconf 87' lang='lat' dir='ltr'><strong>de</strong></span> <span class='ocrx_word' id='word_1_66' title='bbox 843 1430 946 1529; x_wconf 81' lang='lat' dir='ltr'><strong>nugis</strong></span> <span class='ocrx_word' id='word_1_67' title='bbox 968 1430 1244 1519; x_wconf 82' lang='lat' dir='ltr'><strong>infrunitorum,</strong></span> 
     </span>
     <span class='ocr_line' id='line_1_11' title="bbox 175 1543 1247 1645; baseline 0 -27"><span class='ocrx_word' id='word_1_68' title='bbox 175 1543 387 1645; x_wconf 78' lang='lat' dir='ltr'><strong>frivolisque</strong></span> <span class='ocrx_word' id='word_1_69' title='bbox 399 1546 767 1645; x_wconf 80' lang='lat' dir='ltr'><strong>nepotationibus(1);</strong></span> <span class='ocrx_word' id='word_1_70' title='bbox 779 1548 807 1618; x_wconf 87' lang='lat' dir='ltr'><strong>si</strong></span> <span class='ocrx_word' id='word_1_71' title='bbox 822 1547 1004 1645; x_wconf 84' lang='lat' dir='ltr'><strong>principes</strong></span> <span class='ocrx_word' id='word_1_72' title='bbox 1014 1547 1128 1620; x_wconf 88' lang='lat' dir='ltr'><strong>nostri</strong></span> <span class='ocrx_word' id='word_1_73' title='bbox 1141 1562 1177 1618; x_wconf 90' lang='lat' dir='ltr'><strong>et</strong></span> <span class='ocrx_word' id='word_1_74' title='bbox 1184 1573 1247 1619; x_wconf 90' lang='lat' dir='ltr'><strong>an-</strong></span> 
     </span>
     <span class='ocr_line' id='line_1_12' title="bbox 178 1660 1248 1761; baseline -0.001 -26"><span class='ocrx_word' id='word_1_75' title='bbox 178 1660 308 1735; x_wconf 88' lang='lat' dir='ltr'><strong>tistites</strong></span> <span class='ocrx_word' id='word_1_76' title='bbox 334 1664 465 1737; x_wconf 86' lang='lat' dir='ltr'><strong>sanctis</strong></span> <span class='ocrx_word' id='word_1_77' title='bbox 493 1665 649 1761; x_wconf 62' lang='lat' dir='ltr'><strong>perfecte</strong></span> <span class='ocrx_word' id='word_1_78' title='bbox 681 1664 857 1736; x_wconf 85' lang='lat' dir='ltr'><strong>instarent</strong></span> <span class='ocrx_word' id='word_1_79' title='bbox 885 1661 1181 1752; x_wconf 88' lang='lat' dir='ltr'><strong>charismatibus,</strong></span> <span class='ocrx_word' id='word_1_80' title='bbox 1212 1680 1248 1734; x_wconf 85' lang='lat' dir='ltr'><strong>et</strong></span> 
     </span>
     <span class='ocr_line' id='line_1_13' title="bbox 175 1763 1249 1878; baseline 0.001 -29"><span class='ocrx_word' id='word_1_81' title='bbox 175 1775 352 1878; x_wconf 81' lang='lat' dir='ltr'><strong>prodigiis</strong></span> <span class='ocrx_word' id='word_1_82' title='bbox 377 1779 579 1877; x_wconf 89' lang='lat' dir='ltr'><strong>pollerent,</strong></span> <span class='ocrx_word' id='word_1_83' title='bbox 599 1779 825 1851; x_wconf 88' lang='lat' dir='ltr'><strong>sanctitatem</strong></span> <span class='ocrx_word' id='word_1_84' title='bbox 850 1763 1152 1877; x_wconf 67' lang='lat' dir='ltr'><strong>praeconantibus.</strong></span> <span class='ocrx_word' id='word_1_85' title='bbox 1184 1776 1249 1850; x_wconf 81' lang='lat' dir='ltr'><strong>Ast</strong></span> 
     </span>
     <span class='ocr_line' id='line_1_14' title="bbox 177 1893 1248 1997; baseline -0.002 -28"><span class='ocrx_word' id='word_1_86' title='bbox 177 1919 247 1997; x_wconf 75' lang='lat' dir='ltr'><strong>ego</strong></span> <span class='ocrx_word' id='word_1_87' title='bbox 263 1895 337 1967; x_wconf 86' lang='lat' dir='ltr'><strong>vim</strong></span> <span class='ocrx_word' id='word_1_88' title='bbox 355 1896 446 1983; x_wconf 90' lang='lat' dir='ltr'><strong>illis,</strong></span> <span class='ocrx_word' id='word_1_89' title='bbox 467 1912 507 1968; x_wconf 91' lang='lat' dir='ltr'><strong>ut</strong></span> <span class='ocrx_word' id='word_1_90' title='bbox 521 1895 802 1986; x_wconf 88' lang='lat' dir='ltr'><strong>sanctificentur,</strong></span> <span class='ocrx_word' id='word_1_91' title='bbox 822 1896 954 1969; x_wconf 80' lang='lat' dir='ltr'><strong>inferre</strong></span> <span class='ocrx_word' id='word_1_92' title='bbox 971 1922 1124 1997; x_wconf 89' lang='lat' dir='ltr'><strong>nequeo.</strong></span> <span class='ocrx_word' id='word_1_93' title='bbox 1144 1893 1248 1970; x_wconf 90' lang='lat' dir='ltr'><strong>Unde</strong></span> 
     </span>
     <span class='ocr_line' id='line_1_15' title="bbox 177 2009 1248 2114; baseline 0 -29"><span class='ocrx_word' id='word_1_94' title='bbox 177 2009 234 2085; x_wconf 83' lang='lat' dir='ltr'><strong>bis</strong></span> <span class='ocrx_word' id='word_1_95' title='bbox 246 2013 401 2101; x_wconf 89' lang='lat' dir='ltr'><strong>omissis,</strong></span> <span class='ocrx_word' id='word_1_96' title='bbox 417 2038 524 2111; x_wconf 86' lang='lat' dir='ltr'><strong>super</strong></span> <span class='ocrx_word' id='word_1_97' title='bbox 538 2012 663 2104; x_wconf 88' lang='lat' dir='ltr'><strong>rebus,</strong></span> <span class='ocrx_word' id='word_1_98' title='bbox 677 2041 759 2114; x_wconf 84' lang='lat' dir='ltr'><strong>quae</strong></span> <span class='ocrx_word' id='word_1_99' title='bbox 773 2013 882 2101; x_wconf 90' lang='lat' dir='ltr'><strong>fiunt,</strong></span> <span class='ocrx_word' id='word_1_100' title='bbox 898 2038 1062 2087; x_wconf 82' lang='lat' dir='ltr'><strong>veracem</strong></span> <span class='ocrx_word' id='word_1_101' title='bbox 1075 2013 1248 2087; x_wconf 89' lang='lat' dir='ltr'><strong>dictatum</strong></span> 
     </span>
     <span class='ocr_line' id='line_1_16' title="bbox 176 2128 1163 2204; baseline 0.001 -3"><span class='ocrx_word' id='word_1_102' title='bbox 176 2128 283 2203; x_wconf 73' lang='lat' dir='ltr'><strong>facio.</strong></span> <span class='ocrx_word' id='word_1_103' title='bbox 303 2128 409 2202; x_wconf 88' lang='lat' dir='ltr'><strong>Nunc</strong></span> <span class='ocrx_word' id='word_1_104' title='bbox 425 2147 544 2203; x_wconf 88' lang='lat' dir='ltr'><strong>autem</strong></span> <span class='ocrx_word' id='word_1_105' title='bbox 563 2130 607 2203; x_wconf 86' lang='lat' dir='ltr'><strong>ad</strong></span> <span class='ocrx_word' id='word_1_106' title='bbox 626 2131 843 2204; x_wconf 89' lang='lat' dir='ltr'><strong>narrationis</strong></span> <span class='ocrx_word' id='word_1_107' title='bbox 858 2129 1025 2204; x_wconf 91' lang='lat' dir='ltr'><strong>ordinem</strong></span> <span class='ocrx_word' id='word_1_108' title='bbox 1043 2129 1163 2204; x_wconf 86' lang='lat' dir='ltr'><strong>redeo.</strong></span> 
     </span>
    </p>

    <p class='ocr_par' dir='ltr' id='par_1_4' title="bbox 176 2244 1251 3735">
     <span class='ocr_line' id='line_1_17' title="bbox 228 2244 1248 2336; baseline 0.002 -19"><span class='ocrx_word' id='word_1_109' title='bbox 228 2244 296 2317; x_wconf 82' lang='lat' dir='ltr'><strong>xl.</strong></span> <span class='ocrx_word' id='word_1_110' title='bbox 326 2245 435 2319; x_wconf 88' lang='lat' dir='ltr'><strong>Anno</strong></span> <span class='ocrx_word' id='word_1_111' title='bbox 462 2245 508 2318; x_wconf 90' lang='lat' dir='ltr'><strong>ab</strong></span> <span class='ocrx_word' id='word_1_112' title='bbox 531 2248 776 2321; x_wconf 88' lang='lat' dir='ltr'><strong>incarnatione</strong></span> <span class='ocrx_word' id='word_1_113' title='bbox 799 2248 945 2321; x_wconf 87' lang='lat' dir='ltr'><strong>Domini</strong></span> <span class='ocrx_word' id='word_1_114' title='bbox 977 2261 1105 2336; x_wconf 83' lang='lat' dir='ltr'><strong>u⁰xc⁰,</strong></span> <span class='ocrx_word' id='word_1_115' title='bbox 1130 2245 1248 2320; x_wconf 92' lang='lat' dir='ltr'><strong>indic-</strong></span> 
     </span>
     <span class='ocr_line' id='line_1_18' title="bbox 178 2363 1249 2453; baseline -0.001 -16"><span class='ocrx_word' id='word_1_116' title='bbox 178 2363 280 2437; x_wconf 89' lang='lat' dir='ltr'><strong>tione</strong></span> <span class='ocrx_word' id='word_1_117' title='bbox 291 2375 408 2453; x_wconf 81' lang='lat' dir='ltr'><strong>x⁸111·,</strong></span> <span class='ocrx_word' id='word_1_118' title='bbox 424 2363 647 2437; x_wconf 88' lang='lat' dir='ltr'><strong>Cenomanui</strong></span> <span class='ocrx_word' id='word_1_119' title='bbox 662 2381 787 2438; x_wconf 90' lang='lat' dir='ltr'><strong>contra</strong></span> <span class='ocrx_word' id='word_1_120' title='bbox 806 2364 1036 2439; x_wconf 89' lang='lat' dir='ltr'><strong>Normannos</strong></span> <span class='ocrx_word' id='word_1_121' title='bbox 1056 2364 1249 2438; x_wconf 82' lang='lat' dir='ltr'><strong>rebellave-</strong></span> 
     </span>
     <span class='ocr_line' id='line_1_19' title="bbox 178 2480 1245 2580; baseline 0.003 -29"><span class='ocrx_word' id='word_1_122' title='bbox 178 2495 286 2566; x_wconf 86' lang='lat' dir='ltr'><strong>runt,</strong></span> <span class='ocrx_word' id='word_1_123' title='bbox 311 2481 501 2580; x_wconf 84' lang='lat' dir='ltr'><strong>ejectisque</strong></span> <span class='ocrx_word' id='word_1_124' title='bbox 521 2480 727 2554; x_wconf 88' lang='lat' dir='ltr'><strong>custodibus</strong></span> <span class='ocrx_word' id='word_1_125' title='bbox 748 2507 872 2555; x_wconf 86' lang='lat' dir='ltr'><strong>eorum</strong></span> <span class='ocrx_word' id='word_1_126' title='bbox 898 2480 942 2555; x_wconf 89' lang='lat' dir='ltr'><strong>de</strong></span> <span class='ocrx_word' id='word_1_127' title='bbox 964 2480 1245 2575; x_wconf 86' lang='lat' dir='ltr'><strong>munitionibus,</strong></span> 
     </span>
     <span class='ocr_line' id='line_1_20' title="bbox 178 2597 1249 2699; baseline 0.001 -29"><span class='ocrx_word' id='word_1_128' title='bbox 178 2621 316 2671; x_wconf 81' lang='lat' dir='ltr'><strong>novum</strong></span> <span class='ocrx_word' id='word_1_129' title='bbox 332 2598 534 2696; x_wconf 87' lang='lat' dir='ltr'><strong>principem</strong></span> <span class='ocrx_word' id='word_1_130' title='bbox 548 2597 615 2671; x_wconf 94' lang='lat' dir='ltr'><strong>sibi</strong></span> <span class='ocrx_word' id='word_1_131' title='bbox 631 2600 907 2673; x_wconf 86' lang='lat' dir='ltr'><strong>constituerunt.</strong></span> <span class='ocrx_word' id='word_1_132' title='bbox 924 2599 1016 2672; x_wconf 89' lang='lat' dir='ltr'><strong>Nam</strong></span> <span class='ocrx_word' id='word_1_133' title='bbox 1030 2600 1093 2699; x_wconf 85' lang='lat' dir='ltr'><strong>qui</strong></span> <span class='ocrx_word' id='word_1_134' title='bbox 1108 2599 1249 2673; x_wconf 82' lang='lat' dir='ltr'><strong>vivente</strong></span> 
     </span>
     <span class='ocr_line' id='line_1_21' title="bbox 178 2712 1248 2814; baseline 0 -27"><span class='ocrx_word' id='word_1_135' title='bbox 178 2712 375 2797; x_wconf 76' lang='lat' dir='ltr'><strong>Guillelmo</strong></span> <span class='ocrx_word' id='word_1_136' title='bbox 392 2739 477 2814; x_wconf 83' lang='lat' dir='ltr'><strong>rege</strong></span> <span class='ocrx_word' id='word_1_137' title='bbox 493 2732 620 2789; x_wconf 86' lang='lat' dir='ltr'><strong>contra</strong></span> <span class='ocrx_word' id='word_1_138' title='bbox 637 2741 719 2789; x_wconf 88' lang='lat' dir='ltr'><strong>eum</strong></span> <span class='ocrx_word' id='word_1_139' title='bbox 739 2714 914 2789; x_wconf 90' lang='lat' dir='ltr'><strong>rebellare</strong></span> <span class='ocrx_word' id='word_1_140' title='bbox 930 2716 1114 2789; x_wconf 82' lang='lat' dir='ltr'><strong>multoties</strong></span> <span class='ocrx_word' id='word_1_141' title='bbox 1130 2716 1248 2790; x_wconf 89' lang='lat' dir='ltr'><strong>conati</strong></span> 
     </span>
     <span class='ocr_line' id='line_1_22' title="bbox 179 2828 1248 2935; baseline 0 -33"><span class='ocrx_word' id='word_1_142' title='bbox 179 2843 285 2916; x_wconf 84' lang='lat' dir='ltr'><strong>suut,</strong></span> <span class='ocrx_word' id='word_1_143' title='bbox 319 2830 395 2927; x_wconf 88' lang='lat' dir='ltr'><strong>ipso</strong></span> <span class='ocrx_word' id='word_1_144' title='bbox 425 2846 571 2903; x_wconf 89' lang='lat' dir='ltr'><strong>mortuo</strong></span> <span class='ocrx_word' id='word_1_145' title='bbox 601 2832 722 2903; x_wconf 88' lang='lat' dir='ltr'><strong>statim</strong></span> <span class='ocrx_word' id='word_1_146' title='bbox 748 2829 796 2935; x_wconf 81' lang='lat' dir='ltr'><strong>de</strong></span> <span class='ocrx_word' id='word_1_147' title='bbox 816 2830 1022 2907; x_wconf 88' lang='lat' dir='ltr'><strong>rebellione</strong></span> <span class='ocrx_word' id='word_1_148' title='bbox 1049 2828 1248 2903; x_wconf 88' lang='lat' dir='ltr'><strong>machinari</strong></span> 
     </span>
     <span class='ocr_line' id='line_1_23' title="bbox 179 2945 1249 3047; baseline 0.001 -28"><span class='ocrx_word' id='word_1_149' title='bbox 179 2963 385 3045; x_wconf 86' lang='lat' dir='ltr'><strong>ooeperunt.</strong></span> <span class='ocrx_word' id='word_1_150' title='bbox 402 2947 635 3047; x_wconf 83' lang='lat' dir='ltr'><strong>Legationem</strong></span> <span class='ocrx_word' id='word_1_151' title='bbox 658 2949 768 3047; x_wconf 80' lang='lat' dir='ltr'><strong>igitur</strong></span> <span class='ocrx_word' id='word_1_152' title='bbox 787 2947 869 3020; x_wconf 86' lang='lat' dir='ltr'><strong>filiis</strong></span> <span class='ocrx_word' id='word_1_153' title='bbox 892 2947 1060 3038; x_wconf 87' lang='lat' dir='ltr'><strong>Azsonis,</strong></span> <span class='ocrx_word' id='word_1_154' title='bbox 1082 2945 1249 3021; x_wconf 91' lang='lat' dir='ltr'><strong>marchisi</strong></span> 
     </span>
     <span class='ocr_line' id='line_1_24' title="bbox 179 3061 1250 3166; baseline 0.007 -34"><span class='ocrx_word' id='word_1_155' title='bbox 179 3061 337 3163; x_wconf 78' lang='lat' dir='ltr'><strong>Liguriae</strong></span> <span class='ocrx_word' id='word_1_156' title='bbox 354 3067 420 3160; x_wconf 87' lang='lat' dir='ltr'><strong>(a),</strong></span> <span class='ocrx_word' id='word_1_157' title='bbox 434 3063 663 3154; x_wconf 86' lang='lat' dir='ltr'><strong>direxerunt,</strong></span> <span class='ocrx_word' id='word_1_158' title='bbox 677 3066 797 3166; x_wconf 86' lang='lat' dir='ltr'><strong>eisque</strong></span> <span class='ocrx_word' id='word_1_159' title='bbox 813 3066 906 3141; x_wconf 85' lang='lat' dir='ltr'><strong>velle</strong></span> <span class='ocrx_word' id='word_1_160' title='bbox 923 3091 1026 3137; x_wconf 91' lang='lat' dir='ltr'><strong>suum</strong></span> <span class='ocrx_word' id='word_1_161' title='bbox 1045 3065 1250 3139; x_wconf 88' lang='lat' dir='ltr'><strong>intimantes</strong></span> 
     </span>
     <span class='ocr_line' id='line_1_25' title="bbox 180 3178 1246 3284; baseline 0.008 -35"><span class='ocrx_word' id='word_1_162' title='bbox 180 3201 246 3277; x_wconf 80' lang='lat' dir='ltr'><strong>per</strong></span> <span class='ocrx_word' id='word_1_163' title='bbox 261 3178 419 3277; x_wconf 80' lang='lat' dir='ltr'><strong>legatum</strong></span> <span class='ocrx_word' id='word_1_164' title='bbox 433 3180 603 3255; x_wconf 83' lang='lat' dir='ltr'><strong>dixerunt</strong></span> <span class='ocrx_word' id='word_1_165' title='bbox 619 3211 628 3254; x_wconf 75' lang='grc' dir='ltr'><strong><em>ε</em></strong></span> <span class='ocrx_word' id='word_1_166' title='bbox 647 3183 810 3256; x_wconf 74' lang='lat' dir='ltr'><strong>Guttam</strong></span> <span class='ocrx_word' id='word_1_167' title='bbox 822 3200 999 3283; x_wconf 80' lang='lat' dir='ltr'><strong>segneset</strong></span> <span class='ocrx_word' id='word_1_168' title='bbox 1012 3185 1139 3284; x_wconf 64' lang='lat' dir='ltr'><strong>ignam</strong></span> <span class='ocrx_word' id='word_1_169' title='bbox 1150 3186 1246 3273; x_wconf 75' lang='lat' dir='ltr'><strong>estis,</strong></span> 
     </span>
     <span class='ocr_line' id='line_1_26' title="bbox 180 3293 1251 3400; baseline 0.006 -33"><span class='ocrx_word' id='word_1_170' title='bbox 180 3310 219 3367; x_wconf 88' lang='lat' dir='ltr'><strong>ut</strong></span> <span class='ocrx_word' id='word_1_171' title='bbox 236 3293 476 3369; x_wconf 77' lang='lat' dir='ltr'><strong>hereditatem</strong></span> <span class='ocrx_word' id='word_1_172' title='bbox 493 3315 651 3370; x_wconf 85' lang='lat' dir='ltr'><strong>nestram</strong></span> <span class='ocrx_word' id='word_1_173' title='bbox 663 3325 737 3372; x_wconf 87' lang='lat' dir='ltr'><strong>non</strong></span> <span class='ocrx_word' id='word_1_174' title='bbox 748 3305 937 3400; x_wconf 82' lang='lat' dir='ltr'><strong>repetatis,</strong></span> <span class='ocrx_word' id='word_1_175' title='bbox 953 3327 1065 3400; x_wconf 89' lang='lat' dir='ltr'><strong>quam</strong></span> <span class='ocrx_word' id='word_1_176' title='bbox 1078 3328 1145 3373; x_wconf 87' lang='lat' dir='ltr'><strong>nos</strong></span> <span class='ocrx_word' id='word_1_177' title='bbox 1158 3299 1251 3373; x_wconf 83' lang='lat' dir='ltr'><strong>ultro</strong></span> 
     </span>
     <span class='ocr_line' id='line_1_27' title="bbox 178 3411 1250 3505; baseline 0.004 -22"><span class='ocrx_word' id='word_1_178' title='bbox 178 3434 363 3483; x_wconf 74' lang='lat' dir='ltr'><strong>terramus</strong></span> <span class='ocrx_word' id='word_1_179' title='bbox 384 3411 517 3484; x_wconf 75' lang='lat' dir='ltr'><strong>uobis?</strong></span> <span class='ocrx_word' id='word_1_180' title='bbox 534 3414 673 3485; x_wconf 82' lang='lat' dir='ltr'><strong>Mortui</strong></span> <span class='ocrx_word' id='word_1_181' title='bbox 687 3430 776 3505; x_wconf 83' lang='lat' dir='ltr'><strong>sunt</strong></span> <span class='ocrx_word' id='word_1_182' title='bbox 794 3441 918 3487; x_wconf 82' lang='lat' dir='ltr'><strong>omnes</strong></span> <span class='ocrx_word' id='word_1_183' title='bbox 944 3416 1250 3488; x_wconf 83' lang='lat' dir='ltr'><strong>Cenomamzensis</strong></span> 
     </span>
     <span class='ocr_line' id='line_1_28' title="bbox 176 3524 1250 3631; baseline 0.007 -37"><span class='ocrx_word' id='word_1_184' title='bbox 176 3524 410 3624; x_wconf 72' lang='lat' dir='ltr'><strong>principatus</strong></span> <span class='ocrx_word' id='word_1_185' title='bbox 440 3526 592 3631; x_wconf 78' lang='lat' dir='ltr'><strong>legitimi</strong></span> <span class='ocrx_word' id='word_1_186' title='bbox 620 3527 786 3618; x_wconf 77' lang='lat' dir='ltr'><strong>heredes,</strong></span> <span class='ocrx_word' id='word_1_187' title='bbox 810 3530 969 3627; x_wconf 87' lang='lat' dir='ltr'><strong>jamque</strong></span> <span class='ocrx_word' id='word_1_188' title='bbox 996 3528 1120 3602; x_wconf 82' lang='lat' dir='ltr'><strong>nullus</strong></span> <span class='ocrx_word' id='word_1_189' title='bbox 1149 3529 1250 3601; x_wconf 81' lang='lat' dir='ltr'><strong>nobis</strong></span> 
     </span>
     <span class='ocr_line' id='line_1_29' title="bbox 177 3642 1251 3735; baseline 0.005 -23"><span class='ocrx_word' id='word_1_190' title='bbox 177 3643 335 3715; x_wconf 76' lang='lat' dir='ltr'><strong>vicinior</strong></span> <span class='ocrx_word' id='word_1_191' title='bbox 348 3642 523 3714; x_wconf 83' lang='lat' dir='ltr'><strong>estiteres.</strong></span> <span class='ocrx_word' id='word_1_192' title='bbox 543 3643 765 3716; x_wconf 86' lang='lat' dir='ltr'><strong>Guillelmus</strong></span> <span class='ocrx_word' id='word_1_193' title='bbox 780 3646 904 3735; x_wconf 84' lang='lat' dir='ltr'><strong>etiam,</strong></span> <span class='ocrx_word' id='word_1_194' title='bbox 923 3645 1102 3718; x_wconf 83' lang='lat' dir='ltr'><strong>uiolentus</strong></span> <span class='ocrx_word' id='word_1_195' title='bbox 1119 3647 1251 3717; x_wconf 88' lang='lat' dir='ltr'><strong>multo-</strong></span> 
     </span>
    </p>
   </div>
   <div class='ocr_carea' id='block_1_3' title="bbox 178 3928 1252 4095">
    <p class='ocr_par' dir='ltr' id='par_1_5' title="bbox 178 3928 1252 4095">
     <span class='ocr_line' id='line_1_30' title="bbox 213 3928 1252 4006; baseline 0.008 -23"><span class='ocrx_word' id='word_1_196' title='bbox 213 3928 255 3999; x_wconf 85' lang='grc' dir='ltr'><strong>(ι)</strong></span> <span class='ocrx_word' id='word_1_197' title='bbox 266 3928 307 3983; x_wconf 85' lang='lat' dir='ltr'><strong>Ce</strong></span> <span class='ocrx_word' id='word_1_198' title='bbox 321 3939 396 3997; x_wconf 89' lang='lat' dir='ltr'><strong>mot,</strong></span> <span class='ocrx_word' id='word_1_199' title='bbox 408 3932 456 4003; x_wconf 93' lang='lat' dir='ltr'><strong>qui</strong></span> <span class='ocrx_word' id='word_1_200' title='bbox 469 3949 539 3984; x_wconf 88' lang='lat' dir='ltr'><strong>nous</strong></span> <span class='ocrx_word' id='word_1_201' title='bbox 554 3932 643 4004; x_wconf 80' lang='lat' dir='ltr'><strong>paruit</strong></span> <span class='ocrx_word' id='word_1_202' title='bbox 654 3933 713 3986; x_wconf 70' lang='lat' dir='ltr'><strong>etre</strong></span> <span class='ocrx_word' id='word_1_203' title='bbox 726 3933 761 3987; x_wconf 89' lang='lat' dir='ltr'><strong>de</strong></span> <span class='ocrx_word' id='word_1_204' title='bbox 775 3932 798 3988; x_wconf 88' lang='lat' dir='ltr'><strong>la</strong></span> <span class='ocrx_word' id='word_1_205' title='bbox 812 3935 935 3989; x_wconf 78' lang='lat' dir='ltr'><strong>creatiou</strong></span> <span class='ocrx_word' id='word_1_206' title='bbox 948 3935 982 3990; x_wconf 91' lang='lat' dir='ltr'><strong>de</strong></span> <span class='ocrx_word' id='word_1_207' title='bbox 996 3947 1076 3992; x_wconf 88' lang='lat' dir='ltr'><strong>notre</strong></span> <span class='ocrx_word' id='word_1_208' title='bbox 1087 3947 1195 4006; x_wconf 85' lang='lat' dir='ltr'><strong>auteur,</strong></span> <span class='ocrx_word' id='word_1_209' title='bbox 1211 3949 1252 3992; x_wconf 90' lang='lat' dir='ltr'><strong>est</strong></span> 
     </span>
     <span class='ocr_line' id='line_1_31' title="bbox 178 4015 947 4095; baseline 0.009 -25"><span class='ocrx_word' id='word_1_210' title='bbox 178 4015 357 4073; x_wconf 76' lang='lat' dir='ltr'><strong>visiblement</strong></span> <span class='ocrx_word' id='word_1_211' title='bbox 373 4037 524 4091; x_wconf 87' lang='lat' dir='ltr'><strong>synonyme</strong></span> <span class='ocrx_word' id='word_1_212' title='bbox 535 4021 570 4076; x_wconf 89' lang='lat' dir='ltr'><strong>de</strong></span> <span class='ocrx_word' id='word_1_213' title='bbox 585 4030 733 4092; x_wconf 80' lang='lat' dir='ltr'><strong>nepotatur</strong></span> <span class='ocrx_word' id='word_1_214' title='bbox 748 4047 754 4074; x_wconf 83' lang='lat'><strong>.·</strong></span> <span class='ocrx_word' id='word_1_215' title='bbox 770 4023 947 4095; x_wconf 75' lang='lat' dir='ltr'><strong>prodigalitd.</strong></span> 
     </span>
    </p>
   </div>
   <div class='ocr_carea' id='block_1_4' title="bbox 216 4109 1252 4185">
    <p class='ocr_par' dir='ltr' id='par_1_6' title="bbox 216 4109 1252 4185">
     <span class='ocr_line' id='line_1_32' title="bbox 216 4109 1252 4185; baseline 0.009 -23"><span class='ocrx_word' id='word_1_216' title='bbox 216 4109 257 4179; x_wconf 80' lang='lat' dir='ltr'><strong>(a)</strong></span> <span class='ocrx_word' id='word_1_217' title='bbox 268 4112 359 4174; x_wconf 79' lang='lat' dir='ltr'><strong>Aeon,</strong></span> <span class='ocrx_word' id='word_1_218' title='bbox 374 4112 496 4184; x_wconf 86' lang='lat' dir='ltr'><strong>marquis</strong></span> <span class='ocrx_word' id='word_1_219' title='bbox 508 4111 680 4185; x_wconf 70' lang='lat' dir='ltr'><strong>deligans,</strong></span> <span class='ocrx_word' id='word_1_220' title='bbox 695 4113 796 4167; x_wconf 85' lang='lat' dir='ltr'><strong>second</strong></span> <span class='ocrx_word' id='word_1_221' title='bbox 807 4115 875 4168; x_wconf 88' lang='lat' dir='ltr'><strong>mari</strong></span> <span class='ocrx_word' id='word_1_222' title='bbox 887 4113 921 4168; x_wconf 82' lang='lat' dir='ltr'><strong>ds</strong></span> <span class='ocrx_word' id='word_1_223' title='bbox 935 4115 1095 4184; x_wconf 70' lang='lat' dir='ltr'><strong>Garsauria,</strong></span> <span class='ocrx_word' id='word_1_224' title='bbox 1112 4117 1165 4171; x_wconf 79' lang='lat' dir='ltr'><strong>fille</strong></span> <span class='ocrx_word' id='word_1_225' title='bbox 1176 4118 1252 4172; x_wconf 69' lang='lat' dir='ltr'><strong>alnae</strong></span> 
     </span>
    </p>
   </div>
   <div class='ocr_carea' id='block_1_5' title="bbox 180 4186 851 4287">
    <p class='ocr_par' dir='ltr' id='par_1_7' title="bbox 180 4186 851 4287">
     <span class='ocr_line' id='line_1_33' title="bbox 180 4186 851 4287; baseline 0.01 -37"><span class='ocrx_word' id='word_1_226' title='bbox 180 4186 572 4287; x_wconf 62' lang='lat' dir='ltr'><strong>‹t’Herbert-dsetlte-Chien,</strong></span> <span class='ocrx_word' id='word_1_227' title='bbox 590 4213 680 4255; x_wconf 82' lang='lat' dir='ltr'><strong>comte</strong></span> <span class='ocrx_word' id='word_1_228' title='bbox 696 4202 734 4258; x_wconf 90' lang='lat' dir='ltr'><strong>du</strong></span> <span class='ocrx_word' id='word_1_229' title='bbox 750 4205 851 4258; x_wconf 78' lang='lat' dir='ltr'><strong>llaiuc.</strong></span> 
     </span>
    </p>
   </div>
   <div class='ocr_carea' id='block_1_6' title="bbox 0 0 1460 4934">
    <p class='ocr_par' dir='ltr' id='par_1_8' title="bbox 0 0 1460 4934">
     <span class='ocr_line' id='line_1_34' title="bbox 0 0 1460 4934; baseline 0 0"><span class='ocrx_word' id='word_1_230' title='bbox 0 0 1460 4934; x_wconf 95' lang='lat' dir='ltr'><strong> </strong></span> 
     </span>
    </p>
   </div>
  </div>
 </body>
</html>
