2872 4920
187 374 247 434 356
463 370 648 430 HISTORIA
672 369 981 432 Eccttsnstlcn.
1156 375 1253 449 [1090]

186 505 358 603 demptio,
370 501 438 574 sed
446 503 581 575 debitae
592 507 718 575 mortis
729 504 964 576 acceleratio.
978 502 1085 577 Tunc
1096 503 1253 579 Couauus

187 644 332 718 gemens
350 620 518 693 clamavit
533 620 603 690 alta
621 644 708 692 voce
728 648 734 688 :
755 621 831 692 Pro
848 646 991 709 amore,
1012 620 1153 721 inquit,
1174 623 1252 712 Dei,

187 735 448 827 confessionem
475 736 565 807 mitt
589 738 769 837 permitte.
793 738 932 810 Verum
955 739 1155 827 Heuricus,
1182 764 1254 812 acer

185 857 354 927 fraternae
369 856 468 928 ultor
484 855 638 954 injuriae,
653 881 731 953 prae
746 857 797 928 ira
812 856 1010 943 infremuit,
1025 873 1063 930 et
1079 874 1253 956 contemp

185 975 229 1046 tis
256 976 346 1072 elegi
374 973 714 1072 supplicationibus,
748 976 861 1072 ipsum
897 973 1072 1047 ambabus
1097 973 1251 1048 manibus

186 1092 347 1189 impulit,
367 1106 403 1162 et
424 1116 490 1189 per
514 1092 705 1163 fenestram
723 1092 833 1162 turris
857 1089 1024 1165 deorsum
1053 1093 1250 1190 praecipita-

184 1210 250 1279 vit.
267 1208 335 1300 Qui
349 1207 543 1280 miserabili
559 1234 640 1280 casu
656 1207 692 1278 in
708 1225 895 1281 momento
908 1208 1114 1282 confractus
1128 1225 1194 1299 est,
1208 1224 1247 1295 et,

184 1343 376 1426 antequam
398 1327 516 1400 solum
534 1327 747 1424 attingeret,
768 1343 931 1399 mortuus
952 1344 1018 1399 est.
1038 1326 1179 1399 Deinde
1198 1352 1247 1400 ca·

183 1443 293 1517 darer
312 1445 408 1517 illius
420 1446 574 1543 jumenti
594 1442 715 1516 caudae
732 1447 903 1517 innexum
918 1461 989 1530 est,
1006 1460 1041 1516 et
1054 1470 1124 1543 per
1137 1468 1247 1516 omnes

184 1564 374 1664 Rotomagi
393 1565 504 1650 vicos,
520 1563 564 1635 ad
578 1562 766 1636 terrendos
779 1562 993 1650 desertores,
1009 1563 1169 1660 turpiter
1183 1586 1246 1660 per·

185 1697 340 1753 tractum
358 1696 425 1752 est.
448 1680 563 1752 Locus
583 1680 675 1777 ipse,
698 1678 759 1750 ubi
784 1678 939 1751 vindicta
959 1676 1162 1777 hujusmodi
1181 1700 1245 1775 per·

183 1813 320 1896 petrata
339 1815 408 1883 est,
437 1798 545 1869 saltus
570 1797 707 1870 Conani
728 1821 839 1895 usque
863 1797 899 1868 in
927 1794 1142 1869 hodiernam
1163 1792 1242 1866 dieu

182 1917 358 1990 vocitatus
376 1919 460 2014 est(
485 1918 514 2015 ).

233 2033 438 2107 Rodbertus
453 2036 573 2107 a'utem
589 2031 681 2120 dux,
700 2048 740 2104 ut
756 2031 801 2104 de
818 2032 928 2105 Prnto
939 2031 982 2104 ud
997 2056 1119 2104 arcem
1132 2027 1238 2112 rediit,

181 2167 218 2221 et
229 2177 310 2250 quae
323 2167 419 2250 gesta
433 2150 576 2222 luerunt
590 2150 787 2247 comperit,
805 2152 937 2246 pietate
952 2164 1087 2236 motus,
1108 2147 1241 2220 inlortu·
1256 2219 1261 2227 ,

181 2267 244 2340 nio
263 2269 396 2340 civium
424 2267 631 2356 condoluit.;
655 2265 716 2339 sed
732 2266 874 2340 fortiori
897 2291 1153 2366 magnatorum
1177 2288 1240 2336 cen·

181 2407 262 2454 sura
298 2383 541 2481 praevalente‚
578 2385 647 2455 reis
676 2408 825 2480 parcere
859 2383 1037 2483 nequivit.
1075 2384 1178 2454 Tunc
1202 2375 1239 2451 ibi

181 2499 389 2575 Rodbertus
423 2501 676 2588 Belesmensis,
710 2518 747 2574 et
780 2502 995 2575 Guillelmus
1026 2494 1239 2573 Bretolieusis

181 2617 383 2709 affuerunt,
402 2636 439 2692 et
452 2613 686 2693 Rodomanos
702 2619 836 2692 incolas
849 2619 948 2690 velut
960 2635 1104 2693 exteros
1122 2613 1239 2717 prede

181 2762 244 2809 nes
265 2739 424 2835 captivos
441 2736 687 2822 abduxerunt,
710 2756 746 2810 et
763 2737 989 2837 squaloribus
1007 2738 1161 2810 carceris
1176 2757 1237 2833 gn·

181 2855 275 2927 viter
285 2856 499 2929 afflixerunt.
514 2837 741 2942 Guillelmus,
755 2856 919 2955 Ansgerii
932 2856 1039 2942 lilius,
1053 2853 1238 2927 Rodomen·

180 2975 272 3045 sium
315 2974 530 3065 ditissimus,
569 3004 588 3047 a
630 2975 827 3048 Guillelmo
862 2975 1078 3047 Bretoliensi
1115 2973 1238 3046 ducitur

181 3090 359 3188 captivus,
379 3108 416 3165 et
437 3109 521 3189 post
539 3092 667 3191 longos
691 3093 845 3165 carceris
860 3092 1042 3191 squalores
1059 3090 1237 3163 redimite

181 3206 359 3280 librarum
385 3209 500 3281 tribus
517 3210 678 3282 millibus
697 3212 767 3306 (2).
789 3211 846 3282 Sic
869 3210 1055 3283 Belesmici
1082 3226 1118 3282 et
1144 3201 1236 3306 Aqui-

180 3326 264 3416 lini,
284 3329 478 3426 ceterique
491 3327 590 3402 ducis
607 3330 784 3400 auxiliarii
802 3344 928 3401 contra
947 3353 983 3399 se
996 3328 1052 3424 (3)
1068 3324 1235 3399 truculen-

1051 3507 1234 3529 -.„-....—ae⁶

181 3630 220 3684 les
240 3634 395 3704 propridtes
414 3632 514 3706 qu’elle
535 3634 607 3687 avait
621 3633 744 3688 douue'es
763 3637 778 3687 a
798 3632 1131 3703 l'Abbaye-aux·Dames‚
1150 3636 1234 3684 comme

182 3737 252 3773 nous
267 3739 369 3774 venons
382 3721 416 3774 de
431 3722 456 3776 le
469 3723 537 3776 voir.

216 3808 226 3876 (
232 3810 255 3880 1)
273 3810 309 3863 La
327 3809 463 3864 tradition
489 3811 569 3864 dece
584 3829 648 3864 nom
666 3831 700 3864 ne
714 3812 778 3864 s'est
791 3828 838 3883 pas
850 3812 1009 3864 conserve'e.

216 3901 254 3970 (a)
275 3899 322 3954 On
341 3919 518 3974 rentaequera
537 3919 593 3975 que
612 3902 705 3955 c’etait
725 3903 911 3974 precisement
929 3899 955 3953 la
975 3900 1067 3953 meme
1084 3914 1181 3971 ranooo
1195 3902 1233 3966 que

180 3988 341 4043 Guillaume
355 3990 390 4045 de
401 3991 524 4045 Breteuil
539 3993 630 4046 venuit
642 3992 677 4045 de
690 4011 774 4065 payer
785 3996 799 4045 a
812 4010 861 4045 son
876 3991 955 4045 oncle
967 3989 1057 4044 Raoul
1070 3988 1106 4044 de
1119 3984 1230 4045 (tucho

216 4077 255 4151 (ὅ)
270 4079 292 4134 ΙΙ
304 4079 365 4135 doit
377 4100 395 4153 y
410 4083 486 4136 avoir
498 4083 619 4158 quelque
633 4085 791 4139 correction
804 4087 818 4137 ἐι
832 4084 900 4137 laire
913 4086 928 4136 t
941 4100 972 4135 ce
984 4091 1098 4154 passage
1110 4080 1168 4153 qui,
1181 4073 1230 4127 (1²⁰¹

181 4187 231 4224 son
246 4173 303 4226 etat
317 4171 422 4239 actuel,
439 4190 473 4225 ue
486 4176 614 4245 presente
630 4191 677 4245 pas
691 4191 730 4228 un
743 4191 805 4228 sens
818 4171 992 4228 satissaisaut.
