2888 4934
266 394 326 457 tet
532 395 715 458 HISTORIA
736 397 1044 461 ecctffitsstlct.
1067 403 1224 479 [tunsam
1242 405 1342 482 1099]

262 527 462 626 Praeposuit
473 527 571 599 enim
584 554 725 601 causam
735 531 883 604 Deisuae
895 533 1086 620 voluntati,
1098 534 1154 606 vel
1165 532 1335 606 utilitati.

265 645 410 719 Summa
434 642 580 744 quidem
597 647 711 722 virtus
726 664 779 721 est
802 649 839 720 in
863 648 1105 749 principibus,
1125 651 1154 723 si
1173 649 1244 723 sibi
1268 651 1335 749 ipsi

263 762 507 836 dominentur.
526 763 569 834 ln
587 760 737 836 ducibus
753 765 851 837 enim
876 766 987 838 nimia
1005 764 1224 857 obstinatio,
1242 765 1337 838 sub-

262 877 423 954 ditorum
454 879 617 953 omnium
649 896 702 952 est
728 881 958 981 periclitatio.
991 883 1189 982 Imperavit
1220 883 1338 982 igitur

263 1021 380 1071 comes
397 995 464 1069 sibi
481 996 564 1095 ipsi,
585 1022 632 1070 ne
648 999 749 1071 omni
767 1015 915 1072 noceret
931 997 1206 1072 christianitati.
1223 1001 1336 1072 Man·

261 1110 360 1185 davit
377 1128 497 1185 autem
514 1111 720 1186 hominibus
741 1115 811 1187 suis
834 1130 876 1187 ut
898 1115 1067 1214 palatium
1083 1115 1243 1189 Cassiani
1265 1141 1336 1189 cu·

261 1229 357 1302 riose
373 1229 559 1302 munirent
580 1231 649 1329 (t).
678 1231 803 1304 Exivit
828 1231 949 1305 Marra
973 1232 1050 1305 idus
1068 1233 1230 1332 januarii
1255 1233 1333 1329 (a),

261 1345 365 1421 nudis
380 1344 548 1445 pedibus,
567 1363 603 1419 et
619 1349 820 1448 peregrinis
832 1350 897 1422 Dei
915 1350 1116 1450 coagulavit
1133 1375 1174 1423 se
1187 1367 1336 1449 sponta-

260 1487 361 1537 ncus.
377 1465 454 1538 Hoc
469 1465 613 1564 signum
624 1482 795 1565 suscepte
807 1466 1108 1567 peregrinationis
1120 1466 1336 1540 humiliatus

260 1605 378 1655 comes
397 1579 568 1655 ostendit.
596 1581 750 1656 Grandis
767 1583 886 1683 itaque
909 1584 945 1656 in
969 1583 1104 1682 populo
1119 1583 1189 1656 Dei
1207 1584 1333 1656 laetitia

259 1697 349 1770 facta
374 1715 445 1787 est,
465 1713 501 1771 et
519 1697 592 1771 dux
616 1699 851 1774 Normanniae
867 1699 1179 1800 proficiscentibus
1198 1701 1273 1773 illis
1290 1699 1332 1772 ad

260 1815 441 1889 civitatem
458 1814 682 1915 caphardam
697 1818 751 1917 (ὅ)
768 1817 955 1918 adjunctus
970 1835 1036 1892 est.
1056 1819 1110 1891 lbi
1131 1835 1208 1891 tres
1225 1820 1331 1919 quie-

259 1950 391 2008 verunt
402 1932 477 2007 dies
487 1989 497 2021 ,
509 1949 545 2007 et
559 1959 624 2008 rex
639 1934 810 2008 Caesareae
825 1939 878 2032 (4)
888 1962 1011 2036 paoem
1025 1963 1108 2009 cum
1122 1935 1330 2011 consulibus

257 2051 354 2125 lecit.
370 2051 582 2124 Multotiens
595 2053 693 2125 enim
710 2049 845 2152 legatos
861 2079 942 2127 suos
961 2067 1064 2126 antea
1089 2052 1257 2125 Marcam
1271 2050 1329 2123 di-

293 2344 303 2412 l
309 2345 333 2414 ι)
348 2344 402 2401 Cet
416 2342 500 2398 ordre
519 2362 624 2415 prouve
636 2362 692 2418 que
706 2344 734 2399 le
749 2345 875 2417 repentis
887 2343 926 2398 du
939 2354 1030 2399 comte
1045 2344 1144 2398 u’itait
1160 2345 1225 2398 rien
1242 2344 1328 2397 moins

257 2450 313 2507 que
326 2416 456 2505 complet.
471 2432 511 2488 Ce
521 2451 557 2486 nc
569 2433 613 2487 fut
623 2450 672 2506 pas
683 2432 837 2488 seulement
848 2432 875 2488 le
888 2432 973 2506 paleis
985 2432 1021 2488 de
1032 2431 1134 2499 l’emir‚
1148 2434 1221 2486 mais
1232 2450 1328 2486 encore

257 2521 284 2578 la
295 2524 427 2597 mosquee
437 2522 620 2577 transformee
630 2541 665 2577 en
678 2523 795 2577 chiteau
807 2542 842 2577 au
854 2523 922 2577 bout
932 2522 972 2576 du
983 2532 1051 2596 pout
1062 2521 1247 2590 d’Autioche,
1262 2519 1327 2594 qu’il

257 2614 453 2671 recommanda
469 2617 484 2668 a
500 2614 526 2668 la
541 2613 676 2688 vigilance
692 2614 727 2669 de
744 2632 786 2669 ses
801 2615 928 2669 hommes
941 2614 1069 2669 d’armes.
1089 2612 1237 2670 Boemond
1255 2611 1327 2666 saisit

256 2704 283 2760 le
300 2714 425 2759 moment
443 2702 478 2758 de
494 2703 630 2758 l'absence
647 2703 682 2757 de
698 2702 836 2758 Godesroi
853 2721 926 2777 pour
944 2702 1093 2775 s'emparer
1109 2701 1146 2756 de
1165 2720 1199 2756 ce
1218 2700 1327 2755 dernier

255 2795 326 2861 torn
345 2803 375 2848 ct
391 2803 479 2867 quant
498 2811 535 2847 au
553 2794 684 2864 premier,
706 2792 868 2865 Tancrede,
885 2793 955 2847 dans
974 2811 1013 2846 un
1032 2799 1158 2846 moment
1179 2791 1327 2846 d'humeur

256 2894 354 2937 contre
364 2881 392 2936 le
404 2893 509 2949 comte,
525 2881 585 2936 vint
599 2891 661 2936 tout
673 2883 772 2954 expres
785 2882 821 2936 de
836 2881 948 2937 Marrah
962 2899 1034 2954 pour
1047 2880 1105 2935 s’en
1118 2898 1249 2953 emparer
1260 2889 1289 2934 et
1302 2878 1327 2932 le

256 2981 389 3027 remettre
401 2975 416 3026 si
430 2971 584 3026 Boemond.
599 2971 694 3044 Voyez
709 2970 799 3026 Raoul
812 2970 848 3026 de
861 2972 937 3027 Caen
950 2971 1074 3042 (xcvnt).

292 3063 332 3131 (a)
346 3061 383 3115 lc
400 3059 430 3116 15
439 3061 548 3133 janvier
563 3078 641 3135 ¹099·

288 3150 329 3223 (3)
348 3152 463 3208 Suivant
482 3152 580 3207 l’eract
599 3149 741 3207 Raimond
760 3149 901 3224 d’Agiles‚
923 3169 955 3206 ce
974 3147 1325 3222 licu‚quiu‘e1isteplns

254 3240 449 3314 aujourd'hui‚
470 3242 540 3297 ainsi
557 3240 626 3315 qu‘il
643 3239 746 3295 resulta
762 3239 811 3295 des
827 3240 1037 3313 investigatione
1053 3238 1088 3293 de
1106 3239 1145 3293 Μ.
1161 3237 1323 3310 Poujoulat‚

254 3332 374 3389 n'aurait
385 3333 430 3387 ete'
443 3331 506 3406 qu'lt
518 3342 618 3407 quatre
629 3330 716 3386 lieucs
728 3329 764 3389 de
777 3330 905 3395 Marrah,
922 3329 1133 3404 probablement
1145 3329 1216 3384 dans
1228 3328 1256 3383 le
1269 3330 1326 3383 voi·

254 3425 349 3497 sinage
362 3422 397 3478 de
408 3422 548 3479 l'Oronte.
565 3421 589 3476 ll
602 3441 637 3476 en
649 3431 692 3477 est
705 3420 756 3476 fait
769 3423 895 3476 mention
909 3421 978 3476 dans
991 3421 1134 3476 l’llistnire
1150 3420 1201 3475 des
1215 3437 1327 3492 guerres

253 3510 437 3579 ‹l’Antinche‚
454 3531 505 3585 par
519 3511 639 3567 Gautier
652 3511 678 3565 le
690 3509 866 3566 Chaucelier.
883 3511 922 3564 ll.
935 3508 1085 3581 Poujoulat
1097 3508 1230 3582 indique,
1248 3519 1326 3562 entre

255 3603 399 3677 Lattaquie
408 3613 436 3657 et
451 3603 536 3675 Alep‚
550 3621 589 3656 un
602 3600 837 3675 corps-de-garde
849 3600 885 3656 de
895 3601 984 3657 Gafar
995 3599 1066 3655 dont
1078 3600 1104 3656 le
1117 3618 1184 3654 nom
1198 3601 1326 3672 presente

252 3689 374 3765 quelque
384 3691 511 3766 analogia
527 3710 591 3746 avec
608 3691 738 3758 celui-ci,
760 3692 830 3746 mais
846 3693 863 3745 l
879 3710 935 3745 une
952 3691 1076 3746 distance
1092 3689 1128 3745 de
1144 3689 1261 3744 Marrah
1277 3690 1325 3762 qui

253 3797 288 3833 ne
301 3797 372 3833 nous
387 3780 478 3852 parsit
491 3797 539 3853 pas
553 3790 705 3851 permettre
717 3778 764 3851 d’y
777 3779 870 3852 placer
882 3778 1038 3851 capharda.

286 3869 326 3939 (4)
342 3871 382 3923 Cc
399 3889 434 3925 ne
450 3881 518 3943 peut
532 3871 592 3926 titre
607 3871 723 3928 cesaree
735 3869 771 3924 dc
784 3869 935 3935 Palestine,
950 3870 1039 3924 situee
1051 3877 1131 3922 entre
1144 3868 1326 3923 saint-lean-

252 3956 353 4012 d'Acre
374 3967 403 4010 ct
422 3957 506 4022 tarsa,
528 3959 597 4012 mais
617 3977 672 4012 une
693 3969 773 4013 autre
792 3957 858 4012 ville
881 3956 920 4010 du
943 3957 1035 4011 meme
1053 3972 1118 4009 nom
1143 3956 1194 4028 qui
1215 3957 1326 4010 eristait

252 4066 300 4107 sur
317 4046 356 4101 lcs
378 4046 462 4101 bords
479 4047 515 4100 de
533 4048 676 4117 l’Oronte,
690 4060 770 4105 entre
790 4049 913 4120 Apamee
934 4058 962 4102 ct
983 4035 1102 4101 Emesse.
1125 4046 1222 4116 Voyez
1241 4047 1326 4102 Guil-

252 4138 341 4205 lautne
355 4138 390 4191 dc
404 4139 472 4208 tyr,
487 4140 534 4210 qui
550 4138 675 4211 l‘appellc
687 4140 778 4195 tantist
796 4141 926 4194 Cesarea
939 4148 967 4192 et
980 4136 1069 4192 tantist
1085 4137 1228 4190 Goesarea.
