2888 4934
185 406 242 466 188
455 401 640 461 HISTORIA
662 400 968 462 eccttsttsttcu.
996 400 1000 409 ’
1140 403 1234 480 [rost]

183 535 265 634 quia
286 531 456 607 liberatus
472 561 492 605 a
509 531 663 605 terribili
688 531 786 606 boste
809 532 942 621 luerat,
960 528 1171 605 defunctum
1190 548 1236 604 ta-

187 674 270 721 men
287 647 435 737 ducem,
449 648 511 748 qui
527 673 713 746 nunquam
728 647 771 721 de
784 648 881 751 bello
893 649 1044 746 fugerat,
1058 671 1103 719 ex
1115 647 1238 745 pietate

182 766 337 839 multum
354 765 504 863 planxit.
529 766 726 838 licentiam
741 765 814 853 his,
830 767 891 866 qui
911 764 1030 838 redire
1050 765 1088 836 in
1106 763 1238 837 ltaliam

183 880 318 953 vellent
338 907 420 953 cum
437 879 605 954 cadavere
626 883 799 981 principis
820 881 893 970 sui,
917 895 953 952 et
969 877 1141 952 omnibus
1158 879 1237 966 suit,

182 999 388 1098 benigniter
403 1001 588 1073 concessit.
608 999 698 1072 Aliis
714 1026 818 1087 vero,
832 1000 894 1099 qui
911 1023 1030 1070 secum
1042 1022 1238 1086 remanere,

180 1116 319 1217 sibique
332 1120 466 1191 servire
478 1119 627 1204 vellent,
645 1118 742 1217 larga
758 1116 932 1216 stipendia
945 1116 1094 1216 pepigit.
1108 1117 1242 1214 Byzan-

182 1234 258 1305 tino
275 1259 319 1305 ex
345 1251 430 1307 tunc
449 1236 567 1333 itaque
584 1232 739 1307 fideliter
765 1233 923 1306 famulati
945 1246 1047 1319 sunt,
1063 1231 1128 1331 qui
1146 1244 1243 1304 antoe

180 1348 322 1423 sortiter
353 1352 668 1450 impugnaverant.
695 1352 906 1423 Remeantes
934 1365 1053 1421 autem
1076 1349 1113 1420 in
1146 1346 1245 1446 Apu·

184 1465 267 1539 liam
276 1522 287 1556 ‚
305 1492 435 1565 corpus
451 1466 550 1541 ducis
570 1469 736 1540 Venusiae
752 1465 960 1539 detulerunt
977 1467 1048 1564 (1),
1073 1463 1197 1565 ibique
1212 1465 1245 1536 in

183 1583 356 1656 coenobio
369 1584 508 1657 Sanetae
520 1585 708 1658 Trinitatis
725 1611 806 1657 cum
827 1585 927 1656 luctu
947 1606 1082 1682 magno
1099 1580 1249 1682 sepelie-

183 1700 281 1771 runt.
300 1699 525 1773 Venerabilis
547 1702 785 1801 Berengarius
813 1700 940 1789 abbas,
967 1700 1062 1773 lilius
1076 1698 1247 1786 Ernaldi,

184 1815 245 1888 lilii
290 1817 480 1916 Helgonis‚
520 1819 636 1891 eidem
676 1819 894 1892 monasterio
932 1833 1105 1917 praeerat,
1143 1840 1249 1917 quem

183 1932 396 2007 Teotlericus
421 1934 698 2008 archimandrita
728 1938 806 2034 pius
832 1934 926 2035 apud
950 1935 1095 2008 Uticum
1116 1933 1249 2007 edum-

185 2067 302 2142 verat,
325 2068 361 2124 et
386 2051 468 2125 inde
498 2052 679 2127 Robertus
704 2051 813 2125 abbas
839 2078 959 2126 secum
983 2052 1019 2123 in
1044 2049 1248 2124 Calabriam

182 2164 377 2241 adduxerat
396 2171 462 2267 (a).
483 2170 620 2244 Deinde
645 2169 690 2242 ab
714 2169 919 2243 Alexandro
933 2171 1025 2268 Papa
1043 2168 1099 2266 (3)
1123 2167 1249 2243 Venu-

182 2285 288 2359 siensi
313 2288 531 2361 monasterio
553 2286 662 2360 abbas
687 2304 911 2361 consecratus
939 2301 1009 2373 est,
1036 2301 1147 2385 atque
1169 2297 1251 2382 post

184 2403 322 2505 aliquot
337 2432 449 2479 annos
464 2432 533 2505 pro
552 2407 683 2480 merito
703 2407 786 2478 vitae
804 2422 840 2477 et
850 2406 1008 2503 sapiente
1023 2402 1190 2476 doctrina
1204 2397 1249 2474 sd

182 2519 430 2617 pontificatum
458 2525 615 2621 praelatae
639 2521 739 2595 urbis
762 2550 781 2594 a
800 2524 891 2619 Papa
915 2520 1066 2594 Urbano
1083 2520 1140 2617 (4)
1155 2540 1251 2617 prod

184 2653 303 2711 motus
316 2653 382 2711 est.

232 2753 327 2827 Vlll.
342 2757 475 2856 (1082.)
486 2758 580 2829 Ilum
590 2759 754 2831 furerent
765 2760 800 2829 in
813 2757 902 2830 orbe
917 2769 1156 2854 tempestates,
1166 2776 1249 2852 quoe

183 2868 345 2968 superius
364 2892 575 2948 memoratae
596 2891 699 2964 sutrt,
720 2874 865 2976 quidam
883 2873 1041 2971 sortilegi
1065 2872 1249 2944 Romano·

184 3013 264 3058 rum
270 3042 280 3074 ,
294 2992 374 3088 quis
389 2993 424 3063 in
439 3009 571 3089 papatu
582 2991 786 3065 succederet
798 2989 1046 3063 Hildebranno
1062 2987 1135 3085 (5),
1152 2982 1248 3057 inda-

400 3150 605 3157 -—--———-
610 3151 828 3159 -φ---ῇ-κ

219 3215 257 3286 (ι)
269 3216 309 3270 Ce
322 3234 356 3270 ne
368 3217 412 3272 sut
426 3236 472 3290 pas
488 3235 549 3271 sans
562 3218 705 3290 beaucoup
719 3218 754 3273 de
767 3220 849 3292 peine
862 3229 891 3273 et
904 3218 939 3272 dc
955 3229 1088 3274 traversos
1102 3217 1190 3292 qu'ou
1201 3224 1253 3291 put

184 3306 334 3380 accomplir
346 3307 371 3363 le
384 3307 460 3363 desir
474 3306 509 3362 do
522 3308 629 3364 Robert
643 3308 798 3377 Guiscard,
816 3310 904 3364 d'etre
918 3310 1028 3364 enterre
1046 3310 1061 3362 a
1077 3307 1202 3363 Venere.
1215 3305 1252 3362 1ae

184 3394 303 3449 raisseau
315 3397 364 3470 qui
377 3396 481 3471 portarit
498 3415 546 3451 son
561 3415 641 3469 corps
655 3398 711 3465 fut,
731 3417 765 3452 en
779 3399 899 3453 arrivant
911 3400 925 3451 t
939 3397 1073 3462 ouante,
1087 3392 1191 3450 assailli
1203 3410 1253 3468 par

184 3501 239 3539 une
253 3485 372 3541 violente
384 3485 517 3559 tempite,
531 3487 579 3560 qui
592 3485 623 3539 fit
636 3485 745 3541 tumber
756 3487 782 3541 le
795 3486 912 3540 cercuril
926 3485 994 3540 dans
1006 3483 1030 3537 la
1041 3502 1111 3538 mer.
1126 3484 1153 3539 Α
1164 3482 1191 3536 la
1204 3483 1252 3536 ve·

184 3575 247 3642 rite,
260 3575 280 3629 il
289 3575 333 3630 sut
346 3575 479 3648 repdclui5
495 3575 572 3642 mais,
590 3575 695 3648 malgre‘
704 3575 947 3630 l'cnrbaumement
957 3574 1077 3648 grossier
1089 3574 1191 3628 atteste
1204 3588 1254 3645 par

133 3717 136 3725 ,
184 3675 264 3720 notre
276 3677 384 3733 auteur,
400 3665 418 3720 il
432 3667 499 3721 e‘tait
511 3665 580 3720 dans
594 3685 631 3720 un
642 3668 699 3720 e'tat
712 3664 747 3720 de
761 3667 924 3739 corruption
938 3666 987 3739 qui
997 3664 1106 3740 obligea
1118 3663 1156 3718 de
1169 3661 1255 3737 ‹lepo-

184 3771 229 3810 ser
240 3755 267 3810 le
279 3774 355 3811 coeur
366 3765 395 3810 et
407 3754 446 3810 les
457 3756 598 3811 entrailles
610 3756 679 3809 dans
692 3766 764 3812 cette
777 3756 847 3810 ville.

217 3845 257 3919 (a)
272 3846 364 3916 Voyea
376 3845 526 3915 ci-dessus‚
539 3857 560 3903 t.
578 3848 619 3915 ll,
635 3867 662 3920 p.
676 3865 720 3922 9⁰·

219 3930 259 4003 (3)
271 3932 426 3988 Alexandro
440 3935 468 3987 ΙΙ
480 3933 531 4005 (30
541 3937 697 4008 septembre
715 3934 825 3989 1061-21
843 3933 910 3988 avril
925 3931 1016 4008 1073).

220 4024 259 4095 (l)
271 4022 378 4078 Urbain
394 4024 420 4077 ll
435 4029 486 4091 (ra
500 4024 805 4100 mars1088-29juillet
821 4027 913 4099 ¹⁰99l·

219 4110 257 4183 (5)
269 4112 408 4183 Gre‘golre
423 4111 479 4164 VII
493 4117 541 4178 (aa
557 4113 622 4166 avril
639 4111 755 4186 1073-25
769 4114 822 4165 mai
838 4111 902 4166 1085
916 4116 936 4179 ).
947 4111 1022 4165 Tout
1035 4108 1061 4161 le
1078 4105 1183 4160 monde
1192 4121 1255 4159 con·

185 4200 242 4255 nait
258 4200 297 4256 les
313 4199 454 4255 dernlires
470 4201 577 4273 paroles
594 4219 648 4274 quc
664 4220 695 4255 ce
712 4202 833 4274 poplite,
847 4200 898 4274 age
910 4201 945 4254 de
957 4200 1170 4254 soixante-onze
1187 4211 1253 4261 aus,

186 4308 326 4364 prononea
341 4300 421 4347 avant
436 4289 589 4364 d’expirer:
606 4291 747 4347 dutitiam
764 4290 853 4346 dilexi
862 4300 887 4344 et
900 4288 975 4344 odivi
987 4290 1162 4360 iniquitatem
1170 4313 1178 4349 ‚·
1195 4283 1256 4338 ideo
