2872 4920
85 390 288 480 sumus]
463 399 581 463 uuus
601 398 758 461 sexsus.
1088 403 1142 463 131

95 512 124 585 ³¹¹
151 552 329 604 carcerem
353 527 561 609 descendit?
587 530 728 602 Enarra
753 527 842 603 mihi
866 555 947 629 quae
968 546 1052 603 sunt
1071 532 1149 606 hoec

93 639 256 720 maleficia
276 663 349 719 tua.
370 655 457 748 Ipse
471 673 577 737 uero,
596 646 893 737 uelutmortuus,
914 647 1057 722 nullum
1072 676 1151 722 om-

87 752 179 834 nim
194 764 294 836 dedit
310 790 534 863 responsum.

151 878 243 955 Tune
266 879 472 980 Radufits,
502 881 633 956 uidens
656 881 837 980 quamodo
858 882 1049 983 compedes
1077 884 1121 956 itt

53 979 216 1082 [Μυῖα]
226 996 404 1098 fuerans
434 999 590 1075 audient
612 1000 721 1072 etiam
741 1027 813 1099 per
835 1005 975 1073 socium
999 1003 1079 1102 ejus
1106 1002 1153 1074 de

57 1122 248 1206 personis
267 1117 402 1207 tribus,
422 1144 505 1217 quae
526 1145 609 1191 enm
630 1118 767 1190 tantine
788 1143 969 1190 carcerem
990 1120 1153 1193 intrave—

58 1248 191 1321 ram,
213 1232 261 1307 de
277 1234 396 1308 uerbis
413 1261 497 1333 quor
514 1231 827 1332 iocuteesuerant,
845 1235 891 1307 da
911 1240 1030 1308 sonitu
1049 1265 1154 1337 quem

10 1410 12 1415 .
42 1342 266 1444 fecerant,
280 1367 317 1424 ot
328 1352 617 1426 animadvertens
631 1351 712 1424 tzaec
723 1351 970 1425 indubitanter
979 1353 1155 1427 divinitus

55 1473 296 1569 contigisse,
323 1471 558 1544 abundanter
578 1473 688 1570 eoepit
698 1469 808 1568 flere.
827 1471 880 1542 Et
896 1497 1083 1545 conversus
1102 1472 1158 1544 ad

56 1586 279 1678 Bricstan,
297 1590 354 1662 ait
374 1618 383 1660 .·
402 1588 529 1663 Frater
536 1642 547 1677 ,
573 1613 695 1661 servus
714 1615 793 1660 sum
818 1613 885 1688 ego
905 1589 1016 1661 sancti
1037 1590 1156 1662 Bene-

56 1702 190 1797 dicti,
209 1722 247 1779 et
265 1722 397 1779 sanetae
417 1706 570 1805 virginib
588 1704 812 1806 Egeldridoe3
834 1707 872 1777 in
889 1731 1018 1779 eorum
1034 1731 1156 1780 amore

63 1847 227 1896 mecum
244 1824 407 1924 loquere.
423 1826 476 1896 At
495 1824 557 1896 itte
574 1823 785 1925 respondit:
804 1823 839 1894 Si
857 1848 979 1896 servus
993 1848 1029 1896 es
1044 1825 1157 1897 Sene-

68 1955 209 2013 tnrum
217 1940 492 2040 praedictorum,
505 1940 623 2016 bonus
634 1957 687 2015 est
698 1939 871 2015 adventus
885 1958 978 2013 tuus.
994 1944 1061 2014 Ista
1070 1967 1157 2016 vero

72 2082 168 2157 quae
183 2055 282 2132 vides
300 2057 359 2133 vel
375 2056 473 2131 audis
490 2059 585 2132 circa
601 2084 661 2133 me
677 2074 836 2158 patrata,
856 2083 941 2131 vera
958 2060 1045 2132 scias
1062 2086 1154 2147 esse,

78 2198 165 2247 non
185 2176 344 2276 mugient
363 2173 552 2274 Radulfus
574 2192 715 2266 antem,
738 2175 1013 2277 apprehendens
1034 2177 1154 2268 illum,

87 2290 391 2391 adproesentiam
406 2296 543 2391 regina
549 2349 561 2382 ,
582 2311 616 2364 et
632 2293 826 2366 multorum
843 2299 905 2393 qui
918 2293 1075 2366 aderant
1088 2293 1158 2366 ba-

94 2431 233 2501 ronum,
244 2404 416 2511 gattdens
429 2426 463 2483 et
466 2410 623 2513 plorans
637 2410 758 2484 duait.
774 2412 924 2484 Interim
938 2438 1063 2484 rumor
1074 2412 1155 2501 ille,

100 2526 189 2596 ocior
199 2526 362 2625 qnalibet
374 2525 538 2618 uolttcre,
558 2544 673 2601 totam
686 2528 809 2600 urbem
823 2527 1029 2600 Lundonice
1037 2555 1159 2627 pervo-

107 2635 192 2729 lans,
212 2668 325 2717 aures
341 2649 501 2719 omniurn
512 2670 608 2744 pene
624 2647 753 2719 civium
773 2648 907 2744 attigit.
936 2646 1040 2718 Tunc
1064 2648 1158 2718 cives

113 2754 310 2856 rationein
331 2759 465 2833 coelum
486 2759 680 2833 clamarem
705 2759 891 2849 attollunt,
914 2762 1030 2831 omnis
1048 2785 1159 2833 serus

10 2938 12 2945 .
116 2879 229 2949 elutos
240 2877 281 2946 in
295 2902 485 2949 commune
501 2903 631 2949 nomen
642 2877 797 2950 Domini
809 2875 1045 2966 benedicunt,
1060 2893 1096 2949 et
1106 2876 1161 2949 ad

10 3000 12 3049 i
119 2987 251 3082 etnam,
272 2991 338 3064 ubi
353 2990 506 3065 ductum
520 3018 598 3091 esse
616 2994 829 3083 audierant,
847 3009 1016 3082 currunt5
1036 2994 1159 3088 laery-

120 3119 179 3173 mts
196 3104 328 3180 latitia
350 3102 812 3207 qmmpturmtfundum
838 3113 962 3182 caeteri
981 3115 1162 3182 mirantur

121 3236 181 3307 qne
191 3223 314 3299 uident
324 3225 387 3298 uel
399 3226 572 3299 audiunt.
588 3228 736 3326 Regina
749 3253 836 3301 vero
839 3285 851 3318 ,
866 3230 1009 3328 gaudio
1023 3229 1161 3328 repleta

122 3325 197 3421 (erat
210 3345 303 3416 enim
321 3341 416 3416 bona
435 3342 656 3441 christiana)
671 3369 740 3442 pro
758 3346 852 3416 tanti
868 3349 1026 3417 novitate
1041 3346 1160 3416 mira-

10 3506 12 3529 ἱ
121 3449 192 3542 wli,
202 3459 304 3557 jubet
314 3486 386 3560 per
401 3463 525 3533 omnia
543 3464 700 3535 civitatis
715 3466 934 3534 monasteria
950 3466 1056 3557 signa
1067 3460 1161 3562 pul-

118 3573 194 3662 ·ffltt',
210 3594 242 3648 et
253 3577 305 3649 ab
323 3581 425 3651 omni
439 3579 673 3652 ecelesiastici
689 3579 828 3651 ordinis
843 3596 1016 3651 conventu
1031 3578 1161 3650 lattdes

10 3756 17 3795 τι
117 3680 181 3761 Deo
194 3700 346 3770 cantari.
369 3698 529 3799 Cumque
548 3697 611 3770 ille
626 3698 859 3798 quamplures
877 3696 1049 3770 ecclesias
1065 3699 1160 3772 civi-

10 3792 18 3893 !-
113 3811 200 3898 tatis,
226 3812 374 3888 denotas
404 3816 483 3887 Deo
508 3816 653 3915 gratias
678 3811 832 3913 reserens
839 3872 851 3904 ,
880 3841 927 3887 etr
954 3815 1164 3889 abundanti

108 3927 233 4018 ganto
258 3956 336 4004 snoe
363 3931 586 4005 liberationis
611 3934 796 4021 visitaret,
827 3930 931 4004 turba
956 3934 1071 4005 multa
1098 3962 1164 4034 per

105 4041 197 4115 vicos
213 4072 294 4119 enm
310 4048 529 4148 sequebatur
539 4067 574 4122 et
588 4049 837 4149 procedebat,
859 4067 893 4122 et
910 4057 1021 4151 quasi
1034 4080 1161 4125 novam

98 4159 269 4237 bominem
290 4169 540 4267 unusquisque
566 4168 688 4241 uidene
709 4169 893 4270 cupiebat.
922 4172 1015 4244 Cum
1039 4188 1161 4242 autem
1194 4240 1199 4249 ,
