2872 4920
179 408 336 481 [uscuuust
354 416 445 491 1098]
571 414 688 476 LlBEll
708 411 845 479 NONUS.
1180 416 1240 475 583

179 541 372 617 concordia
401 544 496 617 inter
524 543 653 618 ducem
675 560 711 617 et
732 541 903 617 comitem
925 543 1035 616 locuti
1058 558 1159 634 sunt;
1182 542 1243 616 sed

180 658 271 731 nibil
312 661 555 758 proiecerunt.
582 660 686 736 Unde
712 658 941 733 Buamundus
971 661 1081 733 iratus
1111 660 1245 735 Antio-

181 776 297 849 chiam
314 778 500 852 confestim
516 804 679 853 reversus
696 780 750 878 (ι)
768 794 839 868 est,
856 793 893 850 et
905 778 975 851 iter
994 778 1032 851 in
1048 777 1247 852 Jerusalem

181 891 225 963 ad
239 894 460 991 populorum
474 893 734 969 detrimentum
750 891 991 966 disturbatum
1006 910 1073 966 est.
1093 893 1248 966 Privata

183 1009 390 1108 principum
401 1011 596 1085 simultates
607 1011 785 1112 subjectos
797 1009 1247 1111 pessundantetaffligunt,

184 1120 269 1195 dum
284 1124 379 1198 inter
395 1151 431 1199 se
441 1125 668 1201 dissentiunt.
682 1128 777 1199 Dum
790 1124 888 1199 enim
899 1126 1143 1226 unusquisque
1153 1124 1250 1226 quod

184 1266 289 1323 suum
311 1259 365 1316 est
388 1247 540 1345 quaerit,
569 1273 589 1318 a
616 1245 800 1320 communi
827 1243 1054 1343 providentia
1089 1243 1249 1343 tepescit.

185 1358 312 1456 Populi
336 1387 480 1463 quoque
496 1361 541 1436 ad
564 1387 793 1438 communem
809 1362 1009 1461 perniciem
1029 1361 1251 1451 desolantur,

185 1473 248 1547 ubi
265 1479 428 1551 eonsules
440 1480 572 1579 seipsos
588 1505 666 1554 non
691 1479 938 1554 consolantur.
956 1479 1114 1578 Populus
1135 1479 1254 1578 itaque

185 1591 505 1692 Jerosolymitanus
530 1597 688 1671 multum
714 1612 792 1670 erat
816 1593 1007 1694 impeditus
1030 1620 1099 1694 pro
1122 1593 1255 1668 <lucum
1353 1636 1357 1644 ‹

187 1733 335 1783 suorum
350 1713 506 1812 querelis
521 1712 775 1812 peculiaribus.

236 1826 336 1903 XIV.
358 1830 490 1902 Rursus
508 1856 626 1906 comes
642 1855 709 1930 per
722 1831 859 1930 legatos
874 1854 957 1904 suos
973 1830 1174 1929 principes,
1192 1827 1255 1927 qui

188 1958 292 2015 erant
315 1942 536 2034 Antiochiae,
555 1960 766 2045 prosecutus
785 1961 858 2036 est,
874 1972 916 2020 ac
932 1960 974 2017 ut
989 1945 1021 2017 ei
1040 1942 1085 2016 ad
1105 1943 1258 2043 Regiam
1380 1936 1384 1951 '

189 2056 443 2133 confabulandi
456 2062 571 2160 gratia
589 2061 801 2151 obviarent,
817 2061 898 2135 illos
913 2061 1089 2134 allocutus
1105 2075 1172 2133 est.
1186 2059 1260 2132 Go-

188 2175 354 2249 desredus
385 2177 497 2276 igitur
525 2177 615 2268 dux,
643 2196 679 2253 et
702 2177 906 2252 Rodbertus
940 2177 1195 2267 Normannus,
1224 2192 1261 2248 et

188 2291 393 2366 Rodbcrtus
420 2294 665 2386 Flandrensis,
699 2296 832 2396 aliique
858 2294 1046 2369 convocati
1081 2294 1261 2393 principes

190 2411 342 2510 Rugiam
354 2429 553 2504 venerunt,
567 2429 604 2486 et
619 2412 873 2488 Buamundum
885 2438 1006 2486 secum
1019 2409 1260 2486 adduxerunt.

190 2531 293 2603 Tunc
304 2531 413 2603 etiam
425 2530 470 2604 de
483 2531 744 2607 concordandis
756 2531 969 2631 proceribus
980 2530 1138 2603 multum
1150 2530 1262 2604 locuti

191 2662 296 2737 sunt;
316 2649 376 2721 sed
393 2647 438 2721 de
462 2650 519 2721 ria
545 2649 757 2722 maturanda
781 2649 876 2722 nibil
900 2649 1145 2748 profecerunt.
1169 2647 1262 2719 Bua-

191 2764 346 2839 mundus
365 2766 418 2838 ire
442 2764 605 2854 nolebat,
626 2767 692 2838 nisi
725 2765 848 2838 civitas
873 2765 906 2840 ei
933 2780 1016 2838 tota
1030 2762 1262 2856 redderetur,

193 2906 309 2981 neque
323 2906 459 2971 comes,
478 2881 547 2954 nisi
559 2880 792 2954 Buamundns
804 2905 865 2955 eos
877 2881 1125 2954 comitaretur.
1137 2877 1267 2952 Comes·

193 2996 352 3069 Marram
376 3014 430 3071 est
448 3022 610 3071 reversus
627 2999 702 3096 (a),
729 2995 792 3069 ubi
814 2997 1029 3071 christianus
1050 2997 1142 3069 lame
1163 2995 1265 3095 peri-

177 3111 388 3186 ‘clitabatur
421 3113 610 3187 exereitus.
649 3111 812 3186 Tandem
854 3111 962 3188 corde
1004 3128 1263 3212 compunctus,

194 3232 317 3305 animo
334 3257 399 3305 suo
415 3230 617 3305 liberaliter
634 3230 840 3306 dominatus
856 3248 928 3320 est,
944 3247 981 3304 et
995 3247 1036 3304 ut
1049 3231 1117 3304 Ilei
1132 3230 1267 3303 militi-

194 3346 262 3421 bus
278 3350 495 3440 consuleret,
514 3348 622 3423 eundi
637 3350 674 3423 in
691 3349 892 3424 Jerusalem
910 3350 979 3422 iter
996 3373 1181 3449 aggressus
1198 3363 1264 3421 est.

232 3620 324 3691 (1)οε
342 3639 378 3675 ne
395 3620 439 3675 sut
455 3638 504 3693 pas
523 3619 676 3675 seulement
693 3607 837 3674 Boemond
858 3621 907 3693 qui
929 3628 1062 3674 retourne
1078 3618 1095 3671 a
1114 3616 1268 3686 Antioche,

198 3712 265 3765 mais
279 3729 380 3766 encore
392 3709 529 3766 Godelroi
544 3720 573 3765 et
584 3709 611 3765 le
623 3720 715 3765 comte
732 3707 767 3764 de
782 3707 913 3764 Flandre.
932 3707 1084 3775 Godelr0i‚
1103 3707 1183 3779 apres
1199 3706 1270 3764 l'en·

197 3811 293 3855 tresue
307 3799 343 3854 de
360 3799 467 3871 Rugia,
485 3799 585 3873 prolita
601 3798 638 3854 de
656 3816 687 3853 ce
708 3797 787 3854 loisir
804 3817 877 3872 pour
894 3797 962 3853 aller
979 3800 995 3853 a
1012 3787 1113 3853 Edesse
1130 3798 1199 3855 faire
1216 3817 1271 3854 une

198 3891 277 3946 visite
289 3894 304 3945 a
317 3907 367 3944 sou
381 3888 455 3943 frere
466 3887 621 3943 Bandouin.

234 3982 273 4050 (a)
287 3979 417 4034 Pendant
430 3978 565 4032 l'absenoe
577 3977 617 4032 du
629 3989 720 4033 comte
733 3979 768 4034 de
782 3978 937 4044 Toulonse,
954 3977 993 4033 les
1006 3979 1108 4034 croises
1120 3979 1188 4054 qu‘il
1201 3980 1273 4032 avait

199 4070 291 4123 laisses
303 4073 319 4123 t
331 4070 459 4136 lllarrah,
474 4071 615 4141 exasperes
627 4068 662 4123 de
676 4088 706 4122 cc
719 4069 804 4142 qu’on
816 4069 879 4124 n’en
894 4068 1008 4123 finissait
1021 4070 1101 4142 point
1113 4070 1147 4124 de
1158 4070 1197 4123 les
1208 4085 1273 4121 con·

199 4158 280 4210 ‹lnirc
292 4160 307 4211 a
321 4155 491 4224 Jerusalem,
506 4155 675 4212 demolirrnt
688 4157 727 4213 les
740 4156 881 4213 mura'tlles
894 4156 928 4212 de
940 4157 966 4212 la
980 4158 1054 4213 ville.
