2888 4934
107 416 155 490 [11⁰
170 429 235 468 ma.
254 410 345 487 ross]
499 406 614 466 tinen
637 407 773 469 nonos.
1107 411 1166 470 sar

100 558 335 646 praeparata,
357 565 439 612 cras
459 539 688 639 ingrediatur
709 540 995 611 Sarracenoranz
1013 556 1165 628 terram,

109 656 353 759 depraedandi
373 681 507 743 caasa,
529 658 632 727 etsie
648 658 780 727 nostris
798 671 832 726 et
846 657 976 727 vestris
995 655 1170 728 dissima-

110 773 245 846 labitur
259 799 374 844 caasa
398 787 533 843 nostra.
565 772 767 870 Postquam
792 770 946 844 hostium
965 772 1172 844 multitudi-

110 919 190 964 nem
208 891 352 990 longius
368 891 503 962 abiisse
518 893 631 960 nostri
645 891 865 989 putaverint,
889 899 1075 990 minusque
1092 889 1172 961 sol-

112 1010 206 1081 liciti
235 1009 301 1080 sab
344 1009 457 1080 noctis
492 1007 635 1078 silentio
673 1009 867 1105 quieverint
876 1042 892 1093 ,·
924 1035 989 1079 vos
1031 1012 1172 1078 intenm

112 1127 349 1215 clandestini,
366 1127 471 1197 scala
486 1127 597 1196 muris
614 1126 786 1213 admota,
801 1126 1016 1214 accelerate,
1033 1150 1173 1197 omnem

113 1243 301 1314 tumultum
319 1247 550 1344 compescite,
573 1269 786 1340 inritamque
806 1248 876 1314 cito
898 1261 931 1314 et
957 1242 1178 1342 confidenter

112 1361 314 1449 ascendite,
329 1378 514 1458 turresque
529 1385 642 1448 meas,
661 1376 699 1430 at
708 1363 872 1457 promisi,
889 1365 1045 1460 recipite.
1063 1360 1176 1430 Post-

112 1477 261 1548 modum
278 1479 324 1548 de
337 1477 441 1548 rebus
455 1475 611 1575 agendis
617 1494 826 1573 procurate,
839 1478 1049 1577 gladiisque
1059 1504 1176 1548 reram

113 1612 257 1666 eventus
270 1593 435 1695 perficite
442 1652 454 1683 ,
470 1619 536 1665 nec
554 1593 697 1691 aliquid
708 1595 810 1691 qaod
825 1595 1010 1692 agendum
1027 1596 1090 1679 sit,
1111 1620 1178 1665 cea

113 1738 254 1809 segnes,
271 1711 457 1810 negligite.
476 1714 558 1810 Ego
570 1737 656 1781 vero
668 1714 840 1783 insomnis
852 1728 887 1782 et
902 1713 1078 1783 sollicitus
1092 1737 1178 1782 oes-

115 1844 205 1899 trum
216 1828 460 1929 praestolabor
476 1828 682 1899 adventurn.
701 1828 928 1900 Buamundus
948 1829 1067 1928 itaque
1083 1853 1179 1925 pree-

114 1946 195 2016 coni
213 1971 294 2031 suo,
311 1970 419 2044 quem
433 1945 760 2018 Malam-Coronam
774 1945 1098 2044 cognominabant,
1115 1970 1179 2042 per

115 2077 226 2132 castra
254 2063 455 2158 praeconari
468 2062 572 2159 jussit
590 2063 662 2159 (i),
692 2078 731 2132 ut
755 2086 880 2134 amites
902 2063 996 2134 irent
1025 2061 1181 2132 hostium

116 2192 229 2247 terras
255 2175 469 2273 depraedari.
490 2177 605 2249 Omne
625 2202 712 2250 vero
737 2194 912 2250 secretum
932 2176 1083 2254 credidit
1098 2175 1180 2247 duci

115 2291 316 2364 Godetredo
325 2347 335 2380 ,
350 2309 386 2364 et
404 2291 634 2382 Flandrensi,
650 2310 687 2364 et
701 2293 933 2382 Normann0‚
953 2309 1058 2391 atque
1072 2292 1183 2364 'solo-

116 2435 221 2495 san0‚
243 2437 284 2481 ac
300 2409 462 2482 Podiensi
482 2411 667 2509 episc0p0‚
687 2411 832 2510 aliisque
852 2409 1066 2510 quibusdam
1084 2411 1185 2507 opti-

117 2523 270 2594 matibus
301 2523 506 2596 Tancredus
533 2520 670 2613 autem,
702 2526 826 2624 suique
857 2525 1072 2613 consiliarii,
1106 2549 1184 2596 rem

119 2656 230 2713 totam
242 2639 288 2711 ab
304 2642 445 2739 origine
457 2658 634 2713 noverant
647 2643 717 2739 (α).
736 2642 935 2740 Stephanus
951 2667 1038 2713 vero
1055 2641 1187 2713 Carno-

120 2759 227 2829 tensis
245 2756 387 2845 aberat,
404 2758 465 2856 qui
489 2784 617 2856 magna
635 2758 799 2830 detentus
817 2757 1050 2856 aegritudine,
1074 2773 1115 2827 nt
1130 2784 1184 2827 as·

119 2871 275 2959 serebat,
295 2872 339 2943 ad
358 2872 634 2946 Alexandretam
657 2874 888 2945 recreationis
911 2875 1047 2973 gratia,
1071 2871 1186 2946 donec

119 2990 378 3079 coiivaluisset,
405 2989 610 3063 discesserat
627 2992 696 3088 (3).
722 2991 911 3063 Exercitus
935 2993 1053 3090 itaque
1071 2990 1187 3062 chris-

155 3287 195 3355 (ι)
209 3286 248 3339 Cc
263 3296 322 3338 mot
336 3304 454 3358 manque
467 3285 534 3340 dans
548 3288 572 3340 le
587 3288 739 3340 manuscrit
754 3287 789 3341 de
802 3273 1021 3341 Saint-Evroult.

155 3376 195 3448 (a)
215 3376 295 3429 Cette
312 3375 500 3428 circonstance
513 3360 561 3429 'est
578 3375 737 3429 tout-ii-fait
756 3375 923 3446 apocrypha.
942 3371 1086 3427 'Pancrede
1104 3391 1139 3425 ne
1158 3372 1189 3426 fit

122 3465 211 3519 mismo
224 3482 270 3535 pas
280 3467 369 3536 partie
380 3462 427 3518 des
440 3464 573 3537 premiere
585 3465 732 3520 Chretiens
742 3465 790 3537 qni
804 3465 947 3517 entrerent
956 3462 1024 3516 dans
1034 3463 1187 3527 Antioche,

121 3565 150 3608 et
165 3555 182 3607 il
205 3555 313 3607 adressa
327 3558 342 3609 a
357 3555 498 3609 Boimoud
513 3555 630 3610 d'arners
643 3555 792 3626 reproches
807 3572 880 3626 pour
894 3554 934 3606 tui
956 3555 1032 3606 avoir
1053 3553 1135 3606 each&
1147 3570 1189 3606 scs

122 3644 311 3717 intelligences
324 3663 388 3699 avec
399 3646 532 3701 Phirouz.
549 3647 655 3718 Voycz,
671 3649 729 3699 ace
743 3644 829 3715 sujct,
845 3641 934 3697 Raoul
947 3641 982 3696 de
994 3643 1084 3710 Caen,
1103 3644 1190 3698 Gesta

127 3733 280 3796 Tancredi,
299 3752 355 3786 ixx.
488 3726 491 3737 ¹

157 3822 195 3894 (3)
208 3825 246 3878 Ce
257 3824 394 3895 seigneur,
406 3825 505 3897 auquel
520 3824 558 3877 les
570 3823 645 3877 chess
657 3824 706 3877 des
718 3824 820 3877 croises
832 3823 940 3877 avaient
951 3823 1062 3878 consere
1074 3823 1100 3877 le
1113 3840 1190 3877 com-

123 3912 302 3966 mandemcnt
319 3913 447 3984 suprime
464 3922 492 3967 et
509 3912 535 3966 la
553 3912 690 3966 direction
707 3911 756 3966 des
773 3914 944 3985 opinations,
962 3923 1011 3967 eut
1027 3932 1061 3967 en
1083 3912 1147 3967 effet
1164 3912 1189 3966 ia

122 4000 230 4054 lichete'
242 4001 277 4054 de
291 4020 319 4054 se
332 4003 432 4055 retirer
447 4020 510 4056 avec
526 4012 625 4075 quatre
639 4001 714 4057 mille
728 4003 854 4056 hommes
869 4007 885 4057 a
902 4004 1112 4070 Alexandreae,
1127 4021 1190 4057 sous

123 4092 248 4162 pritextc
256 4091 290 4145 de
301 4089 426 4157 maledie,
436 4092 492 4145 tres
499 4110 552 4164 peu
562 4091 682 4162 dejours
691 4102 771 4145 avant
779 4091 804 4145 la
814 4094 887 4165 prise
893 4094 1067 4150 d’Autioche.
1077 4093 1191 4147 Suivant

125 4180 252 4268 fouchcr
266 4180 300 4235 de
312 4181 458 4247 Chartres,
476 4180 493 4234 it
510 4184 592 4236 serait
603 4183 674 4254 parti
683 4182 708 4236 la
718 4181 798 4238 seille
808 4183 898 4239 misma
907 4184 942 4239 de
952 4203 983 4239 ce
995 4182 1082 4257 grand
1093 4184 1187 4236 evene-
