2888 4934
165 448 275 525 [1087]
532 445 651 509 LIBER
671 444 875 508 SEPTIMUS.
1178 445 1239 507 249

165 576 398 653 veliementer
424 579 589 666 attoniti,
620 596 656 652 et
680 578 780 653 velut
804 591 963 649 amentes
993 573 1109 647 effecti
1139 591 1238 647 sunt.

165 696 285 772 Porro
304 695 452 770 ditiores
472 721 517 770 ex
533 695 589 769 bis
606 697 703 771 illico
714 695 865 769 ascensis
882 693 981 795 equis
998 708 1239 782 recesserunt,

165 831 203 890 et
213 814 261 888 ad
273 841 335 887 sua
349 813 496 889 tutanda
508 831 811 914 properaverunt.
827 811 1018 886 Inferiores
1030 837 1119 883 vero
1133 810 1242 883 clien-

165 930 234 1005 tuli
261 946 303 1002 ut
324 931 514 1030 magistros
548 956 629 1004 suos
655 931 706 1004 sic
729 928 924 1004 manicasse
954 942 1240 1027 prospexerunt,

165 1073 286 1138 arma,
320 1072 420 1136 vasa,
453 1064 566 1121 vestes
597 1065 633 1121 et
666 1049 895 1136 linteamina,
930 1068 1149 1143 omnemque
1180 1067 1242 1116 re-

165 1165 263 1265 giam
281 1163 564 1265 suppellectilem
585 1183 804 1264 rapuerunt,
821 1181 858 1239 et
875 1164 1003 1237 relicto
1022 1163 1117 1262 regis
1134 1160 1242 1234 cads-

165 1305 252 1357 rere
272 1307 366 1382 pene
388 1281 488 1359 nudo
503 1284 541 1356 in
563 1308 645 1356 area
661 1282 807 1371 domus,
826 1284 1056 1381 aufugerunt.
1074 1279 1240 1368 Cernite,

165 1423 313 1500 precor,
332 1425 478 1490 omnes,
508 1401 623 1502 qualis
640 1417 692 1474 est
715 1398 896 1473 mundana
914 1398 1013 1471 fides.
1038 1396 1243 1497 Unusquis-

166 1543 239 1619 que
253 1516 351 1620 quod
373 1520 492 1619 potuit
513 1519 557 1593 de
574 1537 748 1620 apparatu
771 1519 874 1619 regio
895 1535 936 1590 ut
952 1517 1086 1589 milvus
1104 1515 1242 1614 rapuit,

167 1637 425 1711 cst-consestim
454 1664 535 1710 cum
560 1637 684 1737 praeda
712 1663 774 1710 sua
803 1636 954 1736 aufugit.
984 1633 1152 1733 Impietas
1176 1631 1245 1703 ita·

167 1777 240 1857 que
259 1754 456 1854 justitiario
484 1753 629 1829 labente
661 1753 891 1854 impudenter
925 1750 1080 1851 prodiit,
1115 1765 1153 1822 et
1181 1775 1244 1821 ra-

167 1872 361 1972 pacitatem
373 1873 466 1945 cirea
487 1875 604 1972 ipsum
619 1872 778 1947 ultorem
797 1871 935 1970 rapinae
954 1871 1122 1969 primitus
1137 1891 1244 1941 exer-

167 1989 257 2066 cuit.

213 2107 326 2182 Fama
352 2107 397 2183 de
421 2126 541 2185 morte
569 2112 664 2213 regis
692 2110 900 2211 pernicibus
933 2108 998 2181 alis
1024 2106 1179 2195 volavit,
1210 2120 1247 2178 et

169 2226 280 2328 longe
292 2227 433 2327 lateque
447 2226 619 2328 gaudium
630 2253 691 2302 seu
706 2252 906 2303 moerorem
919 2224 1142 2299 audientium
1157 2247 1245 2296 cor-

168 2340 276 2418 dibus
297 2343 440 2418 inludit.
465 2346 559 2419 Nam
581 2373 680 2422 mors
697 2346 883 2420 Guillelmi
904 2344 997 2446 regis
1020 2344 1096 2442 ipso
1120 2339 1248 2416 eodem

168 2459 247 2551 die,
271 2486 347 2562 quo
370 2463 564 2565 Rotomagi
584 2464 771 2538 defunctus
790 2482 864 2557 est,
890 2464 928 2537 in
952 2461 1044 2536 urbe
1071 2460 1187 2535 Roma
1211 2476 1248 2532 et

168 2576 205 2650 in
217 2575 383 2649 Calabria
395 2577 608 2678 quibusdam
623 2579 847 2654 exheredatis
862 2581 1032 2653 nunciata
1048 2592 1123 2665 est,
1143 2592 1185 2647 ut
1200 2573 1247 2648 ab

169 2693 255 2793 ipsis
272 2694 506 2793 postmodum
518 2698 695 2772 veraciter
710 2699 748 2770 in
763 2697 987 2772 Normannia
1008 2694 1162 2768 relatum
1179 2707 1244 2765 est.

168 2808 351 2911 Melignus
379 2813 513 2912 quippe
541 2815 688 2912 spiritus
721 2811 857 2913 oppido
890 2809 1119 2912 tripudiavit,
1159 2806 1248 2881 dum

168 2927 319 3004 clientes
330 2956 431 3022 suos,
450 2932 513 3032 qui
531 2956 660 3030 rapere
671 2949 707 3007 et
721 2932 863 3032 clepere
880 2929 1114 3005 vehementer
1132 2926 1248 3000 inbia-

167 3044 278 3132 brnt,
295 3073 362 3147 per
374 3072 542 3123 occasum
551 3050 681 3151 judicis
698 3048 883 3125 absolutos
896 3046 999 3121 vidit.

215 3159 442 3238 Osoeeularis
453 3193 606 3267 pompa,
620 3194 729 3269 quam
739 3163 1029 3266 despicabilisesl
1045 3164 1128 3266 quia
1138 3164 1247 3237 nimis

167 3304 260 3354 rana
287 3297 325 3355 et
344 3281 461 3355 labilis
484 3283 540 3357 es!
568 3286 679 3358 Recte
701 3283 920 3384 pluvialibus
939 3281 1050 3356 bullis
1072 3277 1247 3382 aequanda

168 3393 319 3487 diceris,
334 3425 415 3500 quae
430 3401 468 3473 in
482 3417 671 3476 momento
684 3399 789 3474 valde
804 3399 946 3501 turgida
960 3399 1132 3498 erigeris,
1150 3395 1246 3469 subi·

168 3529 281 3616 toque
298 3517 335 3589 in
353 3516 509 3590 nibilum
522 3519 709 3619 redigeris.
725 3517 820 3592 Ecce
838 3517 1107 3617 potentissimus
1119 3513 1246 3600 heros,

168 3633 227 3706 cui
239 3658 360 3732 nuper
378 3635 457 3733 plus
469 3663 578 3736 quam
594 3654 743 3711 contum
755 3636 854 3709 milia
866 3634 1026 3707 militum
1042 3631 1249 3706 serviebant

168 3747 291 3837 avide,
304 3767 342 3824 et
353 3776 462 3852 quem
475 3754 600 3828 multae
611 3770 735 3854 gentes
746 3779 829 3826 cum
845 3769 1005 3824 tremore
1017 3746 1246 3837 metuebant,

170 3894 271 3942 nuno
288 3895 307 3940 a
326 3871 397 3942 suis
415 3872 571 3970 turpiter
592 3873 628 3945 in
648 3873 758 3946 domo
777 3897 853 3943 non
866 3896 927 3943 sua
941 3868 1113 3968 spoliatus
1126 3883 1198 3958 est,
1212 3883 1250 3941 et

170 4012 189 4056 a
206 3984 325 4085 prima
342 3988 513 4088 usquead
531 3989 675 4064 tertiam
694 4015 801 4089 supra
818 3987 954 4062 nudam
969 3986 1123 4060 humum
1137 3985 1248 4060 dere-

171 4100 278 4174 lictus
292 4118 357 4175 est.
371 4103 475 4186 Cives
486 4107 584 4178 enim
598 4106 879 4206 Rotomagenses
890 4102 1014 4178 audito
1031 4104 1134 4202 lapsu
1148 4103 1249 4202 prin·

174 4217 263 4318 cipis
291 4220 393 4294 valde
420 4224 536 4295 territi
562 4241 666 4316 sunt,
694 4238 730 4298 et
753 4248 845 4323 pene
874 4249 999 4299 omnes
1030 4222 1131 4296 velut
1156 4218 1248 4292 ebrii
