2888 4934
582 385 698 447 LIBER
719 387 855 447 NONUS.
1189 394 1250 454 623

186 545 267 620 qnae
284 544 359 593 nou
379 517 567 592 credebam
586 542 645 589 me
662 530 765 616 poss'e
785 516 987 591 emendare.
1007 517 1176 610 Quaedam
1192 538 1250 595 ta-

185 661 289 723 men,
310 660 356 707 ne
374 634 559 734 prolixitas
577 635 766 707 taxationis
783 651 917 707 nostrae
938 633 1077 706 fastidio
1095 634 1251 733 legentes

185 770 370 842 oneraret,
390 752 632 827 adbreviando
649 752 779 842 recidi;
800 754 976 826 nonnulla
995 778 1082 827 vero
1098 757 1251 852 posteri-

185 871 247 941 tati
265 869 492 957 notificanda,
509 895 590 968 quae
607 886 778 958 tacuerat,
801 871 978 943 veraciter
989 869 1119 969 adjeci,
1139 891 1250 969 prout

184 985 229 1057 ab
243 986 312 1075 his,
328 987 388 1086 qui
404 984 587 1061 laboribus
601 1002 636 1058 et
649 987 817 1084 periculis
831 989 1089 1073 interfuerunt,
1105 988 1246 1063 edidici.

185 1104 375 1175 Praesatum
391 1105 588 1190 seniorem,
608 1128 717 1202 quem
736 1103 829 1175 bene
844 1107 1016 1203 cognovi,
1033 1121 1249 1178 veneranter

185 1218 365 1292 honorare
380 1219 536 1292 decrevi.
557 1220 624 1292 llic
642 1221 728 1292 civis
744 1222 811 1293 tuit
827 1223 1105 1309 Aurelianensis,
1125 1248 1249 1294 mona-

184 1339 270 1408 chus
281 1354 316 1408 et
328 1337 435 1410 abbas
448 1339 704 1436 Burguliensis,
721 1336 927 1410 liberalibus
940 1338 1098 1410 imbutus
1109 1338 1247 1429 studiis,

184 1466 220 1522 et
239 1453 415 1551 religiosae
438 1453 575 1524 meritis
590 1453 675 1523 vitae
692 1453 921 1525 venerabilis.
945 1453 1050 1542 lnde,
1074 1479 1143 1551 pro
1160 1453 1250 1525 reli·

183 1569 334 1666 gioneet
345 1569 585 1668 sapientia,ad
596 1569 746 1668 gradum
757 1570 1249 1668 Dolensisarchiepiscopatus

183 1686 356 1758 electione
387 1701 577 1783 provectus
605 1701 658 1757 est
689 1686 934 1759 ecclesiastica.
969 1687 1010 1758 ln
1044 1687 1249 1784 episcopatu

182 1802 436 1874 monachatum
453 1804 625 1890 servavit,
648 1819 684 1874 et
708 1828 790 1875 cum
815 1801 1021 1893 monachis,
1039 1819 1150 1900 prout
1174 1803 1249 1876 sors

181 1917 307 2006 dabat,
327 1921 539 2017 plerumque
556 1917 742 1990 habitavit.
764 1919 952 1991 Indomitis
968 1920 1066 1990 enim
1082 1919 1248 1992 Britoni-

182 2032 248 2105 bus
279 2052 457 2132 praeerat,
491 2061 649 2133 quorum
680 2036 951 2132 perversitatem
985 2035 1139 2107 tolerare
1173 2061 1248 2108 non

184 2167 339 2248 poterat.
362 2151 467 2224 Unde
487 2166 679 2249 protervos
702 2167 738 2223 et
762 2152 901 2250 exleges
919 2152 1129 2251 frequenter
1147 2151 1250 2224 dese-

185 2264 308 2355 rebat,
338 2283 380 2339 ‘et
414 2268 450 2338 in
484 2267 746 2339 Normanniam
776 2265 960 2366 fugiebat3
992 2265 1054 2338 nbi
1087 2267 1249 2339 Dolensis

183 2383 327 2456 ecclesia
351 2408 458 2482 super
483 2384 636 2456 Riselam
665 2381 815 2454 lluvium
842 2409 861 2452 a
887 2383 1111 2479 temporibus
1136 2385 1248 2457 sancti

182 2501 372 2588 samsonis,
389 2517 564 2596 regnante
576 2498 787 2572 Hildeberto
804 2525 888 2597 rege
900 2499 1142 2588 Francorum,
1162 2503 1249 2574 sun-

183 2614 248 2687 dos
265 2618 318 2711 (t)
337 2613 507 2702 habebat,
534 2630 571 2685 et
589 2616 709 2712 quiete
729 2613 944 2713 pacificeque
961 2615 1175 2711 possidebat.
1195 2615 1248 2689 lbi

183 2732 323 2829 scriptis
339 2747 376 2802 et
390 2729 618 2831 dogmatibus
639 2731 710 2801 suis
730 2729 910 2805 auditores
924 2757 1004 2804 suos
1020 2730 1064 2802 ad
1082 2732 1146 2803 Dei
1167 2733 1249 2805 cul-

184 2861 262 2919 tum
277 2846 463 2935 incitabat,
481 2863 517 2918 et
529 2847 646 2919 vicina
661 2844 827 2919 coenobia
844 2875 853 2916 ε
868 2846 1082 2919 Fiscannum
1095 2847 1247 2937 scilicet,

183 2991 223 3037 ac
255 2963 497 3037 Fontincllam
527 2978 633 3064 atque
659 2962 941 3052 Gemmeticum,
973 2963 1111 3063 aliaque
1143 2965 1248 3062 plura

219 3175 257 3243 (ι)
275 3175 318 3228 Au
333 3173 404 3243 sujet
417 3172 452 3226 de
465 3172 583 3239 Bandri,
598 3191 680 3244 voyez
693 3172 718 3225 la
731 3182 795 3226 note
808 3191 862 3246 que
875 3189 945 3224 nous
957 3170 997 3224 lui
1009 3189 1091 3225 avons
1104 3174 1249 3227 consacree

184 3282 218 3317 au
235 3271 472 3317 commeneement
485 3261 520 3315 de
537 3280 568 3317 ce
585 3253 666 3328 livre,
682 3281 710 3333 p.
728 3260 789 3335 459.
803 3263 840 3315 La
853 3262 999 3328 uecessitd,
1016 3261 1053 3314 oia
1070 3278 1101 3314 ce
1117 3261 1206 3333 prdlat
1221 3279 1249 3316 se

183 3353 317 3418 trouvait,
341 3352 376 3406 de
389 3352 538 3416 chereber,
561 3370 595 3405 au
615 3352 711 3405 milieu
731 3351 767 3405 de
788 3369 838 3406 nos
858 3350 1015 3405 turbulente
1034 3349 1192 3405 devanciers
1209 3351 1249 3406 du

184 3452 231 3494 tur
244 3440 340 3508 siecle,
356 3459 395 3494 un
410 3439 507 3511 refuge
520 3449 616 3493 contre
631 3438 657 3492 le
671 3448 781 3492 contact
796 3438 843 3492 des
860 3438 990 3504 Bretons‚
1008 3454 1109 3491 encore
1125 3438 1187 3510 plus
1204 3439 1248 3494 in-

183 3530 369 3602 domptables‚
387 3531 457 3584 u'est
468 3547 516 3602 pas
529 3546 631 3602 propre
642 3532 657 3583 d
671 3528 780 3584 donner
791 3547 846 3584 nuc
857 3528 918 3583 idee
929 3528 994 3582 bien
1008 3538 1187 3600 avantagensc
1200 3529 1249 3585 des

184 3637 288 3673 moeurs
310 3619 345 3673 de
369 3638 412 3674 cos
435 3619 570 3674 derniers.
591 3617 628 3673 Le
651 3619 807 3673 monestere
828 3618 863 3673 de
886 3618 1248 3675 Saint-Samsou-sur-llisle

184 3707 328 3777 (Pentele)
349 3709 420 3762 avait
437 3711 481 3762 ete
498 3708 592 3762 donne
611 3726 646 3761 au
667 3708 738 3761 saint
759 3707 849 3780 prelat
869 3707 904 3761 ‹le
926 3725 1041 3762 cenom
1062 3726 1111 3780 par
1131 3709 1248 3765 Childe·

185 3797 247 3851 bert
261 3798 304 3862 l‘',
321 3815 380 3852 vers
393 3796 459 3865 550,
477 3807 506 3851 et
522 3798 564 3852 sut
579 3796 685 3851 illustre
699 3816 736 3851 un
753 3815 807 3870 peu
820 3798 881 3870 plus
894 3798 954 3852 tard
972 3816 1022 3869 par
1035 3796 1060 3850 le
1079 3798 1170 3869 se'jour
1185 3801 1249 3873 qu’y

187 3886 217 3939 fit
233 3887 305 3940 saint
322 3887 451 3942 Germer.
469 3887 562 3958 Voyez
579 3885 604 3940 la
622 3888 665 3940 vie
679 3886 714 3940 de
731 3905 775 3941 ces
789 3887 863 3941 deux
877 3886 1034 3941 venerables
1048 3905 1246 3960 personnages,

185 3975 253 4029 daus
270 3975 310 4031 les
328 3978 402 4030 Aeta
425 3977 476 4031 SS.
498 3976 604 4031 ordinis
619 3978 647 4030 S.
667 3976 824 4044 Benedicti,
840 3996 903 4031 scec.
920 3977 938 4030 1
955 3985 982 4029 et
1002 3976 1046 4031 ΙΙ.
1069 3976 1093 4032 ΙΙ
1108 3977 1248 4032 subsistoit

185 4083 284 4120 encore
296 4084 330 4119 en
344 4064 411 4133 833,
427 4069 534 4140 e'poque
546 4069 583 4121 nit
596 4067 615 4120 il
630 4078 677 4122 eut
689 4077 751 4139 part
763 4085 815 4121 aux
829 4065 977 4122 liberalites
988 4065 1162 4138 d’Ansegise,
1179 4064 1249 4118 ablto'·

184 4156 218 4209 de
233 4157 403 4212 Fontenelle.
