2888 4934
559 435 676 495 LIBER
697 435 883 494 OCTAVUS.
1195 436 1254 497 391

183 567 393 640 Trecassino
415 566 557 651 comiti,
579 567 678 662 prius
693 564 808 656 dedit,
827 592 936 665 quam
954 565 1184 666 postmodum
1200 568 1256 639 la-

182 684 383 758 mosissimo
400 680 483 755 duci
501 682 703 756 Antiochiae
719 682 930 756 Buamundo
947 681 1041 781 apud
1057 682 1256 757 Carnotum

185 799 346 875 tradidit.
371 801 438 873 Hic
463 824 591 898 nempe
614 798 808 875 duranno
835 799 881 873 ab
908 803 1155 875 incarnatione
1181 803 1256 876 Ilo-

184 919 273 993 mini
287 932 329 990 Μο
337 930 371 990 c⁰
380 930 434 990 νιο
444 916 695 1009 Galliasvenit,
707 936 744 993 et
752 918 798 992 ab
805 916 1091 993 Occidentalibus
1099 919 1253 1019 populis,

184 1052 309 1137 utpote
320 1038 522 1135 praecipuus
536 1035 720 1110 christiani
738 1037 913 1110 exercitus
931 1036 1092 1136 signifer,
1110 1062 1257 1135 suscep-

185 1170 241 1227 tus
263 1152 397 1253 ubique
423 1153 564 1226 claruit.
592 1154 781 1227 Praesatam
802 1179 946 1255 quoque
968 1154 1061 1253 regis
1084 1152 1195 1226 filiam
1218 1153 1255 1226 in

184 1270 278 1345 ans
291 1287 410 1370 partes
422 1297 542 1344 secum
555 1269 670 1343 duxit.
687 1271 801 1343 Multa
814 1296 958 1373 quoque
974 1270 1257 1345 Occidentalium

186 1389 297 1462 millia
315 1413 435 1463 secum
449 1403 576 1462 contra
593 1387 755 1462 ethnicos
774 1387 943 1486 perduxit
960 1389 1028 1486 (ι).
1050 1385 1119 1461 Sed
1144 1387 1180 1459 in
1197 1386 1256 1459 illa

186 1522 273 1582 tunc
285 1507 507 1606 profectione
521 1504 836 1606 peregrinantibus
852 1505 896 1578 ad
913 1519 1041 1579 votum
1057 1529 1124 1603 per
1136 1504 1262 1577 omnia.

185 1648 261 1699 nou
280 1624 447 1722 contigit.

235 1740 341 1813 XXI.
364 1740 511 1841 [1108.]
537 1740 646 1814 Anno
667 1738 713 1813 ab
735 1741 987 1815 lucarnatione
1000 1740 1146 1814 Domini
1164 1754 1206 1810 u⁰
1222 1753 1256 1810 c⁰

187 1858 550 1957 V111⁰(2)‚indictione
557 1859 684 1957 prima,
692 1855 1256 1957 Guillelmusarchiepiscopus(5)

185 1976 380 2051 concilium
396 1977 592 2075 praesulum
608 1992 645 2049 et
659 1973 831 2048 ahbatum
847 1977 1039 2077 Rotomagi
1058 2000 1258 2076 cougrega-

184 2094 258 2184 vit,
276 2109 312 2167 et
327 2093 372 2167 de
389 2093 593 2167 necessariis
610 2093 780 2167 Ecclesiae
797 2093 904 2167 rebus
925 2121 1008 2167 cum
1027 2092 1260 2192 suffraganeis

185 2210 257 2283 auis
272 2235 338 2309 per
350 2210 487 2310 aliquot
499 2209 573 2282 dies
582 2211 761 2283 tractavit.
773 2211 877 2285 Tunc
890 2210 1073 2299 Radnlsm,
1087 2209 1258 2284 Constan-

186 2324 247 2399 tiae
258 2324 356 2398 urbis
369 2327 554 2424 episcopus
567 2328 636 2425 (4),
652 2324 696 2397 ad
711 2324 906 2425 hospitium
916 2326 1074 2400 Serlonis
1083 2324 1259 2425 Sagiensis

183 2444 362 2544 episcopi,
390 2443 453 2543 qui
480 2445 676 2542 sapientior
703 2460 799 2534 erat,
826 2445 947 2533 venit,
974 2460 1011 2517 et
1036 2468 1122 2516 cnm
1147 2467 1191 2515 eo
1214 2441 1259 2515 de

185 2560 352 2661 plurimis
365 2560 519 2650 locutus,
538 2563 719 2660 copiosam
736 2563 915 2635 rationem
927 2561 973 2635 de
986 2560 1180 2660 propositis
1192 2586 1259 2631 au-

185 2676 292 2752 divit.
311 2677 472 2753 Tandem
490 2680 585 2752 inter
601 2695 728 2752 caetera
749 2681 916 2777 praesatus
932 2678 1093 2778 pontifex
1113 2676 1255 2765 retulit,

188 2795 312 2871 dicens
337 2829 345 2868 ι
368 2805 414 2870 In
441 2797 525 2871 urbe
550 2817 675 2871 nostra
696 2815 749 2871 est
770 2798 927 2876 basilica
949 2799 988 2868 in
1009 2796 1145 2869 haume
1166 2795 1261 2868 beati

192 2916 298 2989 Petri
309 2916 454 3016 apostol
462 2922 468 2936 '
481 2915 535 3012 (5)
554 2914 602 2987 ab
618 2917 779 3015 antiquis
796 2913 1014 3016 temporibus
1030 2929 1255 3004 constructa,

190 3030 258 3104 ubi
277 3032 452 3106 divinitus
475 3034 595 3106 multa'
615 3033 703 3107 olim
722 3050 935 3135 perpetrata
958 3048 1042 3105 sunt
1066 3032 1222 3106 miracul
1250 3089 1258 3106 .

191 3150 325 3224 Multae
336 3154 514 3224 sanitates
527 3154 676 3251 oegrotis
690 3151 744 3224 ibi
756 3157 995 3252 contigerunt,
1012 3168 1046 3223 et
1058 3151 1262 3226 multotiens

227 3419 266 3490 (r)
281 3419 376 3492 Voyez
390 3420 540 3488 cidcssus,
557 3431 578 3475 t.
593 3422 636 3489 ll,
652 3440 680 3494 p.
696 3420 759 3486 448.

227 3508 268 3581 (a)
282 3508 306 3563 ll
319 3519 362 3564 cst
376 3509 536 3584 impossible
549 3509 585 3566 dc
600 3510 765 3585 s’expliquer
779 3508 871 3584 quelle
884 3510 976 3564 raison
991 3527 1006 3563 a
1020 3527 1059 3582 pu
1074 3519 1170 3582 porter
1183 3520 1265 3565 notre

193 3608 293 3655 auteur
307 3602 323 3653 a
337 3600 525 3674 interrompre
539 3602 575 3656 ici
587 3601 789 3677 brusquement
799 3599 904 3654 l'ordre
917 3598 966 3654 dea
977 3609 1067 3673 temps
1081 3609 1110 3655 et
1124 3598 1173 3656 dee
1187 3600 1264 3672 faits,

194 3707 266 3763 pour
278 3707 307 3744 se
318 3690 399 3744 hilter
411 3690 543 3746 d’arriver
558 3710 593 3746 au
605 3692 675 3746 re'cit
688 3692 755 3746 d’un
770 3690 887 3766 prodige
901 3690 922 3744 si
939 3708 992 3763 peu
1007 3690 1092 3764 digne
1105 3690 1140 3746 de
1154 3702 1266 3748 trouver

192 3778 272 3852 place
286 3780 355 3835 dans
368 3800 408 3835 un
423 3783 493 3837 ecrit
508 3783 623 3838 sericus.

229 3868 271 3942 (3)
292 3871 454 3928 Guillaume
473 3873 669 3937 Boane-nme,
692 3873 863 3946 archeveque
885 3871 920 3925 de
943 3870 1043 3926 Rouen
1062 3869 1169 3941 (juillet
1187 3891 1254 3947 ¹⁰79

195 3979 215 4035 9
226 3961 327 4018 levrier
345 3981 410 4016 1110
417 3968 437 4031 ).

230 4053 270 4123 (4)
284 4051 389 4121 Raoul‚
405 4054 508 4126 c'chue
522 4054 557 4108 de
572 4055 727 4109 Contances
741 4051 773 4120 (3
786 4052 852 4108 avril
870 4051 1048 4127 1095-1110).

231 4143 269 4214 (5)
284 4144 306 4198 ΙΙ
320 4146 405 4200 criste
417 4163 517 4201 encore
529 4148 545 4199 a
556 4147 711 4202 Contanccs
726 4164 779 4199 nnc
791 4144 875 4217 eglise
886 4144 1043 4218 paroissialc
1055 4144 1090 4199 de
1102 4162 1132 4200 ce
1143 4162 1218 4210 nour,
1234 4164 1268 4196 au

198 4234 266 4290 midi
283 4235 318 4289 dc
334 4235 357 4289 la
373 4234 539 4290 cathedrale.
