2888 4934
187 431 230 487 92
466 424 649 488 HISTORIA
673 421 975 485 uectuslssucl.
1174 428 1255 511 [944]

186 584 264 629 snas
293 584 374 630 cum
400 558 615 631 Sanctorum
646 557 806 655 reliquiis
833 556 876 627 ad
905 557 956 628 sui
987 555 1161 630 damnum
1190 559 1256 632 illis

183 673 436 747 ostenderunt.
466 674 521 747 llli
552 671 696 774 quidem
724 689 811 744 tunc
836 690 969 746 secreta
997 673 1255 750 monachorum

186 804 399 863 reverenter
427 790 547 862 intuiti
575 805 676 879 sunt,
707 803 743 860 et
765 786 894 861 oblatis
915 788 1125 863 muneribus
1151 807 1256 893 atque

187 907 413 980 orationibus
430 922 669 995 recesserunt3
690 904 749 978 sed
766 907 873 1005 paulo
886 923 967 1005 post
982 907 1081 980 velut
1098 906 1253 982 chaldei

185 1026 223 1096 in
241 1025 439 1097 Jerusalem
458 1025 590 1096 reversi
609 1040 710 1111 suut,
730 1039 766 1094 ct
787 1049 866 1095 vasa
890 1025 1015 1122 templi
1039 1024 1103 1097 Dei
1119 1042 1158 1098 et
1172 1052 1257 1099 ome

187 1142 245 1212 nis
265 1141 419 1240 pretiosa
438 1143 511 1241 ejus
530 1140 723 1214 crudeliter
739 1144 1046 1239 asportaverunt(
1068 1143 1099 1240 )

234 1260 339 1359 llugo
361 1260 537 1360 siquidem
561 1259 713 1358 Magnus
738 1257 883 1332 Oximos
906 1284 988 1331 cum
1010 1261 1172 1333 exercitu
1192 1287 1254 1335 suo

185 1374 343 1466 obsedit,
362 1377 423 1450 sed
440 1375 567 1450 bellica
586 1379 638 1449 vis
654 1374 920 1475 oppidanorum
935 1378 968 1449 ei
986 1378 1129 1450 sortiter
1144 1377 1255 1451 obsti-

185 1495 251 1579 tit,
275 1509 312 1566 et
337 1520 385 1567 ne
405 1495 500 1567 ultra
518 1493 751 1592 procederet,
779 1494 847 1566 iter
872 1494 945 1593 ejus
968 1491 1155 1568 obstrusit.
1179 1495 1253 1568 Rex

185 1627 304 1683 autem
332 1611 557 1685 Francorum
585 1610 843 1685 Ebroicensem
875 1637 1006 1710 pagum
1037 1612 1147 1684 nimia
1173 1638 1253 1685 cum

183 1729 317 1802 virtute
336 1729 502 1817 intravit,
523 1745 706 1829 totamque
723 1730 982 1802 Normannium
1000 1730 1135 1827 rapinis
1150 1746 1188 1802 et
1204 1728 1256 1803 in·

183 1845 319 1918 cendiis
335 1844 545 1946 depopulari
566 1847 680 1944 coepit
697 1847 766 1946 (a).
789 1845 993 1918 Beruardus
1010 1871 1095 1919 vero
1111 1846 1250 1935 Danas,

183 1981 223 2036 ut
245 1964 312 2037 boc
331 1963 485 2053 audivit,
509 1981 695 2064 certosque
715 1990 877 2037 rumores
895 1964 939 2036 de
956 1964 1134 2038 Neustrioe
1152 1962 1253 2039 deso·

182 2079 316 2152 latione
330 2080 542 2178 comperiit,
557 2080 682 2152 alixius
696 2078 794 2180 quod
807 2095 881 2151 tam
894 2077 1060 2152 robustos
1072 2080 1255 2179 principes

181 2195 278 2270 solus
295 2223 378 2269 cum
391 2196 646 2270 Normannicis
662 2195 798 2269 viribus
810 2195 978 2272 bellando
989 2197 1165 2270 sustinere
1178 2222 1252 2271 non

183 2328 317 2411 posset,
333 2311 459 2384 callide
472 2315 675 2412 prospexit,
694 2330 730 2387 et
744 2315 929 2414 perspicax
944 2316 1147 2415 ingenium,
1163 2340 1253 2416 qua·

183 2429 267 2501 liter
282 2454 411 2526 anceps
427 2427 618 2503 discrimen
639 2458 656 2501 n
674 2456 710 2503 se
727 2448 763 2503 et
778 2460 796 2503 a
811 2434 885 2504 suis
901 2432 1080 2532 abigeret,
1100 2432 1255 2506 solerter

181 2572 367 2645 apponens
382 2548 523 2620 exercui
530 2565 555 2619 ta
579 2545 746 2621 Protinus
762 2576 849 2650 ergo
867 2551 941 2649 regi
960 2575 1154 2623 occurrens
1168 2576 1252 2651 sup-

182 2664 265 2764 plex
280 2695 289 2735 :
306 2666 412 2765 Quid
423 2683 494 2754 est,
511 2667 629 2766 inquit
637 2719 648 2753 ,
669 2668 771 2765 qaod
782 2670 879 2765 agis,
895 2669 1039 2740 domine
1050 2666 1147 2740 rex?
1162 2669 1255 2741 Rern

179 2780 279 2858 facis
298 2789 468 2885 impiam,
491 2800 526 2856 et
545 2785 719 2882 dignitati
737 2802 808 2856 tace
822 2812 974 2886 prorsas
995 2794 1250 2884 incongruam

183 2899 283 2972 Num
295 2918 371 2974 tota
384 2902 633 2992 Normannia,
648 2929 759 3001 qaam
770 2902 973 3001 disperdis,
988 2898 1141 2975 tuaest?
1153 2902 1254 2975 Ecce

186 3017 408 3115 Rotoaiagus
433 3037 467 3090 et
491 3020 578 3092 alite
600 3019 703 3090 arbes
726 3046 809 3090 eant
834 3020 928 3090 uicis
951 3024 1026 3090 sais
1049 3035 1083 3090 et
1107 3018 1254 3119 oppidis

176 3134 303 3230 jassai
322 3149 383 3205 tao
400 3150 614 3232 patescunt,
633 3152 666 3207 et
682 3163 805 3208 omnes
824 3136 954 3207 incotoe
971 3135 1097 3208 divites
1118 3151 1152 3206 et
1172 3159 1252 3207 me-

182 3246 328 3322 dioeres
343 3249 411 3321 tibi
424 3253 599 3339 serviant,
619 3253 803 3352 aliamque
820 3252 1009 3325 dominum
1025 3279 1097 3325 non
1113 3251 1256 3325 taten-

181 3382 250 3455 tes,
266 3383 299 3440 te
310 3386 510 3442 reverentur
523 3388 556 3442 et
569 3370 742 3469 diligunt.
763 3371 858 3469 Quis
872 3369 943 3442 tibi
951 3369 1054 3442 dedit
1066 3387 1141 3442 tam
1155 3371 1257 3442 triste

181 3483 396 3576 consiliam,
421 3503 459 3557 at
473 3483 581 3585 ferro
610 3487 891 3585 malignantium
914 3486 1127 3585 pessumdes
1153 3502 1255 3557 tuum

192 3659 259 3670 --·
666 3666 759 3672 .....-...
1134 3662 1254 3672 ..q—..-

216 3750 259 3821 (a.)
280 3751 357 3807 Nous
371 3771 556 3830 personaque
576 3765 657 3810 notre
673 3766 772 3810 auteur
792 3755 842 3809 tan
852 3755 887 3809 ici
901 3754 1018 3809 allusion
1036 3753 1255 3810 tl'enlevement

183 3837 236 3893 des
247 3857 322 3895 reses
333 3840 372 3894 du
382 3844 486 3916 temple
497 3864 548 3917 par
556 3844 814 3900 Nabuchodonosor
823 3845 834 3913 (
840 3861 867 3896 iv
880 3843 951 3916 Reg.
964 3845 1048 3913 xxiv).

216 3927 259 4014 ¹(a)
273 3929 360 3986 Notre
375 3942 475 3987 auteur
487 3933 538 3989 tait
551 3945 645 3989 cntrer
661 3934 696 3989 ici
717 3933 742 3988 le
755 3935 796 3990 roi
808 3934 844 3988 dc
856 3935 960 3988 Franco
971 3953 1006 3988 en
1020 3933 1192 3989 Normandie
1204 3951 1256 4006 par

185 4016 335 4088 l'Evrecin,
355 4020 446 4078 laudis
457 4024 525 4096 qu’il
541 4024 610 4079 etnit
621 4026 711 4080 arrive
723 4044 774 4097 par
787 4024 813 4080 le
825 4025 964 4080 Poutbien
977 4035 1006 4079 ct
1023 4024 1049 4079 le
1062 4023 1162 4080 Talon.
1176 4023 1200 4078 ll
1211 4033 1256 4078 est

187 4107 306 4176 possible
317 4128 372 4184 que
390 4113 481 4182 Louis,
493 4133 528 4169 en
545 4125 651 4168 soi-tant
668 4115 704 4167 ‹le
718 4115 815 4171 Rauen
829 4133 899 4188 pour
916 4117 1044 4170 marchei·
1056 4133 1117 4169 vers
1130 4115 1254 4186 Bareas,

246 4205 397 4259 emmence
410 4223 460 4279 par
472 4205 601 4260 s'assurer
615 4191 760 4260 d’dvreux.
