2888 4934
189 448 251 509 300
466 446 653 506 fltsxontt
673 445 982 508 ECCLFSIASTICA.
1154 451 1258 529 [1⁰88]

187 577 335 653 modum
356 578 488 668 inruit,
510 594 694 679 totamque
711 595 847 652 terram
865 581 940 680 ejus
961 577 1130 678 pluribus
1146 579 1258 655 mnd‘s

186 693 360 767 turbavit.
384 694 518 767 Multos
540 694 586 767 ab
610 696 745 768 auxilio
771 697 845 795 ejus
867 712 902 768 et
925 696 1102 769 famulatu
1124 695 1258 771 callidis

186 811 545 913 tergiversationibus
569 815 719 903 avertit,
739 829 777 885 et
799 812 1002 886 dominium
1021 811 1147 902 ducis,
1166 813 1257 916 quod

187 947 427 1005 antecessores
460 933 534 1033 ejus
560 930 792 1030 possidebant
817 947 854 1003 et
881 932 1027 1030 copiose
1065 948 1254 1020 auxmant,

186 1047 382 1121 imminuit.
401 1048 492 1120 Erat
507 1050 604 1121 enim
619 1050 766 1149 ingenio
780 1047 942 1138 subtilis,
962 1048 1110 1124 dolosus
1124 1065 1167 1123 et
1178 1074 1257 1125 verr·

182 1164 338 1263 sipeliis,
354 1191 512 1266 corpore
527 1193 678 1267 magnus
695 1183 732 1240 et
752 1165 875 1255 fortis,
888 1164 1004 1240 audax
1021 1182 1059 1240 et
1075 1168 1256 1266 potensi

186 1284 316 1370 armis,
346 1283 536 1385 eloquens,
563 1286 787 1384 nimiumque
813 1284 966 1357 crudelis
992 1301 1030 1358 et
1053 1285 1208 1358 avaritia
1225 1299 1257 1359 tt

185 1397 338 1474 libidine
352 1399 598 1500 inexplebilis,
617 1402 804 1501 perspicax
828 1400 1006 1474 seriorum
1028 1416 1257 1476 commentor

184 1543 358 1616 operum,
377 1535 414 1592 et
426 1521 465 1593 in
477 1520 657 1593 exercitiis
669 1518 797 1592 mundi
809 1520 1105 1620 gravissimorum
1123 1519 1256 1618 patiens

57 1680 59 1682 v
184 1635 353 1710 laborum
363 1667 373 1726 ;
395 1638 432 1711 in
449 1636 658 1711 extruendis
669 1637 828 1711 aedificiis
846 1655 883 1711 et
899 1636 1094 1726 machinis,
1111 1637 1256 1738 aliisque

184 1751 305 1826 arduis
326 1752 501 1852 operibus
528 1754 733 1854 ingeniosus
753 1755 900 1840 artifex,
926 1754 1022 1826 etin
1047 1749 1256 1854 torquendis

184 1867 393 1944 bominibus
416 1871 648 1946 inexorabilis
671 1873 843 1946 carnifex.
872 1874 1038 1945 sanctam
1061 1871 1255 1945 Ecclesiam

184 2013 261 2061 non
276 2004 317 2060 ut
328 1987 423 2062 filius
434 2007 586 2062 matrem
603 1988 811 2079 bonoravit,
828 1988 964 2088 adjuvit
973 2004 1085 2087 atque
1095 1988 1254 2077 vestivit3

182 2105 243 2180 sed
269 2109 369 2181 velut
388 2109 577 2209 privignus
603 2133 798 2181 novercam
824 2107 1050 2205 deturparit,
1079 2103 1257 2206 oppreoeit

184 2241 221 2298 et
234 2226 414 2325 spoliavit.
434 2227 539 2298 Hunc
556 2224 712 2326 denique
735 2240 816 2324 post
840 2226 1051 2297 innumeros
1067 2239 1208 2312 reatus,
1220 2235 1258 2294 et

182 2338 323 2414 dolosas
338 2341 510 2415 sactiones
522 2342 588 2414 Dei
601 2341 738 2441 judicio
762 2343 798 2412 in
824 2339 976 2412 vinculis
989 2339 1146 2411 arctavit
1158 2338 1257 2410 Hen-

185 2457 281 2530 ricus
304 2483 367 2531 rex
386 2474 427 2530 ut
441 2459 665 2559 equissimus
683 2483 829 2547 censor,
847 2454 944 2529 etad
957 2454 1027 2529 hoc
1048 2483 1067 2527 ι
1084 2455 1165 2528 Deo
1179 2477 1259 2553 spe-

185 2576 326 2649 cialiter
336 2576 543 2676 inspiratus,
559 2576 775 2650 miserorum
785 2592 951 2649 strenuus
964 2572 1110 2648 vindex.
1125 2572 1259 2648 νει-ιι

186 2693 416 2769 nmmo

234 2815 406 2887 Praesatus
418 2815 489 2904 vir,
507 2829 727 2912 procurante
745 2811 942 2883 Willermo
959 2834 1064 2910 rege,
1084 2810 1149 2909 qui
1160 2807 1261 2881 mul-
1279 2848 1310 2861 -

187 2947 265 3005 tum
298 2930 464 3004 eumdem
487 2931 667 3006 dilexerat
695 2945 847 3029 propter
882 2952 1044 3001 amorem
1067 2942 1310 3025 parentum:

184 3049 260 3147 ejus
274 3079 283 3118 :
296 3048 442 3148 Rogerii
461 3064 497 3120 et
512 3048 671 3121 Mabiliae
679 3103 690 3138 ,
705 3046 818 3120 titiam
831 3045 1026 3134 Gnidouis‚
1042 3045 1190 3117 Pontivi
1200 3068 1310 3117 co·-

185 3166 302 3255 mitis,
319 3165 501 3266 Agnetem
515 3168 682 3255 nomine,
699 3189 851 3238 uxorem
860 3162 986 3253 duxit;
1000 3188 1045 3235 ex
1057 3188 1131 3272 qua
1147 3161 1310 3235 filiur-

185 3286 335 3359 nomine
356 3285 594 3358 Guillelmum
616 3285 832 3384 progenuit,
858 3284 920 3383 qui
944 3278 1169 3354 hereditario
1184 3282 1310 3380 jure

186 3405 324 3504 amplas
346 3405 585 3504 possessiones
602 3405 639 3476 in
658 3403 822 3476 Neustria
853 3416 890 3474 et
911 3400 1069 3473 Pontivo
1096 3415 1310 3498 postne-

185 3520 274 3594 dum
289 3523 427 3623 late(1)
445 3520 615 3621 possedit.
633 3519 839 3595 Rodbertus
851 3521 949 3592 enim
959 3574 970 3609 ,
991 3534 1033 3590 ut
1043 3517 1203 3608 divitiis,
1218 3517 1295 3589 sit:

188 3640 376 3737 tyrannide
390 3666 516 3716 omnes
532 3642 662 3713 iratres
675 3664 757 3712 suos
773 3637 972 3737 superavit,
992 3652 1028 3708 et
1041 3659 1154 3708 omne
1168 3651 1288 3708 ante-

188 3782 368 3831 cessorum
382 3785 530 3833 suorum
548 3760 585 3832 in
598 3757 822 3832 Normaunia
843 3772 879 3828 et
895 3755 1169 3828 Cenomannioo
1183 3775 1281 3826 rnre

187 3876 468 3973 patrimonium,
485 3876 708 3951 exheredatis
721 3874 911 3965 fratribus,
932 3875 1083 3962 invasit,
1103 3889 1140 3946 et
1156 3873 1269 3971 longo

190 4009 352 4092 tempore
374 3995 468 4069 solus
493 3995 666 4069 obtinuit.
689 3992 920 4068 contribules
945 4019 1045 4080 suos,
1073 3989 1265 4065 nobilitate

645 4172 741 4180 ..ι’-..-
748 4172 888 4180 m-›--··-——--
900 4171 908 4178 .
916 4171 923 4176 -
929 4165 1088 4176 ------·-—
1100 4158 1257 4173 --n—-u-a-

224 4255 261 4324 (1)
276 4256 326 4310 bis.
340 4256 375 4310 dc
389 4255 412 4310 la
427 4258 504 4310 reine
517 4255 552 4310 de
566 4255 665 4310 Subdu.
