2888 4934
190 381 252 442 386
468 377 652 439 HISTORIA
674 378 981 445 Etcttstssrrct
1152 382 1258 464 [10an

189 508 361 611 Ebruffe,
383 511 509 584 ducito
526 537 595 583 me.
621 509 750 610 Sicque
772 526 814 584 ut
837 527 933 603 erat,
957 510 1063 586 nudis
1085 512 1255 614 pedibus,

190 627 283 701 linea
306 642 448 699 tantum
469 639 581 727 atque
597 625 709 724 pallio
733 627 902 717 amictus,
928 653 995 727 per
1012 627 1147 703 medias
1171 631 1257 706 acies

189 745 372 835 transivit,
396 770 437 817 ac
461 743 489 816 si
519 743 642 817 oculos
664 768 738 816 non
763 742 981 820 habuissent.
1007 746 1138 821 Nullus
1163 751 1255 823 enim

188 888 272 936 eum
287 858 523 960 interrogavit
545 858 624 959 quis
646 875 753 948 esset,
783 860 840 934 vel
863 888 938 963 quo
960 862 1139 937 tenderet.
1167 864 1256 939 Puto

186 977 284 1079 quod
302 979 438 1051 virtute
452 973 663 1049 sanctissimi
680 976 749 1049 viri
767 1001 849 1050 eum
867 975 988 1052 videre
1003 980 1253 1080 nequiverant.

185 1097 288 1170 Circa
304 1111 439 1168 sextam
454 1115 543 1166 vero
559 1088 687 1166 horam
704 1094 896 1193 respiciens
912 1112 993 1194 post
1005 1121 1060 1188 se,
1079 1095 1172 1172 vidit
1186 1098 1255 1170 mi-

186 1217 304 1304 litem,
323 1214 385 1314 qui
398 1237 481 1285 eum
494 1227 655 1309 ceperat,
672 1212 815 1286 concito
829 1239 936 1285 cursu
949 1214 1169 1287 venientem.
1188 1214 1252 1309 Qui

183 1358 318 1434 magno
338 1332 465 1405 timore
478 1328 678 1429 perculsus,
694 1329 789 1401 inter
799 1328 964 1430 quaedam
974 1331 1160 1419 fruticeta,
1175 1356 1253 1432 quae

183 1475 220 1526 se
248 1449 362 1525 oculis
389 1449 464 1549 ejus
492 1447 721 1532 obtulerunt,
750 1465 863 1520 semet
890 1447 1061 1522 occuluit.
1093 1447 1253 1551 Cumque

181 1566 374 1670 praedictus
391 1566 493 1638 miles
510 1589 625 1663 prope
641 1562 806 1637 eumdem
822 1564 942 1639 locum
958 1563 1175 1655 advenisset,
1193 1567 1252 1640 in·

182 1685 381 1785 terrogavit
401 1681 577 1756 bubulcos
597 1682 658 1782 qui
680 1680 815 1755 ibidem
831 1680 999 1772 arabant,
1021 1684 1049 1754 si
1069 1682 1250 1789 hominem

180 1800 372 1903 quemdam
396 1799 593 1899 fugientem
617 1796 805 1891 vidissent3
825 1801 1044 1898 promittens
1068 1816 1142 1872 tres
1164 1800 1251 1875 soli-

179 1919 243 1993 dos
262 1919 316 1992 illi
337 1917 470 2019 absque
488 1908 595 1989 'mora
620 1941 657 1989 se
677 1915 865 2008 daturum,
892 1919 953 2018 qui
974 1919 1006 1990 ei
1028 1919 1248 1992 insinuasset.

179 2038 230 2110 Aa
247 2036 319 2125 illi,
335 2036 467 2137 timore
483 2032 677 2125 admoniti,
695 2035 859 2136 quamvis
876 2035 981 2108 illum
998 2037 1164 2124 scissent,
1184 2060 1251 2111 ne-

177 2167 355 2254 gaverunt
371 2148 528 2225 se'icire.
547 2149 710 2251 Cumque
728 2151 788 2226 ille
806 2153 1003 2225 recessisset
1024 2151 1068 2225 de
1088 2153 1188 2246 loco,
1214 2155 1249 2228 in

177 2295 252 2371 quo
276 2294 314 2343 se
338 2267 566 2356 occuluerat,
598 2268 759 2367 captivus
784 2271 962 2360 surrexit,
989 2287 1026 2344 et
1050 2271 1163 2365 fretus
1186 2272 1249 2345 Dei

176 2384 356 2486 adjutorio
372 2400 408 2458 et
424 2383 519 2458 beati
534 2384 696 2476 Ebrulli,
716 2386 906 2460 incolumis
921 2386 965 2460 ad
982 2415 1043 2460 sna
1059 2389 1247 2478 remeavit,

175 2503 376 2603 perdurans
397 2503 605 2603 incorpore
625 2505 800 2604 usquead
825 2522 947 2579 nostra
972 2523 1149 2607 tempora.
1174 2508 1249 2582 Hoc

108 2618 111 2631 '
175 2646 280 2713 vero,
300 2619 398 2723 quod
415 2621 622 2713 retulimus,
638 2647 682 2695 ex
701 2623 808 2722 ipsius
820 2650 885 2698 ore
901 2624 1108 2714 didicimus,
1127 2626 1246 2727 eique,

174 2743 259 2842 quia
285 2741 465 2842 legitimus
491 2755 528 2812 et
554 2738 740 2814 laudabilis
764 2743 848 2815 vitae
876 2758 950 2833 est,
978 2743 1055 2816 sine
1079 2743 1248 2843 scrupulo

175 2858 365 2933 credimus.

223 2975 311 3046 XX.
337 2974 481 3073 [1093]
504 2972 607 3046 Circa
626 2973 704 3047 haec
727 2991 911 3073 tempora,
936 2976 972 3047 in
992 3000 1110 3075 regno
1123 2975 1246 3049 Gallia

173 3088 270 3163 sceda
280 3088 440 3163 turbatio
450 3105 574 3163 exorta
584 3107 650 3164 est.
659 3088 831 3164 Bertrada
842 3092 953 3181 enim,
968 3089 1246 3192 Andegavorum

173 3208 371 3296 comitissa,
391 3223 553 3280 metuens
570 3233 616 3281 ne
635 3208 693 3280 vir
710 3235 792 3281 suus
810 3206 907 3309 quod
920 3210 993 3310 jam
1011 3207 1150 3281 duabus
1171 3208 1245 3281 aliis

170 3331 316 3420 lecerat,
329 3329 396 3403 sibi
410 3332 555 3421 laceret,
569 3347 606 3404 et
616 3331 741 3404 relicta
756 3333 979 3431 contemptui
992 3357 1053 3405 seu
1067 3333 1140 3406 vile
1157 3358 1245 3408 scor

174 3448 386 3538 tumfieret,
411 3450 552 3525 conscia
570 3450 770 3524 nobilitatis
792 3466 828 3524 et
851 3449 1132 3550 pulchritudinis
1155 3477 1241 3538 suae,

172 3571 380 3646 fidissimum
392 3572 550 3674 legatum
559 3572 740 3673 Philippo,
757 3575 832 3674 regi
845 3574 1083 3663 Francorum,
1098 3573 1245 3647 destina

173 3690 237 3779 uit,
247 3692 351 3790 eique
362 3690 461 3792 quod
475 3692 510 3764 in
524 3691 633 3768 corde
642 3691 829 3779 tractabat,
839 3690 1025 3766 evidenter
1034 3690 1241 3766 notificavit.

172 3806 329 3879 Malebat
341 3808 442 3880 enim
455 3807 554 3882 ultro
567 3809 689 3881 virum
701 3808 925 3909 relinquere,
945 3809 1128 3909 aliumque
1144 3830 1243 3908 appe·

172 3938 268 4009 tere,
293 3951 401 4022 quam
420 3953 439 3997 a
457 3927 539 4000 viro
560 3927 736 4027 relinqui,
760 3928 996 4027 omniumque
1017 3943 1141 4025 patere
1164 3924 1242 3999 des-

171 4043 304 4140 pectui.
339 4042 501 4143 Denique
528 4045 652 4120 mollis
679 4045 869 4145 princeps,
897 4059 1081 4143 comperta
1108 4044 1242 4117 lasciva

172 4160 332 4233 mulieris
342 4161 539 4255 voluntate,
552 4162 691 4264 flagitio
699 4164 890 4254 consensit,
906 4163 1103 4263 ipsamque,
1119 4163 1240 4237 relicto
