2872 4920
70 384 292 462 ‘stom-1082]
441 370 559 440 L‘tBER
579 378 782 441 SEPTIMUS.
1090 389 1148 446 173

80 514 223 590 fidelem
241 515 456 615 paucitatem
472 531 509 588 et
513 513 732 623 instantiam
749 511 1025 587 occidentstium
1041 541 1149 615 pere-

82 635 269 731 grinorum
280 635 457 709 Dominus
466 631 510 707 de
525 632 624 706 coelo
640 631 814 729 respexit,
829 630 950 732 eisque
960 633 1148 709 victoriam

83 755 273 841 concessit,
301 753 492 853 copiasque
518 750 737 836 Orientales,
765 775 846 849 quae
871 749 907 822 in
932 751 1065 824 virtute
1085 780 1147 826 sua

82 869 327 958 confidebant,
346 871 494 958 terruit,
511 884 643 941 etcum
661 866 835 941 dedecore
848 867 995 967 fugavit.
1011 870 1150 945 Deinde

81 985 260 1063 bobertus
271 988 358 1079 dux,
376 1004 449 1091 tam
467 986 582 1060 nobili
598 985 783 1084 triumpho
795 983 1021 1078 exhilaratus,
1037 990 1148 1088 Dyra-

76 1105 180 1180 cium
188 1106 347 1207 reliquit,
365 1106 576 1205 longiusque
590 1131 672 1176 cum
683 1107 842 1177 exercitu
853 1129 917 1177 suo
925 1132 1146 1206 progressus,

76 1221 111 1293 in
126 1223 297 1326 Bulgaria
312 1223 495 1297 hiemavit.
516 1223 715 1322 Regionem
728 1222 827 1295 enim
845 1223 938 1294 circa
954 1224 1146 1321 Dyracium

73 1336 266 1416 obsidione
289 1344 400 1414 trium
425 1342 602 1415 mensium
628 1338 892 1426 devastaverat,
915 1357 951 1412 et
981 1341 1071 1415 nihit
1096 1343 1146 1416 ibi

73 1457 863 1561 undehominesvelequisubsisterepossent.
877 1455 1087 1558 dimiserat(
1110 1463 1140 1559 ).

118 1576 230 1650 Tunc
247 1577 353 1677 legati
373 1577 624 1650 Romanorum
640 1572 684 1646 ad
700 1573 903 1647 Robertum
919 1573 1048 1648 ducem
1065 1603 1148 1650 cum

70 1689 208 1768 litteris
223 1694 430 1794 apostolicis
445 1709 643 1780 uenerunt,
663 1718 816 1793 eumque
832 1693 1043 1792 suppliciter
1058 1695 1150 1768 salu·

67 1820 204 1903 tantes,
218 1812 391 1886 dixerunt
402 1843 411 1883 :
424 1813 623 1910 Gregorius
630 1837 749 1913 papa,
764 1838 784 1879 o
793 1813 1039 1883 strenuissime
1051 1812 1145 1903 dur,

68 1941 103 1992 αἱ
115 1948 238 2025 poter
249 1931 396 2026 filium,
424 1947 457 2002 te
478 1929 660 2002 humiliter
683 1945 717 1999 et
747 1928 887 2000 obnixe
911 1928 1074 2002 obsecrat
1108 1950 1146 2003 ut

66 2048 289 2140 apostoticae
314 2047 397 2122 sedi
405 2046 635 2148 ,festinanter
655 2045 874 2119 invincibilis
896 2064 962 2119 tua
982 2047 1150 2146 probitas

65 2156 283 2256 srrboem‘at,
299 2193 367 2238 nee
381 2164 496 2237 uttam
513 2163 598 2237 buis
614 2162 843 2237 subventioni
850 2191 921 2264 pro
934 2191 1061 2238 amore
1074 2166 1149 2238 Dei

67 2289 352 2360 cremationem
363 2299 573 2386 proponat.
589 2283 772 2355 Hernicus
783 2282 894 2373 enim,
914 2282 1146 2356 Alemonno·

69 2409 153 2463 ΝΜ
172 2426 238 2473 rer
246 2458 261 2491 ,
282 2402 441 2474 Romam
463 2399 623 2489 obsidet,
642 2416 677 2470 et
692 2400 842 2501 Papam
859 2426 941 2471 cum
965 2400 1061 2474 clero
1078 2399 1147 2472 sibi

71 2498 286 2589 “Memento
309 2521 348 2588 in
368 2542 454 2588 arce
479 2517 681 2588 Crescentis
707 2515 887 2587 inclusum
914 2533 1065 2588 coercet.
1087 2517 1149 2588 Ibi

72 2615 245 2707 tiereimm
270 2637 383 2737 Papa
400 2637 662 2732 circumseptus
683 2658 766 2705 cum
790 2649 908 2704 turma
922 2633 1051 2731 fidelis
1066 2636 1147 2735 ‘po-

67 2740 176 2839 puli,
197 2752 298 2823 timet
324 2746 524 2850 deferetione
556 2749 762 2849 Quiritum,
792 2750 860 2848 qui
882 2751 990 2820 nimis
1018 2750 1149 2850 cupidi

67 2867 161 2936 ΨΜ
182 2886 219 2941 et
240 2867 465 2965 versipelles,
497 2867 644 2956 deludi,
672 2884 706 2938 et
728 2865 894 2938 morsibus
921 2859 1146 2939 inimicorum

64 2972 171 3056 ‘tadi
194 2987 431 3058 irreverenter.
456 2987 521 3057 Ad
543 3003 577 3056 te
592 2986 707 3081 igitur
726 2982 773 3056 ob
795 2982 860 3056 itto
881 2984 983 3057 missi
999 3012 1144 3078 sumus,

59 3089 294 3211 cfloremque
306 3130 411 3207 opem
427 3120 528 3176 tuam
546 3102 600 3175 ad
615 3119 757 3174 tontum
770 3104 1016 3179 necessitatem
1030 3107 1150 3204 requi·

56 3213 201 3291 '‘ntus.
219 3219 417 3293 Fortitudo
433 3235 502 3291 tua
516 3244 626 3318 super
642 3244 766 3290 omnes
783 3219 950 3292 inimicos
964 3237 1045 3292 tuos
1058 3221 1148 3292 dioi-

55 3321 170 3409 nitu,
186 3335 391 3409 sublimata
408 3353 478 3425 est,
502 3361 569 3407 nec
592 3340 624 3407 ei
649 3335 813 3408 mortalis
829 3362 961 3408 manus
986 3339 1148 3408 resistere

52 3452 188 3527 Potest
194 3511 208 3545 ,
236 3455 416 3554 quamdiu
442 3454 524 3527 Deo
551 3452 765 3524 militaveris
771 3509 783 3542 ,
811 3469 846 3523 et
867 3454 1011 3525 vicario
1027 3455 1152 3525 sancti

63 3551 195 3658 Petri,
212 3575 393 3674 principis
409 3570 677 3672 apostolorum,
699 3568 874 3665 obedieris
893 3570 909 3667 (
932 3571 959 3668 ).

67 3707 1153 3745 m.

105 3804 152 3878 (¹)
175 3811 206 3866 br
224 3812 335 3869 batailte
355 3812 567 3869 eutlieule18
585 3812 719 3879 octobre,
739 3811 809 3866 trois
825 3811 905 3882 jours
922 3813 1002 3884 apres
1023 3813 1148 3868 t’arrivee'

69 3882 207 3956 d'Atexis.
215 3902 323 3960 Robert
332 3903 469 3958 distribua
482 3921 524 3959 ses
536 3905 675 3977 quartiers
684 3903 790 3957 d’hiver
801 3900 870 3957 dam
882 3901 909 3957 le
923 3904 1064 3977 territoire
1072 3903 1108 3958 de
1120 3905 1145 3958 ia

71 3979 145 4042 νῑΙΙο
157 3993 285 4068 andegte,
294 4006 323 4051 et
332 3994 589 4068 particulieremeut
599 3993 782 4051 atGlabiuizra
795 3996 848 4049 ess
860 3994 1010 4051 tosseim:
1022 3995 1147 4050 Duratio

73 4084 105 4123 ’θ
119 4080 213 4140 rendit
225 4085 250 4140 le
266 4085 298 4144 18
310 4087 423 4142 bertier.

108 4165 153 4234 (⁴²)
176 4167 350 4249 L'empereur
366 4179 437 4232 avait
456 4178 563 4251 quitte,
585 4195 620 4231 au
634 4178 789 4250 printerups
807 4176 938 4245 de1082,
959 4192 1009 4233 sou
1021 4177 1147 4250 quartier
