2888 4934
182 436 223 496 ³6
455 432 636 492 HlSTOlllA
657 430 960 495 EchRSttSttcA.
1056 434 1147 508 [ctm
1160 435 1235 511 560]

181 567 379 651 basilicam,
397 589 478 663 quae
492 562 606 637 adhuc
624 563 813 662 perdurat,
835 567 870 637 in
890 564 1028 636 bonore
1042 564 1078 633 S.
1095 563 1235 635 Ebrulli

181 681 427 756 condiderunt.

232 796 395 870 «Deinde
407 799 531 869 silvam
544 799 689 896 ingressi
705 814 788 869 sunt
802 815 976 871 amatores
992 799 1116 886 eremi,
1128 822 1235 896 quam

182 916 326 987 Uticum
362 930 606 1012 protestantur
642 913 780 986 incolae.
819 914 906 1007 Quae
938 917 1024 986 silva
1064 913 1238 986 densitate

181 1031 354 1104 arborum
390 1030 594 1117 horribilis,
631 1031 766 1103 crebris
803 1032 983 1104 latmnum
1016 1036 1236 1132 frequentata

180 1149 413 1236 discursibus,
431 1147 686 1220 habitationem
706 1149 896 1245 praestabat
914 1148 1234 1222 immanibusleris.

182 1266 341 1364 Cumque
352 1262 537 1360 intrepidis
554 1264 730 1362 gressibus
742 1267 934 1336 vastissima
947 1267 1020 1339 loca
1038 1263 1237 1338 solitudinis

182 1398 431 1481 peragrarent,
453 1407 526 1453 non
547 1382 766 1454 invenientes
781 1381 843 1453 ubi
857 1385 1072 1455 conveniens
1083 1408 1156 1455 suae
1170 1382 1239 1453 de·

182 1500 318 1572 votioni
333 1498 527 1594 hospitium
543 1498 781 1584 collocarent,
799 1499 923 1569 beatus
935 1500 1122 1590 Ebrullus,
1137 1524 1237 1597 pure·

183 1615 409 1686 conscicntiae
425 1614 554 1710 spiritu
574 1613 814 1701 inardescens,
833 1617 948 1687 orarit
963 1616 1006 1687 ad
1023 1616 1234 1700 Dominum,

181 1731 302 1803 dicens
318 1760 327 1799 :
345 1731 500 1801 Domine
516 1732 603 1802 Jesu
622 1730 781 1821 Christe,
804 1739 865 1831 qui
882 1736 1102 1835 populonio
1123 1732 1240 1804 Israel

181 1848 367 1946 gurdierrti
377 1874 447 1948 per
464 1848 666 1938 desertum,
687 1868 720 1921 te
738 1853 919 1922 ductorem
927 1852 1186 1950 fidelissimum
1200 1855 1238 1920 in

183 1968 354 2040 columna
380 1967 486 2037 nubis
508 1984 544 2037 et
568 1970 664 2066 ignis
689 1968 907 2055 exhibuisti,
932 1969 1090 2068 dignare
1110 1970 1238 2068 propi-

183 2092 253 2157 tius
274 2085 379 2158 nobis
401 2085 601 2157 volentibus
621 2087 864 2187 ,Egyptiacoe
884 2090 1061 2159 seruitutis
1080 2087 1239 2157 damna-

183 2206 314 2275 tionem
336 2202 513 2299 effugere,
540 2203 658 2274 locum
686 2203 859 2275 libertatis
880 2220 915 2274 et
939 2221 1070 2274 nostra‘
1078 2199 1240 2301 jiugili-

183 2324 254 2391 tuti
269 2337 507 2420 opportunum
523 2321 711 2391 clementer
723 2320 926 2393 ostendere!
942 2321 1028 2392 ttox
1044 2345 1131 2391 sem
1144 2344 1239 2391 com·

182 2438 277 2536 pleta
302 2438 484 2525 oratione,
508 2438 673 2533 apparuit
692 2436 786 2508 fideli
810 2439 889 2510 siro
908 2437 1053 2535 angelus
1074 2432 1236 2519 Domini,

183 2554 373 2627 adveniens
390 2553 488 2654 quod
503 2571 713 2651 poposcerat
735 2554 902 2627 indicare.
923 2553 1039 2646 Quem
1054 2566 1241 2651 soquentes

182 2672 373 2768 praesium,
398 2685 640 2767 pervenerunt
665 2668 709 2740 ad
731 2672 845 2741 sontes
871 2669 1104 2740 habilissimos
1124 2667 1178 2762 ξι)
1194 2664 1238 2736 ad

181 2786 378 2884 potandum
388 2815 398 2874 ;
429 2789 490 2887 qui
519 2785 702 2885 paululum
728 2786 869 2859 dirivati
899 2788 951 2881 ζα)
979 2781 1241 2883 colligebantur

184 2906 220 2974 in
244 2931 413 3003 magnum
431 2922 609 3004 stagnum.
628 2904 698 2977 [bi
717 2930 830 3001 genua
849 2904 1047 2985 llectentes,
1067 2915 1240 2972 monstru-

183 3022 253 3093 tori
270 3021 346 3092 Deo
360 3023 546 3093 immensas
564 3023 724 3094 referunt
735 3021 873 3108 laudes,
889 3024 949 3120 qui
967 3045 1148 3119 utinquam
1161 3043 1239 3089 ser-

181 3160 244 3206 sos
256 3160 337 3206 suos
352 3138 489 3232 speruit
500 3153 680 3233 sperantes
695 3139 732 3208 in
748 3162 796 3208 se.
817 3128 1000 3209 Celebrate
1020 3153 1137 3207 autem
1151 3160 1239 3234 gra-

182 3254 314 3323 tiarum
357 3253 516 3339 actione,
550 3277 681 3325 nomen
722 3254 865 3325 Domini
911 3257 1131 3338 invocantes,
1169 3275 1239 3349 pro

181 3369 379 3467 quantitate
392 3367 629 3440 habitantium
645 3368 690 3441 de
708 3369 872 3468 virgultis
891 3386 928 3442 et
948 3366 1135 3441 frondibus
1157 3392 1242 3440 oon·

181 3500 343 3558 struxere
370 3488 567 3586 tugurium.
597 3485 701 3578 Quod
720 3487 874 3558 claustro
903 3485 1054 3584 partulo
1084 3482 1239 3582 ejusdem

181 3604 340 3674 materiae
382 3605 719 3702 circumcingentes,
759 3618 966 3674 manserunt
1009 3600 1071 3673 ibi.
1106 3613 1240 3696 optatoe

204 3808 288 3816 ---—
308 3811 351 3817 ---
396 3814 405 3818 .
444 3815 476 3820 -..
497 3815 501 3819 .
524 3817 534 3820 -
567 3816 586 3821 -.
628 3814 742 3822 .....---
775 3814 832 3820 --.-
864 3812 1053 3821 .---—---——·
1073 3811 1084 3817 -
1143 3808 1235 3816 -—·'

218 3938 312 4009 (1)st
323 3950 381 3993 mot
394 3939 526 4003 barbate.
542 3946 590 4016 qui
605 3963 634 3997 se
646 3956 742 4000 trouve
755 3948 826 3999 ausi
838 3944 907 3999 dans
919 3944 943 3998 le
961 3941 1076 4016 legende
1087 3937 1238 4011 originale,

184 4026 246 4082 doit
255 4027 315 4082 em
326 4029 384 4101 pris
395 4028 464 4083 daus
476 4030 502 4085 le
512 4048 574 4086 sens
582 4032 733 4088 d'idoncns.

220 4116 260 4188 la)
271 4118 312 4173 Cr
327 4130 397 4183 mot,
409 4120 458 4191 qui
472 4120 581 4191 signihe
591 4125 712 4192 separes.
726 4123 883 4178 tumbae«,
900 4134 964 4176 rant
975 4122 1066 4174 miens
1077 4120 1111 4172 ici
1123 4134 1179 4189 qne
1189 4114 1240 4168 de-

185 4208 268 4263 riveti·
278 4206 431 4279 (derives).
446 4212 530 4284 qu'on
543 4222 640 4267 trouve
650 4213 754 4268 dausla
767 4212 883 4285 legende
894 4210 1037 4283 otigimlc.
