2888 4934
166 467 266 544 10⁸⁸]
522 461 637 522 LIBER
655 461 844 523 OCTAVUS.
1153 470 1214 530 275

165 621 236 672 iem
254 612 353 667 tuam
375 592 555 695 supplices
573 608 785 694 exposcunt.
804 593 884 666 Nos
903 620 1058 694 quoque,
1081 599 1146 695 qui
1165 615 1219 670 te-

165 740 241 786 rum
251 712 427 784 maximis
440 713 477 781 in
485 711 674 811 periculis,
690 712 784 782 sicut
794 737 879 782 cum
885 728 992 812 patre
1004 729 1077 802 tuo,
1089 719 1217 815 persti-

165 831 285 918 imus,
302 852 397 900 nunc
413 826 475 898 tibi
490 824 670 897 humiliter
684 843 865 916 astamus,
883 844 916 900 et
925 855 993 928 pro
1006 832 1219 931 compatrio-

165 949 203 1023 is
218 947 362 1026 ,nostris
386 945 523 1018 obnixe
546 945 808 1045 supplicamus.
846 946 958 1018 Decet
983 951 1151 1019 nimirum
1182 966 1220 1020 ut

165 1073 254 1138 :icat
272 1063 417 1137 timidos
434 1080 467 1136 et
489 1063 660 1135 uecordes
685 1063 810 1156 vicisti
809 1059 1051 1160 fortitudine,
1074 1067 1129 1137 sic
1150 1065 1221 1137 liu-

165 1179 310 1260 niliatis
326 1196 360 1251 et
377 1177 629 1279 poenitentibus
645 1204 786 1279 parcas
805 1178 1093 1252 mansuetudine.
1113 1182 1222 1253 Seue-

165 1298 304 1370 ·itatem
324 1297 462 1394 regiam
481 1311 648 1393 temperet
664 1294 874 1381 clementia,
897 1310 932 1365 et
951 1295 1120 1390 gloriosa
1141 1299 1221 1368 vir-

165 1417 228 1485 tuti
255 1412 311 1510 (r)
336 1428 409 1483 tuce
437 1410 593 1508 sufficiat
616 1410 764 1484 celebris
780 1411 961 1483 victoria!
985 1411 1129 1502 David,
1157 1438 1223 1485 rec

165 1555 332 1629 magnus,
348 1529 468 1600 Semel
481 1528 712 1600 maledicenti
725 1554 764 1599 se
771 1532 943 1627 pepercit,
957 1547 990 1600 et
1002 1529 1030 1600 J
1030 1528 1102 1601 oab
1116 1546 1225 1628 atque

165 1645 309 1736 Abisai,
322 1646 486 1744 aliosque
501 1645 703 1732 bellatores,
712 1671 782 1745 pro
797 1643 1010 1718 aduersante
1023 1645 1092 1718 sibi
1105 1646 1226 1735 Absa-

165 1764 244 1852 lon,
266 1791 312 1836 ne
320 1766 539 1866 perimerent
556 1790 656 1852 cum,
676 1762 808 1834 obnixe
825 1765 967 1862 rogavit
980 1764 1047 1862 (2).
1068 1765 1115 1835 In
1132 1763 1226 1837 dioi-

165 1883 219 1954 nis
244 1881 485 1954 uoluminibus
506 1880 698 1953 abundant
720 1880 888 1979 eaemplu
909 1880 1181 1979 bujuscemodi,
1201 1908 1227 1953 a

165 1997 292 2099 quibus
308 2024 378 2070 non
394 1997 580 2099 discrepat
591 2023 716 2096 sagea
726 2013 835 2096 poeta
850 2001 888 2068 in
907 1996 1029 2070 libello
1044 1997 1090 2070 de
1105 1999 1228 2070 Mira·

165 2113 296 2190 bilibus
315 2115 468 2188 mundi:

203 2297 205 2302 ’
270 2303 388 2359 Parcere
400 2303 545 2375 prostratis
558 2301 594 2357 sit
606 2301 708 2357 nobilis
720 2303 761 2357 ira
774 2301 876 2357 ieonis!

269 2392 315 2447 Tu
327 2410 439 2467 quoque
452 2391 493 2446 iac
506 2391 610 2458 simile,
625 2391 752 2466 quisquis
764 2390 916 2447 dominaris
928 2391 957 2446 in
970 2391 1051 2446 orbe!

208 2564 299 2638 Haec
318 2564 365 2636 ita
387 2561 588 2637 dicentibus
605 2562 825 2635 Guiliermus
843 2589 908 2636 rex
925 2564 974 2635 ait
993 2593 1002 2636 z
1023 2566 1160 2637 Fateor
1173 2589 1230 2635 me

165 2677 302 2754 vitibus
322 2682 453 2752 vestris
475 2680 593 2751 hostes
617 2705 869 2779 ecpugnasse,
897 2695 931 2750 et
952 2704 1022 2778 per
1045 2677 1231 2750 aucilium

165 2795 234 2869 Dei
253 2822 336 2869 cum
357 2794 482 2868 labore
504 2812 619 2867 uestro
637 2810 829 2894 gratanter
847 2795 1005 2894 tmpbaeo
1024 2794 1229 2895 appropin-

165 2937 306 3012 quasse.
331 2914 470 2985 Verum
492 2929 592 2985 tanto
623 2915 767 2984 cautius
786 2937 992 3010 proecuvere
1021 2910 1157 2984 debetis
1185 2937 1231 2982 ne

165 3055 220 3102 me
235 3029 403 3130 precibus
422 3035 548 3102 uestris
568 3057 593 3101 a
612 3033 731 3127 rigore
753 3029 979 3102 rectitudinis
1000 3027 1144 3102 deuiam
1162 3054 1230 3102 co-

165 3148 276 3246 gatis.
299 3146 474 3245 Quisquis
485 3148 612 3247 parcit
618 3147 778 3248 perjuris
793 3164 828 3218 et
845 3146 1066 3236 latronibus,
1080 3147 1231 3248 plagia·

165 3264 229 3338 riis
246 3280 281 3338 et
298 3268 477 3338 cuceratis
493 3264 760 3365 proditoribus,
782 3263 902 3362 aidert
914 3292 1050 3365 pacem
1070 3280 1104 3337 et
1123 3267 1229 3359 quie·
1321 3363 1322 3367 Ἰ

165 3397 232 3454 tem
263 3380 533 3468 innocentibus,
567 3383 849 3481 innumerasque
878 3381 998 3455 credes
1028 3399 1062 3454 et
1089 3381 1231 3453 danrna

165 3500 249 3572 serit
275 3498 378 3570 bonis
404 3515 439 3570 et
464 3499 671 3571 inermibus.
704 3499 810 3598 Quid
836 3498 1019 3571 sceleratis
1042 3496 1229 3600 peccaui?

165 3613 257 3714 quid
269 3613 343 3687 illis
355 3612 493 3686 nocui?
506 3613 598 3713 quid
607 3631 752 3687 mortem
767 3640 886 3686 meam
900 3617 981 3686 totis
994 3613 1134 3685 nisibus
1142 3639 1231 3713 pro·

165 3747 397 3818 curaverunt,
418 3747 451 3801 et
466 3757 585 3803 omnes
592 3758 663 3831 pro
671 3758 779 3830 posse
791 3757 858 3803 suo
872 3747 999 3804 contra
1012 3756 1065 3802 me
1071 3729 1229 3831 populos

165 3875 241 3921 cum
258 3849 470 3921 detrimento
485 3849 680 3921 multorum
695 3847 911 3923 creuerunt?
927 3849 1063 3922 Omnia
1075 3875 1144 3922 sua
1158 3848 1230 3920 illis

1077 4041 1226 4052 ...--——-

198 4156 237 4226 (ι)
250 4153 327 4211 Alias
342 4177 348 4208 ι
362 4163 389 4207 et
404 4155 502 4227 gloriae
512 4158 634 4210 virtutis.

198 4245 237 4313 (α)
251 4243 322 4315 Reg.
341 4259 373 4308 u,
393 4259 437 4315 19,
452 4252 480 4297 et
496 4244 535 4297 18.
