2888 4934
197 395 256 456 rsa
467 390 649 451 ursrorn
673 390 981 452 aeclesiastici.
1158 394 1266 472 [rous]

193 524 426 624 applicuerat.
447 520 580 593 Multos
594 520 643 593 ibi
654 519 878 596 Lumbardos
891 523 1029 597 iuveuit
1038 576 1049 611 ,
1065 539 1104 595 et
1117 531 1262 624 lango-

191 639 322 715 bardos
335 639 389 738 (r)
403 655 439 712 et
456 637 693 727 Alamannos,
708 638 770 739 qui
783 663 866 713 eum
880 657 1159 737 proecesserant,
1170 659 1208 713 et
1219 666 1259 714 ex

193 758 420 858 imperatoris
449 780 619 854 responso
644 756 852 831 venientem
878 758 1078 831 exercitum
1104 758 1261 832 sustine-

190 877 291 964 bant.
314 877 517 972 Imperator
539 874 685 946 interim
706 875 756 948 eis
773 890 972 948 mentatum
992 873 1072 949 dari
1088 876 1258 975 jusserat,

189 996 280 1068 sicut
300 996 336 1066 iu
360 994 502 1065 civitate
524 1008 664 1064 rectum
686 1008 776 1063 erat.
796 991 1026 1065 Mandaverat
1046 1018 1197 1094 quoque
1218 1020 1262 1069 ue

187 1109 380 1212 quemdam
391 1109 508 1182 sinum
521 1109 648 1198 maris,
661 1133 769 1209 quem
778 1107 971 1183 Brachium
981 1108 1103 1183 Sancti
1112 1108 1259 1212 Georgii

188 1244 319 1304 vocant
332 1228 404 1327 (a),
422 1226 712 1315 tramlretarent,
726 1252 912 1328 quousque
924 1229 1120 1316 maximus,
1134 1230 1198 1329 qui
1210 1255 1261 1303 se-

186 1345 377 1447 quebatur,
396 1344 572 1417 exercitus
585 1342 796 1416 advenisset.
814 1344 860 1418 Si
870 1348 978 1434 enim,
995 1345 1137 1446 inquit,
1158 1346 1261 1419 aliter

188 1464 354 1565 egeritis,
373 1463 477 1561 efferi
489 1460 642 1557 gentiles
661 1465 697 1532 r‘n
715 1489 781 1533 uos
798 1465 951 1550 inueni,
970 1478 1004 1534 et
1018 1461 1117 1535 lanu
1134 1462 1258 1537 imbel-

188 1579 258 1653 lem
272 1595 453 1652 catervam
464 1582 648 1675 periment.
666 1575 769 1669 Quod
784 1576 834 1650 sic
847 1592 967 1674 postea
982 1578 1153 1677 contigit.
1166 1577 1263 1653 Gens

187 1719 343 1795 namque
361 1693 439 1782 illa,
467 1693 543 1766 aine
571 1717 672 1793 rege,
700 1693 776 1766 sine
800 1691 910 1781 duce,
935 1680 1042 1766 variis
1068 1713 1258 1797 aggregata

188 1813 295 1902 locis,
316 1809 578 1910 indisciplinate
594 1809 782 1897 vivebant,
801 1811 837 1884 in
857 1837 913 1883 res
931 1811 1064 1888 alienas
1081 1816 1260 1912 rapaciter

186 1928 415 2018 involabant,
436 1927 646 2028 plumbum,
667 1926 713 2002 de
726 1954 800 2029 quo
813 1928 971 2003 ecelesiae
985 1946 1171 2028 coopertae
1186 1931 1259 2004 lue·

187 2064 285 2133 rant,
299 2044 558 2145 absportabant
569 2062 606 2117 et
620 2044 842 2134 vendebant,
861 2047 988 2146 palatia
1003 2045 1257 2138 destruebant,

185 2183 223 2240 et
242 2167 278 2238 in
300 2163 469 2239 omnibus
485 2189 521 2236 se
543 2164 709 2262 nequiter
730 2161 897 2262 agebant.
914 2163 976 2235 llis
993 2163 1170 2265 cognitis,
1191 2166 1259 2239 im·

187 2299 332 2383 perator
351 2279 452 2354 valde
469 2280 579 2352 iratus
592 2294 646 2352 est
652 2308 664 2370 ς
680 2279 814 2380 quippe
831 2281 892 2380 qui
907 2281 981 2379 jam
997 2306 1059 2354 eos
1075 2279 1262 2358 benefieiis

186 2401 257 2474 suis
276 2402 435 2500 ingratos
448 2412 616 2495 expertus
631 2411 696 2468 eat.
717 2394 843 2496 Coegit
860 2396 979 2496 itaque
994 2421 1054 2469 eos
1065 2399 1201 2498 expelli
1215 2397 1258 2471 ab

186 2516 292 2605 urbe,
304 2531 341 2588 et
351 2516 592 2588 transfretare.
603 2513 852 2602 Tmnslretati,
863 2514 976 2585 multa
989 2515 1123 2588 iterum
1134 2517 1256 2590 illicita

189 2638 225 2709 in
241 2634 464 2707 Christianos
481 2646 730 2732 patraverunt.
746 2629 839 2702 Nam
858 2646 991 2703 terram
1003 2656 1132 2706 eorum
1152 2631 1258 2707 bosti-

188 2748 477 2850 literdepraedati
491 2763 594 2835 sunt,
610 2764 648 2820 et
657 2747 785 2820 domos
797 2771 924 2820 eorum
937 2748 1257 2850 eeclesiasqnecre·

187 2884 391 2944 marerunt.
410 2855 573 2938 Tandem
598 2862 842 2937 Nicomediam
864 2881 1059 2954 venerunt,
1084 2867 1254 2968 Ligures,

188 2989 338 3087 aliaeque
354 3000 477 3085 gentes
491 2982 564 3054 illic
579 2996 792 3079 separantur
804 3007 823 3053 a
834 2979 992 3054 Francis.
1007 2981 1137 3057 Frarrci
1150 2987 1254 3087 siqui·

188 3104 270 3177 dem
294 3101 485 3176 ferociores
509 3114 613 3171 erant
637 3115 675 3170 et
695 3098 996 3174 intractabiliores
1020 3117 1056 3173 et
1080 3102 1129 3175 ob
1158 3102 1192 3177 id
1213 3103 1252 3175 ad

187 3247 296 3295 omne
318 3219 450 3291 malum
469 3216 716 3314 procliviores.
747 3215 817 3287 Alii
844 3241 933 3315 ergo
953 3217 1150 3318 quemdam
1168 3220 1251 3293 Rai-

220 3493 259 3563 (1)
271 3491 348 3547 Noua
360 3502 474 3542 verrons
485 3494 601 3539 souvent
615 3492 696 3538 notre
705 3492 804 3537 auteur
813 3483 970 3555 distinguer
982 3501 1027 3538 ωε
1038 3483 1113 3540 deux
1126 3505 1251 3543 ranem

185 3582 269 3640 d'une
278 3580 367 3635 meme
380 3575 493 3631 souche.
510 3575 562 3628 Par
571 3570 737 3636 Lombarda,
752 3571 773 3627 il
785 3572 891 3628 entend
904 3571 943 3628 les
955 3572 1098 3630 habitante
1110 3575 1148 3631 de
1159 3577 1254 3632 l'ltalie

185 3665 416 3744 septentrionale,
439 3675 467 3719 et
482 3682 531 3737 par
550 3661 730 3736 longobarda
750 3680 818 3716 oeur
835 3659 871 3717 de
888 3661 986 3717 l'ltalie
1006 3664 1204 3734 meridionalia,
1217 3669 1251 3721 ob

185 3761 225 3816 les
241 3757 393 3815 lombarda
408 3756 516 3811 avaient
534 3751 619 3808 fonde
635 3751 684 3806 des
698 3750 917 3806 &tablissrmenta
936 3754 984 3827 qni
1000 3753 1138 3811 durereut
1146 3757 1252 3830 jueqn't

184 3851 211 3905 la
219 3846 419 3905 dominationN
428 3843 572 3900 ornanda.

219 3942 259 4011 (a)
277 3941 314 3994 lae
334 3937 489 4009 bosphoro,
512 3935 580 3990 ainai
601 3935 715 3988 nomme
735 3935 750 3986 a
775 3949 856 3987 cauae
871 3931 911 3987 du
931 3937 1088 3990 monastero
1108 3935 1145 3991 de
1163 3938 1249 3993 Saint-

184 4031 311 4102 Georges
329 4026 365 4081 de
379 4027 529 4096 Mangann,
543 4023 593 4098 qui
606 4023 674 4078 etait
687 4023 785 4078 struet
797 4021 912 4077 t’enrree
933 4022 971 4077 du
986 4022 1100 4080 detroit.
1114 4030 1137 4081 A
1151 4046 1183 4082 ce
1193 4044 1248 4081 no-

183 4122 291 4178 nasteve
303 4116 390 4174 tenait
400 4134 438 4170 on
448 4112 542 4187 palaiv,
556 4123 668 4186 portant
680 4111 705 4166 le
718 4113 808 4167 rueme
817 4129 893 4176 nona,
903 4123 931 4167 et
941 4113 1010 4168 dans
1018 4113 1111 4188 lequel
1122 4134 1152 4171 ae
1160 4119 1248 4175 vatin.

182 4233 218 4270 en
236 4209 318 4281 1081,
331 4204 526 4280 l’ivnperatriee
541 4204 643 4271 Maria,
658 4220 743 4258 veure
754 4202 790 4258 de
799 4201 903 4258 llicbel
917 4203 1096 4276 Parapinae.
