2872 4920
180 460 241 522 296
457 454 643 515 HISTORIA
665 455 972 519 Ecctmttsrlcu.
1148 465 1249 543 [tota]

181 607 233 682 te,
258 607 292 660 et
307 588 428 690 jussis
454 592 525 660 tuis
534 583 828 686 famulabuntur
847 592 927 664 sine
944 592 1247 670 contradictione.

182 711 289 781 Tunc
301 706 463 808 populus
482 706 557 778 Dei
566 705 633 780 sub
647 707 760 782 tutela
772 712 1005 808 protectionis
1018 728 1094 786 tua·
1103 738 1250 790 securus

180 829 221 900 in
243 851 340 927 pace
365 823 562 915 laetabitur,
591 842 625 896 et
644 852 715 925 pro
740 827 859 899 salute
886 845 950 901 tua
975 833 1252 934 ommpooenum

180 946 302 1018 Deum
315 949 378 1046 pie
389 943 660 1046 deprecabitur.
685 945 814 1018 Cultus
830 947 1038 1023 divinitatis
1052 952 1093 1022 in
1108 954 1253 1051 regione

180 1083 246 1138 tua
272 1065 413 1138 cunctis
429 1062 478 1136 ab
498 1063 689 1164 ordinibus
706 1067 853 1165 jugiter
870 1066 1125 1159 celebrabitur,
1144 1086 1181 1141 ct
1196 1071 1254 1144 icc

179 1183 250 1254 Dei
269 1207 354 1255 cum
369 1186 564 1254 securitate
585 1187 770 1255 communi
786 1181 1251 1260 salubriterobseroabimr.

227 1299 526 1375 Exhortatoriam
548 1300 721 1373 antisticis
745 1299 1004 1375 allocutionem
1022 1328 1173 1393 omncs,
1193 1303 1254 1405 qui

180 1419 351 1507 aderant,
377 1418 634 1506 laudaverunt,
661 1435 697 1492 ct
718 1444 792 1492 sese
815 1419 860 1492 ad
880 1419 981 1493 ducis
1005 1421 1167 1494 officium
1186 1447 1256 1524 pro

178 1536 386 1611 defensione
402 1535 529 1634 patriae
542 1536 654 1610 totins
668 1535 835 1611 hilariter
852 1536 1080 1613 obtulerunt.
1096 1539 1183 1612 Dux
1195 1539 1257 1640 igi·

179 1664 241 1728 tur
261 1652 486 1745 Rodbertus,
506 1672 701 1756 aggregato
717 1656 898 1744 exercitu,
915 1656 1163 1730 Cenomannis
1176 1680 1256 1755 pm·

180 1774 292 1846 iectus
308 1787 378 1861 est,
400 1789 436 1845 ct
454 1789 527 1845 tam
543 1799 562 1844 u
581 1774 680 1847 clero
696 1799 806 1875 quam
821 1801 841 1846 a
858 1774 996 1848 civibus
1012 1773 1256 1874 tripudianter

179 1904 361 1989 susceptus
375 1906 440 1963 est.
456 1885 598 1964 'Deinde
612 1891 852 1991 legationibus
868 1894 943 1994 ejus
960 1891 1108 1981 auditis,
1127 1917 1257 1967 conve·

180 2024 315 2082 nerunt
328 2007 373 2081 ad
385 2033 469 2081 eum
482 2008 689 2082 Goissredus
701 2009 940 2084 Madcnicnsis
946 2066 958 2102 ,
968 1997 1159 2084 Robertus
1171 2011 1257 2084 Bur

90 2188 93 2194 .
179 2123 337 2227 gundio,
361 2141 398 2200 ct
415 2126 535 2200 Helias
558 2125 652 2239 filius
671 2126 848 2201 iohannis
872 2129 950 2226 (1),
978 2128 1113 2229 aliique
1137 2127 1258 2227 plmu

179 2248 297 2346 parati
316 2244 360 2318 ad
377 2246 566 2320 servitium
587 2245 702 2320 ducis.
729 2246 947 2348 Agminibus
963 2271 1053 2320 vem
1068 2245 1256 2320 Numan·

180 2390 315 2439 norum
351 2374 534 2464 praeerant
566 2365 698 2463 praesul
725 2366 946 2465 Bajooensis‚
974 2381 1011 2439 ct
1041 2363 1255 2438 Guillelm

55 2560 57 2566 ,
181 2507 301 2556 comes
330 2481 584 2572 Ebroicensis,
612 2482 784 2556 Radulsus
810 2482 855 2556 de
883 2483 1057 2572 Conchis,
1086 2499 1124 2555 ct
1148 2507 1255 2582 nepas

180 2604 254 2702 ejus
266 2603 483 2676 Guillclmus
496 2603 727 2676 Bretoliens'is
741 2605 811 2701 (n),
830 2604 962 2702 aliique
975 2602 1155 2684 militares
1168 2600 1251 2687 viri,

178 2722 305 2794 mult-is
323 2720 568 2820 probitatibus
585 2723 773 2820 proecipui.
790 2722 952 2819 Paganus
967 2719 1012 2793 dc
1028 2719 1253 2793 Monte-Du·

180 2838 284 2914 bleiis
311 2841 388 2938 (ὅ),
421 2867 503 2913 curn
536 2839 614 2912 aliis
644 2839 916 2913 contumacibus
944 2855 1102 2912 castrum
1127 2837 1253 2911 balao-

218 3193 257 3264 (ι)
270 3189 411 3258 Gcoffroi‚
427 3190 569 3247 troisibme
581 3190 620 3245 dn
634 3208 715 3259 nom,
730 3191 860 3263 seigneur
870 3189 909 3244 de
920 3190 1057 3262 Maycnne
1068 3184 1252 3262 (¹⁰59109ti·

181 3282 222 3338 Ce
238 3282 370 3354 seigneur
384 3290 426 3336 est
442 3280 469 3335 le
486 3282 577 3337 mimo
593 3299 649 3355 quc
665 3299 735 3335 nous
749 3298 832 3333 avons
846 3297 881 3332 vn
896 3278 1000 3351 figuror
1014 3274 1166 3345 ci-dessus,
1183 3286 1204 3330 t.
1216 3273 1252 3338 11,

179 3393 209 3447 p.
228 3371 294 3442 103,
311 3390 420 3427 comme
433 3372 459 3426 ie
472 3372 535 3445 plus
546 3371 711 3428 rcdoutable
723 3371 771 3426 des
783 3370 909 3425 ennemis
921 3368 956 3423 de
967 3368 993 3422 ia
1002 3367 1181 3422 domination
1190 3366 1254 3423 Nor·

176 3463 283 3519 rnanrle
294 3462 368 3518 *dans
386 3462 413 3519 lc
430 3463 537 3532 Maiae,
559 3480 595 3518 en
617 3461 694 3518 1063.
711 3463 804 3535 Aprbs
822 3460 904 3515 s’ctre
918 3457 1073 3514 ‘rcconcilie'
1089 3476 1156 3514 avec
1168 3459 1196 3514 ic
1206 3456 1254 3512 duc

181 3555 362 3622 Guilimmc,
375 3555 399 3609 il
412 3554 618 3627 l’accompagna
634 3553 703 3608 dans
714 3571 764 3608 con
778 3550 939 3624 cxpcdition
952 3549 1161 3622 d'Angicterre.
1175 3548 1256 3606 Muti

180 3643 398 3720 &Eiidem-nge,
411 3645 467 3701 tlte
478 3642 661 3710 deiudicacl,
676 3653 767 3697 comte
776 3641 812 3695 dc
824 3641 943 3706 Nautes,
956 3639 975 3693 il
985 3637 1153 3694 sutl'amant
1165 3637 1255 3694 d'sscr

181 3734 281 3805 sende,
301 3735 356 3791 filie
372 3736 450 3790 aince
467 3734 503 3789 de
517 3735 620 3806 Hugue
633 3734 676 3787 III
690 3743 719 3787 et
731 3732 833 3787 semme
845 3731 975 3786 d’Azzon.
984 3759 1023 3773 -
1032 3729 1144 3785 Robert
1156 3729 1194 3784 de
1206 3727 1254 3784 Ne·

182 3845 259 3896 vers,
271 3829 435 3883 turnomme'
446 3826 473 3882 le
481 3826 697 3899 Bourguignon,
709 3824 840 3896 seigneur
849 3822 887 3876 dc
895 3821 991 3888 Sablc,
1002 3839 1039 3874 au
1048 3819 1127 3876 droit
1135 3818 1256 3876 d’Avoise

179 3917 216 3973 de
230 3917 326 3987 Sabie',
340 3936 370 3972 aa
383 3917 524 3990 premibre
536 3916 649 3971 femme.
663 3946 695 3955 -
706 3913 787 3969 He‘lie
799 3912 834 3967 dc
848 3912 1019 3984 beaugenci,
1035 3911 1171 3984 seigneur
1182 3907 1218 3963 tle
1226 3904 1255 3962 ia

179 4010 296 4080 Fttehe,
309 4009 353 4063 stis
363 4007 413 4081 rica
422 4010 492 4064 Jean
511 4006 546 4062 de
560 4006 716 4080 beaugenci
729 4014 759 4060 ct
770 4002 901 4077 petit-fils
915 4002 951 4056 de
962 4000 1062 4068 Paule,
1072 3999 1133 4056 ulte
1142 3998 1182 4054 de
1192 3997 1255 4056 Har

181 4101 245 4155 bort
259 4087 484 4166 bucilloChiem
500 4108 592 4154 comte
604 4097 644 4153 dn
657 4097 759 4152 Maine.

216 4193 256 4263 (2)
268 4191 324 4247 un
335 4189 504 4260 al’tdetine,
518 4207 594 4244 occur
608 4188 644 4244 de
657 4188 748 4244 Racul
759 4185 794 4242 de
807 4185 945 4243 Conches.

220 4277 259 4350 (3)
271 4280 364 4352 Paycn
378 4278 413 4333 dc
426 4276 656 4333 Montdonbleau.
