2888 4934
180 385 272 455 sto*
456 371 990 445 sssrosssscctesusrscs..
1140 352 1244 467 μου]

186 515 391 589 Cestrcnses
405 530 440 586 ct
449 512 789 608 Nordantumbros,
802 531 929 589 contra
940 514 1069 589 Scotos
1080 532 1117 588 et
1129 516 1240 591 Guol-

182 634 256 724 los,
294 631 576 733 Nortlrwigenas
610 648 644 704 et
681 632 831 723 Dacos,
866 649 900 705 ct
938 650 1064 707 contra
1103 652 1242 708 catems

183 750 431 835 adversarios,
456 753 516 822 cui
537 749 765 822 conabantur
779 776 836 823 mc
858 776 970 852 regno
989 751 1141 850 Anglioe
1163 779 1244 855 spo-

184 867 294 956 liare,
315 867 462 964 difficile
477 884 528 939 est
549 892 736 955 enarrare,·
760 868 950 967 inquibus
972 870 1142 944 omnibus
1162 897 1246 972 pm-

184 992 277 1063 uenit
298 988 389 1061 milti
402 1015 481 1062 sors
500 991 676 1063 victoria.
708 989 786 1063 Sed
805 997 968 1091 quamvis
991 1014 1104 1094 super
1121 993 1247 1095 liujus-

184 1107 285 1179 modi
294 1105 484 1208 triumphis
498 1105 659 1179 limnana
679 1106 844 1204 gaudeat
861 1108 1021 1182 auiditas
1027 1165 1042 1200 ,
1057 1135 1117 1183 me
1131 1124 1248 1184 tamn

177 1230 400 1302 intrinsecus
420 1229 555 1329 pungit
580 1245 613 1300 et
644 1228 783 1300 rrtardet
803 1226 1024 1329 formidinis
1057 1233 1249 1319 anxiatam

185 1347 274 1420 dum
305 1345 487 1446 perpendo
518 1344 617 1447 quod
649 1347 686 1417 in
717 1348 885 1421 omnibus
917 1347 971 1421 lu’s
1000 1363 1181 1450 grassata
1205 1365 1251 1423 est

183 1490 281 1537 soeua
307 1465 501 1536 temeritas.
531 1463 635 1535 Unde
659 1490 782 1555 oos,o
807 1465 1014 1539 sacerdotes
1038 1483 1074 1539 et
1100 1467 1253 1541 ministri

189 1579 341 1670 Christi,
363 1579 579 1683 suppliciter
592 1578 740 1654 obsecro
757 1598 798 1653 ut
814 1582 1038 1657 orationibus
1052 1589 1184 1659 vestris
1202 1612 1252 1660 mc

186 1696 440 1770 commendetis
464 1698 703 1796 omnipotenti
728 1699 832 1792 Deo,·
859 1717 900 1771 ut
919 1717 1095 1800 peccata,
1123 1701 1253 1800 quibus

186 1812 389 1888 admodum
404 1839 560 1914 premor,
580 1815 657 1914 ipse
674 1816 846 1903 remittat,
864 1831 900 1888 et
917 1842 1106 1914 persuum
1125 1814 1254 1917 infati-

184 1932 347 2032 gabilem
371 1933 598 2006 clementiam
627 1936 720 2004 inter
754 1958 840 2006 suos
872 1960 930 2006 me
956 1934 1096 2009 saltum
1106 1932 1253 2030 socrat.

190 2055 398 2128 Thesauros
415 2081 558 2155 quoque
573 2081 671 2128 meos
681 2053 798 2155 jubeo
821 2054 908 2127 dari
920 2055 1081 2128 ecclesiis
1101 2075 1140 2129 et
1156 2082 1256 2159 pou-

184 2170 357 2274 peribus,
383 2187 421 2243 ut
442 2197 525 2271 qua
543 2186 713 2268 congesta
737 2187 822 2242 sunt
846 2196 894 2243 ec
906 2169 1168 2270 facinoribus,
1193 2171 1256 2245 di-

188 2306 409 2391 spergnntur
418 2290 457 2360 in
469 2291 608 2362 sanctis
621 2289 840 2362 Sanctorum
853 2287 990 2362 usibus.
1003 2289 1153 2363 Debctis
1165 2296 1257 2364 enim

189 2405 344 2478 recolere
368 2430 478 2504 quam
502 2405 660 2479 dulciter
680 2430 744 2478 tros
761 2408 902 2495 omasi,
928 2424 963 2478 et
985 2433 1097 2507 quam
1113 2412 1259 2500 sortiter

191 2538 317 2596 contra
333 2548 457 2595 omnes
474 2523 622 2595 tumulos
638 2519 837 2620 defensavi.

237 2638 447 2713 Ecclesiam
458 2640 549 2730 Dei,
565 2654 715 2712 matrem
726 2640 865 2715 scilicet
880 2657 1051 2729 nostram,
1070 2667 1258 2745 nunquam

189 2757 341 2844 violas&
374 2756 443 2829 sed
477 2755 621 2856 ubique,
650 2773 689 2828 ut
712 2762 807 2829 ratio
841 2758 980 2857 exegit,
1011 2756 1262 2832 desideranter

189 2873 373 2949 honorati.
400 2874 684 2947 Ecclesiasticus
706 2873 904 2974 dignitates
921 2900 1108 2975 nunquam
1131 2900 1260 2950 venum

191 2989 291 3064 dedi.
319 2990 524 3063 Simoniom
551 2991 752 3063 detestatus
769 3016 910 3092 semper
932 2989 1098 3090 rp‘utovi.
1124 3001 1172 3066 In
1190 2993 1262 3070 elc-

191 3108 308 3180 ctione
315 3133 558 3209 personarum
573 3114 660 3179 vita
673 3112 851 3197 meritum,
868 3125 902 3180 et
915 3111 1108 3209 sapientia
1123 3111 1263 3187 doctri·

190 3249 279 3295 nam
313 3223 541 3323 investigati,
570 3242 606 3294 et
630 3239 806 3323 quantum
830 3229 869 3297 in
894 3252 951 3297 me
966 3222 1073 3324 suit,
1105 3232 1264 3328 omrdtsttt

190 3339 406 3440 dignissimo
433 3338 619 3413 Ecclesia
642 3343 803 3437 regimen
828 3341 1091 3415 commendati.
1111 3350 1188 3418 Hoc
1203 3321 1265 3417 ni·

191 3460 322 3531 mirum
340 3454 496 3559 probari
518 3472 639 3558 potest
663 3459 844 3531 ueraciter
865 3466 903 3530 in
928 3458 1142 3558 Larffranco
1169 3463 1297 3536 Cart-⁶

193 3579 429 3648 tuariensium
456 3572 738 3676 archipraesule,
765 3574 832 3648 lroc
849 3577 889 3648 in
914 3577 1086 3650 Anselmo
1102 3585 1297 3653 secan-

191 3697 284 3764 sium
321 3691 474 3781 abbam
511 3690 581 3765 lsoc
613 3695 651 3762 in
689 3689 865 3764 Gerberto
898 3693 1203 3787 Fontanellense,
1236 3704 1297 3770 et!

192 3807 372 3881 Duroudo
400 3810 647 3897 Troornense,
676 3823 710 3880 et
733 3811 772 3880 in
800 3807 890 3881 aliis
915 3811 1041 3883 multis
1067 3815 1173 3909 regni
1198 3809 1297 3895 mci

193 3927 399 4004 doctoribus
404 3959 417 4017 ,·
435 3956 587 4031 quorum
598 3930 748 4005 celebris
765 3931 847 4005 laus
860 3950 1037 4030 personat
1054 3941 1091 4006 in
1106 3934 1249 4010 ultimis
1252 3988 1297 4027 ,.

193 4065 235 4121 ut
256 4047 385 4137 credo,
414 4066 517 4121 terra
524 4048 682 4143 finibus.
707 4048 819 4122 Tales
839 4051 957 4125 socios
974 4050 1028 4126 ad
1047 4050 1297 4152 colloquium
