2888 4934
94 121 304 201 [tmuium]
460 116 577 183 treta
598 115 801 180 surrrnus.
1108 126 1166 184 irs

95 249 395 341 nuntiaverant
408 270 557 321 rumore
568 248 746 346 oomperit
767 247 863 350 quod
879 248 1082 324 liodbertus
1093 251 1168 325 dux

89 366 540 467 ‚Comuntinopolitnnum
570 366 826 463 imperatorem
855 369 1095 467 superaverit,
1126 397 1169 443 ao

94 487 142 562 ad
153 485 433 561 subventionem
445 484 551 583 Papae
564 485 662 583 quasi
672 484 796 583 fulgur
809 512 892 558 cum
904 487 1017 560 nimio
1032 488 1168 587 impetu

96 630 143 679 ex
183 605 382 704 improviso
412 601 619 691 advenerit,
656 603 762 675 variis
795 603 982 677 eventibus
1016 606 1169 679 solerter

95 721 330 799 eonsideratis
353 720 457 795 valde
481 721 621 808 timuit,
641 723 789 820 jamque
804 723 894 795 lacta
917 748 1000 795 cum
1016 722 1168 824 quibus-

98 840 182 915 dam
198 841 446 913 Romanorum
459 836 671 935 proceribus
683 863 769 937 pane
778 894 789 928 ,
805 856 944 938 portem
958 839 1059 912 urbis
1069 866 1168 915 rece·

100 962 173 1058 pit,
194 984 236 1032 ae
250 955 480 1058 postmodum
498 955 662 1029 occiduas
677 958 779 1056 regni
804 958 857 1029 sui
875 973 993 1055 partes
1010 961 1165 1057 repetiit.

99 1077 231 1151 Maluit
249 1077 384 1178 quippe
401 1101 506 1148 sanus
518 1090 555 1147 et
571 1073 666 1146 liber
679 1072 826 1146 honeste
843 1073 1040 1160 discedere,
1061 1103 1170 1176 quam

100 1191 336 1268 furibundum
348 1190 603 1291 agonothetam
622 1207 828 1289 expectare,
847 1209 883 1264 et
901 1195 1080 1292 repentini
1097 1219 1173 1267 cer·-

105 1310 247 1393 tarninis
261 1309 395 1383 involvi
415 1306 593 1406 turbine(
619 1312 645 1401 ).

145 1426 214 1505 vl.
230 1427 325 1498 Dum
342 1440 415 1497 tam
432 1449 558 1525 graves
570 1424 746 1497 tumultus
759 1440 796 1497 et
812 1438 867 1498 tot
882 1425 1064 1498 bellorum
1079 1442 1172 1500 tem-

103 1560 255 1641 pestates
281 1543 318 1614 iu
348 1540 486 1615 mundo
512 1542 700 1628 sevirent,
721 1557 757 1613 et
785 1566 894 1641 regna
926 1559 1106 1615 terrarum
1133 1552 1173 1617 ut

95 1682 262 1760 puppem
297 1656 392 1731 inter
423 1656 540 1755 pelagi
573 1654 703 1730 fluetus
734 1658 933 1756 agitarent,
960 1658 1175 1733 venerabilis

93 1771 322 1865 Rodberttrs,
339 1772 449 1847 abbas
458 1774 597 1847 Sanctae
611 1774 801 1865 Eulemiao‚
812 1791 1003 1875 postquam
1018 1775 1175 1851 debello

79 1890 291 1995 Dyraceno
302 1893 337 1964 io
351 1888 555 1964 Calabriam
568 1889 688 1980 rediit,
697 1916 849 1983 veneno,
857 1895 1034 1983 utsertur,
1047 1895 1085 1965 in
1097 1918 1173 1966 esen

74 2026 253 2110 sumpto
269 2014 312 2083 ιιο
335 2007 504 2082 kalendas
523 2007 723 2083 deoembris
740 2027 918 2109 egrotare
935 2011 1061 2109 eoepit.
1082 2009 1174 2083 Nam

63 2127 275 2232 quidam,
289 2151 422 2227 genere
434 2126 649 2214 Saracenos,
670 2143 747 2200 orte
764 2129 911 2225 pistoria
926 2130 1090 2203 Brixensi
1102 2154 1177 2202 cm-

57 2244 220 2323 nobit)
233 2246 289 2342 (a)
301 2242 492 2318 serviebat.
506 2245 574 2318 llic
587 2270 749 2319 sororem
757 2245 937 2319 Willelmi
949 2249 1097 2346 prioris,
1110 2245 1173 2320 fllii

137 2476 180 2547 (ι)
191 2472 301 2547 Malgre
320 2483 385 2527 tous
401 2471 440 2527 les
452 2470 542 2527 beatu
562 2470 688 2526 discours
706 2489 762 2544 que
781 2482 862 2527 notre
874 2482 977 2527 auteur
993 2484 1052 2529 met
1065 2473 1134 2529 dans
1150 2474 1177 2529 lu

50 2560 219 2619 berche
236 2562 272 2619 de
284 2560 407 2629 Robert,
420 2562 447 2617 le
459 2560 516 2616 sele
528 2559 643 2616 brrilaut
655 2559 725 2614 dont
738 2578 769 2615 ee
782 2562 878 2633 prince
887 2564 955 2617 etait
966 2563 1058 2617 anime
1068 2581 1141 2641 pour
1151 2564 1178 2619 la

41 2650 222 2710 dffeuse
238 2651 275 2707 de
291 2640 402 2725 l’Eglise
419 2661 448 2705 et
466 2650 502 2705 de
513 2668 563 2704 son
577 2649 655 2716 chol,
669 2666 697 2704 se
716 2648 823 2722 diriges
835 2649 951 2706 d'abord
964 2662 1026 2706 tout
1036 2653 1128 2707 entier
1138 2652 1178 2707 dn

45 2742 172 2801 tlte
183 2742 222 2801 de
231 2742 259 2797 la
270 2741 463 2799 «ermion
478 2740 515 2796 de
531 2756 575 2795 aas
594 2756 712 2812 propres
725 2726 815 2808 Eun,
832 2751 930 2797 contre
944 2742 993 2797 det
1006 2742 1124 2799 revoltes
1136 2742 1180 2800 lo-

42 2832 182 2889 ente
194 2843 225 2891 et
234 2832 274 2889 tn
285 2832 439 2909 intestinos
452 2829 568 2893 hostiles
579 2828 616 2885 de
625 2830 725 2887 Henri.
737 2830 778 2887 Ce
787 2830 858 2885 n’est
869 2832 954 2906 qu'en
965 2832 1049 2915 “3⁸⁴2
1062 2833 1179 2906 apresls

53 2925 185 2995 larisa
205 2923 243 2980 de
259 2923 350 2979 Rome
371 2941 421 2999 par
434 2923 523 2999 Henri
536 2932 565 2977 et
580 2920 822 2977 l'investissement
840 2923 991 2997 rigonreux
1011 2923 1050 2979 du
1062 2925 1180 2982 cheteau

55 3008 286 3087 Sunt-Ange
294 3056 303 3081 ,
312 3012 380 3088 qu'il
393 3030 422 3068 se
434 3011 547 3080 deoida,
561 3030 609 3066 sur
622 3010 661 3067 les
673 3010 807 3067 instantes
819 3012 924 3086 prietes
936 3013 975 3068 du
988 3033 1068 3087 pape,
1083 3017 1180 3070 irmar-

71 3100 182 3157 τὴν
194 3104 212 3156 t
222 3118 274 3156 mn
286 3114 414 3170 seeoun,
430 3110 459 3156 et
471 3099 542 3176 q'u’il
552 3099 709 3155 ddshouorn
723 3118 773 3155 son
786 3104 883 3156 entree
894 3101 963 3156 dans
972 3102 1003 3157 la
1013 3102 1129 3176 capitale
1140 3100 1180 3156 dn

84 3194 218 3251 ude
230 3194 358 3261 ebrdtien
376 3213 425 3268 par
446 3194 486 3249 les
502 3193 566 3267 plus
581 3193 795 3268 epnnvnunbten
814 3192 998 3249 devastatione
1011 3205 1041 3249 et
1056 3195 1182 3250 detuns-

94 3285 189 3343 Ὶίοιι
198 3285 248 3361 qni
259 3287 336 3341 aient
344 3286 442 3361 jamnis
455 3285 564 3341 accable
581 3296 653 3341 cette
664 3284 741 3351 ville,
758 3287 846 3339 restee
859 3284 1003 3359 jusque-ll
1018 3303 1053 3341 eu
1074 3303 1182 3358 posses·

116 3374 176 3430 sinn
193 3373 268 3431 dela
286 3374 349 3449 plus
361 3372 465 3448 grande
483 3374 571 3447 partie
589 3373 639 3429 des
656 3384 834 3429 monuments
847 3374 979 3448 auxqueIs
993 3373 1046 3431 elle
1058 3377 1132 3431 avait
1142 3375 1182 3433 de

124 3469 294 3540 mentique
307 3463 466 3539 splendeur.

155 3554 191 3627 (a)
209 3554 316 3610 Robert
333 3554 368 3610 de
380 3554 604 3622 Grentemesnil,
617 3553 733 3610 d’abord
751 3553 822 3610 abbe
836 3553 872 3609 de
883 3542 1101 3622 Salnt-Evrtoult,
1119 3558 1182 3628 puis

126 3642 431 3717 deSaiuteEuphemie.
439 3643 618 3700 Conceroant
630 3662 661 3699 ce
673 3644 786 3698 dernier
797 3643 950 3717 lieu,voyez
964 3644 1099 3700 ci·dessns
1112 3655 1131 3698 t.
1142 3644 1180 3713 Il,
1206 3662 1209 3670 ·

127 3750 151 3804 p.
165 3734 209 3809 89
223 3736 261 3791 Le
273 3753 338 3790 nom
350 3734 386 3790 de
398 3734 552 3790 coenobium
565 3734 704 3793 Brixense
718 3752 821 3808 prouve
835 3752 890 3808 que
903 3744 984 3788 notre
996 3746 1094 3791 auteur
1112 3737 1184 3790 tient

129 3826 247 3898 majoma
265 3824 427 3899 lleplaeer
439 3844 493 3882 aux
506 3826 636 3882 environs
652 3827 687 3881 de
701 3826 809 3880 Bremia
822 3836 919 3880 contre
935 3835 1014 3881 toute
1034 3830 1129 3899 espdce
1150 3828 1184 3881 de

130 3919 223 3975 raison
236 3919 344 3975 llobert
355 3931 468 3975 mourut
479 3919 506 3973 le
523 3936 553 3972 ra
566 3918 728 3985 decembre,
742 3917 954 3990 probablement
964 3936 998 3971 en
1015 3918 1090 3971 108⁹.
