2872 4920
187 406 247 463 tot
462 400 645 460 Histania
667 398 972 460 ECCLESIASTICA.
1046 401 1262 480 [tow-totu]

188 533 299 606 multa
323 531 480 606 edidicit.
507 533 670 632 Denique
679 587 690 622 ,
716 531 885 605 defuncto
909 533 1018 604 fratre
1040 557 1125 620 suo,
1151 534 1252 634 mgni

187 649 330 722 culmen
357 646 581 738 conscendit,
611 646 708 748 quod
729 650 804 746 jam
826 648 900 720 sere
923 671 1043 720 xxxui
1068 647 1175 720 annis
1200 663 1262 721 to-

187 765 266 837 nuit
285 766 301 861 (
308 765 354 862 1).
375 764 492 836 Mores
515 765 588 862 ejus
612 779 787 851 stactus,
812 763 882 835 suis
907 761 943 834 in
963 762 1069 850 locis,
1097 760 1262 835 donante¹

185 881 279 968 Deo,
299 881 326 953 si
344 879 414 951 vita
432 905 569 967 comeS,
588 877 763 952 enodabo.
788 878 893 952 Nunc
909 903 998 952 vero
1016 876 1061 950 ad
1076 879 1252 952 narratio

187 999 241 1069 nis
254 995 420 1070 ordinem
433 995 552 1069 redire
564 994 732 1084 decerno,
745 1012 781 1070 et
794 1023 875 1096 quae
888 997 1021 1069 nostris
1030 992 1253 1094 temporibus

187 1131 263 1187 acta
281 1130 364 1188 sunt
374 1169 385 1203 ,
405 1115 555 1213 posteris
572 1113 761 1187 intimabo.

233 1234 279 1304 ll.
308 1234 347 1304 ln
378 1233 498 1331 primo
522 1258 618 1306 atino
642 1233 865 1330 principatus
894 1231 1049 1307 duorum
1076 1232 1250 1320 fratrum,

184 1353 372 1450 optimates
395 1352 581 1450 utriusque
603 1352 705 1450 regni
731 1351 971 1438 conveniunt,
994 1364 1030 1422 et
1053 1346 1097 1421 de
1115 1344 1253 1423 duobus

183 1469 305 1566 regnis
321 1494 419 1541 nunc
435 1465 556 1541 divisis
565 1524 576 1558 ,
595 1494 676 1568 quae
689 1496 814 1541 manus
829 1494 896 1541 una
915 1465 1056 1566 pridem
1073 1480 1249 1553 tenuent,

186 1600 338 1657 tractare
356 1601 534 1685 satagunt.
556 1584 690 1674 Labor,
714 1586 902 1686 inquiunt,
925 1583 1030 1665 nobis
1048 1587 1181 1682 ingens
1195 1610 1250 1656 su·

187 1702 262 1775 bito
292 1708 419 1791 creati,
447 1720 481 1776 et
511 1705 678 1775 munima
705 1702 905 1776 diminutio
924 1705 1099 1803 potentiae
1123 1716 1253 1773 nostra

185 1847 366 1920 opumque
393 1820 496 1894 nobis
517 1820 696 1894 incubuit.
727 1823 917 1895 Hactenus
945 1825 1040 1894 enim
1063 1819 1252 1919 Norman-

185 1941 249 2008 nia
265 1937 331 2009 sub
350 1936 505 2011 ducibus
522 1940 668 2038 magnis
686 1938 881 2041 honorifice
894 1940 1006 2040 potiti
1020 1963 1148 2011 sumus
1156 1991 1168 2023 ,
1184 1960 1252 2038 pa·

184 2072 285 2127 terna
298 2053 514 2145 hereditate,
530 2082 641 2156 quam
649 2073 821 2157 parentes
835 2058 969 2146 nostri,
989 2059 1053 2155 qui
1064 2053 1114 2126 de
1135 2055 1256 2127 Dacia·

185 2199 269 2244 cum
280 2172 437 2247 Bellone
451 2190 535 2245 ante
547 2173 724 2246 ducentos
735 2191 769 2246 et
782 2172 970 2247 duodenos
983 2198 1102 2244 annos
1116 2171 1254 2269 (2)-ve·

184 2316 280 2380 nere,
299 2294 404 2365 nacti
422 2308 506 2364 sunt
530 2318 613 2363 cum
626 2317 766 2391 magna
780 2293 1004 2364 strenuitate.
1027 2288 1175 2361 Deinde
1190 2312 1254 2361 nos

183 2435 264 2480 cuin
277 2408 477 2481 Guillelmo
490 2408 582 2481 duee
588 2425 746 2507 pontum
757 2407 1084 2508 transfretavimus,
1093 2425 1128 2480 et
1136 2405 1255 2481 Saxo

183 2552 245 2596 nes
260 2525 403 2624 Anglos
418 2525 552 2600 uiribus
567 2529 752 2626 armisque
769 2531 897 2600 nostris
915 2529 1207 2628 prostravimus,
1223 2539 1256 2597 st

169 2637 316 2738 fundos
332 2670 456 2716 eorum
474 2671 557 2718 cum
573 2645 743 2718 omnibus
756 2644 911 2732 divitiis,
931 2670 1005 2716 non
1022 2645 1102 2716 sina
1119 2666 1257 2742 magno

183 2763 319 2834 cruoris
339 2765 455 2835 nostri
469 2762 679 2836 discrimine
695 2763 925 2835 obtinuimus.
945 2760 1047 2834 Proh
1065 2759 1195 2832 dolor!
1212 2784 1256 2833 en

183 2875 342 2949 uiolenta
355 2877 459 2951 nobis
477 2896 557 2950 orta
569 2896 621 2953 est
637 2880 806 2967 mutatio,
823 2894 858 2949 et
871 2895 1000 2950 nostrie
1019 2874 1259 2949 sublimitatis

183 2995 370 3092 repentina
396 2993 562 3094 dejectio.
597 2995 704 3093 Quid
710 2992 936 3093 faciemusi'-
958 2995 1059 3066 Eece
1080 2990 1261 3091 defuncto

182 3109 321 3180 seniore
342 3127 484 3201 nostro,
508 3111 585 3183 dito
598 3117 749 3214 juvenes
770 3114 986 3201 succedunt,
1004 3113 1165 3211 jamque
1186 3109 1261 3183 do-

183 3229 359 3299 minatum
378 3227 528 3326 Angti'oe
546 3246 579 3300 et
598 3229 839 3304 Narnianniie
860 3229 978 3302 subito
1000 3243 1259 3326 segregarunt.

185 3342 378 3441 Quomodo
394 3342 534 3416 duobus
548 3344 706 3418 dominis
720 3362 797 3418 tam
812 3345 982 3434 diversis,
1002 3364 1035 3416 et
1052 3361 1130 3417 tam
1147 3343 1262 3445 longe

182 3461 230 3532 ab
244 3464 394 3535 invicem
410 3469 552 3535 remotis
567 3482 810 3565 competenter
820 3467 951 3537 servire
961 3461 1200 3567 poterimus?
1217 3460 1262 3535 Si

181 3578 385 3669 Rodbcrto,
418 3578 507 3651 duci
533 3579 846 3669 Neronianorum,
873 3581 985 3678 digne
1010 3579 1261 3666 servierimus,

184 3695 437 3784 Gui'ilermum,
445 3695 600 3793 fratrem
618 3700 712 3797 ejus,
735 3698 974 3796 offendemus.
994 3693 1099 3768 Unde
1112 3694 1163 3766 ab
1179 3695 1262 3795 ipso

215 3938 253 4005 (ι)
268 3934 315 3990 On
330 3936 387 3989 voit
401 3953 450 4007 par
465 3935 488 3989 ti
504 3955 558 4009 que
571 3955 603 3991 ce
617 3954 757 4009 passages
773 3940 817 3990 dte
829 3937 899 3989 ecrit
915 3938 928 3988 'a
947 3933 973 3986 la
986 3932 1023 3986 fin
1036 3930 1071 3985 de
1089 3927 1157 3984 1132
1172 3947 1214 3985 ou
1225 3948 1262 3986 au

180 4037 417 4078 ciinimencement
430 4024 465 4078 de
481 4024 557 4081 1133.

214 4116 252 4183 (a)
266 4113 353 4168 Notre
366 4123 465 4168 auteur
478 4131 506 4168 se
519 4117 662 4169 conforme
676 4116 710 4168 ici
725 4119 739 4168 a
757 4115 907 4186 Papiniani,
925 4109 1133 4183 generalemeut
1150 4108 1262 4164 admise

178 4223 212 4257 au
228 4221 326 4276 iiioycn
339 4204 403 4274 sige,
418 4203 454 4257 de
475 4203 700 4260 l'otablissement
718 4223 755 4258 ou
774 4215 834 4259 tout
852 4223 887 4258 au
907 4203 998 4257 moins
1017 4200 1052 4254 de
1070 4199 1095 4252 ia
1116 4201 1261 4270 ‚tremitis

180 4297 301 4371 invasion
317 4293 351 4350 de
364 4294 465 4351 Rollou
478 4314 512 4349 cn
525 4294 588 4369 876.
