2872 4920
178 377 242 440 sos
318 360 322 365 '
456 373 640 436 ursuonn
662 371 970 434 ucctnsnsnca.
1047 373 1145 451 [mus
1160 372 1250 452 roso}

180 505 1248 608 machinanequituddeclivaconduci‚neccontramontuosa

180 622 525 724 dirigi3sedsemper
534 650 674 725 aequum
685 622 1132 723 exspectatplanitiem‚ut
1143 624 1251 721 possit

182 738 349 814 conduci.
367 745 555 814 Praeoones
571 743 690 842 itaque
709 765 776 839 per
792 741 990 813 exercitum
1005 738 1251 838 clamaverunt

182 873 223 930 ut
231 858 450 959 quicumque
463 858 501 930 in
509 859 648 932 foveam
661 854 985 955 illamtreslapides
993 855 1144 954 jaceret,
1151 857 1250 956 jactis

180 973 379 1075 lapidibus,
410 1002 524 1049 unum
551 975 741 1048 denarium
770 974 930 1048 haberet.
959 973 1093 1047 Omnes
1121 972 1247 1074 igitur,

124 1090 130 1109 '
180 1092 312 1194 quibus
328 1117 444 1166 more
458 1092 614 1167 saediosae
625 1095 792 1182 luerunt,
813 1093 976 1190 incoepto
992 1091 1095 1189 operi
1109 1091 1250 1164 sortiter

184 1207 425 1281 inhiaverunt.

230 1325 422 1400 Pontifices
443 1341 481 1399 et
500 1325 700 1426 presbyteri
719 1325 910 1424 populares
927 1324 1078 1398 allocuti
1094 1339 1196 1412 sunt,
1214 1339 1249 1396 ct

181 1442 227 1516 de
253 1459 371 1517 morte
395 1442 550 1533 Christi,
578 1460 616 1516 et
640 1442 684 1517 de
706 1443 794 1517 -loco
819 1442 992 1542 passionis
1016 1443 1114 1541 ejus,
1143 1466 1249 1540 quem

182 1559 297 1660 digito
329 1587 452 1635 coram
482 1559 801 1652 demonstrabant,
836 1582 1041 1633 sermonem
1073 1560 1248 1657 optimum

181 1679 363 1768 lecerunt,
384 1693 421 1751 et
440 1676 485 1751 de
502 1679 640 1752 coelesti
653 1677 871 1763 Jerusalem,
890 1677 988 1775 cujus
1003 1675 1160 1774 figuram
1177 1691 1246 1746 ter-

183 1794 305 1865 restris
331 1792 537 1891 portendit,
569 1809 689 1866 sancte
718 1809 757 1866 et
782 1795 996 1892 eloquenter
1023 1791 1125 1863 allati
1153 1806 1243 1862 sunt.

182 1909 314 1982 Omnes
340 1934 429 2010 ergo
446 1909 526 1983 luiei
536 1964 548 2001 ,
568 1911 677 1982 armis
696 1911 866 2000 accincti,
886 1910 1109 1982 unanimiter
1125 1907 1246 1981 urbem

183 2024 425 2124 impetebant,
448 2042 486 2098 et
507 2042 635 2127 quarta
664 2028 861 2128 quintaque
886 2026 973 2098 seria
1001 2041 1111 2099 nocte
1135 2042 1173 2098 et
1195 2021 1247 2095 die

181 2141 316 2214 civitati
345 2141 568 2216 insistebant.
593 2140 730 2216 Deinde
752 2142 945 2240 praemissis
969 2140 1196 2214 orationibus
1217 2154 1250 2211 et

176 2258 338 2357 jejuniis,
357 2259 573 2358 singultibus
588 2276 625 2332 et
641 2259 893 2356 eleemosynis,
911 2258 1001 2330 sacri
1019 2257 1141 2330 viatici
1158 2282 1248 2329 cum·

181 2372 354 2444 munione
369 2375 522 2461 muniti,
540 2390 636 2445 sexta
654 2374 741 2445 seria
750 2428 763 2462 ,
780 2372 858 2446 idus
876 2374 960 2473 julii
981 2375 1055 2471 (1),
1070 2374 1250 2446 civitatem

181 2512 323 2559 summo
348 2485 509 2562 diluculo
535 2490 689 2588 aggressi
718 2506 823 2580 sunt,
851 2515 917 2563 nec
945 2507 1031 2563 tunc
1053 2489 1250 2587 praeualere

182 2619 393 2702 potuerunt.
423 2605 492 2699 Qui
519 2608 618 2679 enim
645 2608 682 2680 in
710 2605 890 2696 turribus,
919 2606 977 2679 vel
1006 2608 1042 2677 in
1070 2604 1249 2678 moenibus

182 2741 304 2814 erant,
318 2724 386 2797 sibi
400 2727 555 2799 invicem
571 2726 856 2824 opitulabantur,
876 2743 912 2798 et
931 2727 1054 2824 ignem
1071 2740 1107 2796 et
1122 2722 1250 2822 lapides

184 2841 357 2915 continno
385 2842 647 2941 jaculabantur.
684 2843 884 2917 Tolosanus
895 2898 907 2932 ,
940 2842 1043 2915 lovea
1077 2841 1249 2939 completa

184 2959 199 3054 (
212 2956 326 3028 tribus
353 2958 450 3029 enim
476 2957 600 3030 diebus
629 2974 665 3031 et
682 2958 849 3031 noctibus
872 2959 1247 3053 consummaverant),

183 3090 339 3147 castrum
362 3073 536 3148 conduxit
556 3074 600 3147 ad
621 3102 788 3165 murum,
809 3077 950 3175 suisque
966 3101 1089 3148 moras
1104 3099 1250 3147 succen-

182 3191 281 3263 sebat
304 3215 416 3290 usque
442 3190 487 3263 ad
508 3191 699 3265 secundam
715 3194 861 3282 seriam,
881 3219 950 3290 pro
975 3192 1092 3265 nimio
1109 3191 1246 3276 labore,

182 3334 289 3408 quem
306 3333 373 3407 per
389 3325 502 3381 totam
518 3310 745 3408 pertulerant
761 3308 1033 3383 hebdomadam.

229 3426 316 3498 Post
347 3426 564 3498 matutinum
595 3426 779 3517 laborem,
810 3425 900 3499 duce
921 3425 1095 3525 jubente,
1127 3422 1248 3495 Franci

182 3542 368 3640 paululum
384 3544 600 3643 quieverunt
621 3571 640 3614 a
661 3545 930 3643 congressione,
950 3559 987 3614 et
1005 3542 1135 3640 pagani
1152 3569 1171 3612 a
1190 3539 1250 3611 de-

182 3656 355 3731 fensione.
371 3658 637 3732 Guinimundus
653 3676 773 3733 autem
790 3659 1009 3732 Admiralius
1026 3660 1106 3758 (a),
1125 3675 1162 3731 et
1178 3658 1250 3729 Fri·

183 3774 346 3873 golendis
367 3779 508 3867 Perses,
529 3804 639 3877 nepos
663 3779 756 3878 ejus,
783 3778 819 3849 in
841 3803 922 3849 arce
934 3776 1049 3848 David
1072 3793 1197 3863 erant,
1219 3789 1251 3845 et

183 3891 409 3989 magistratus
426 3893 526 3967 urbis
543 3912 650 3994 atque
669 3896 847 3993 primores
867 3895 952 3967 illuc
969 3892 1013 3965 ad
1031 3893 1251 3993 colloquium

218 4102 227 4167 ,ξ
234 4102 256 4168 ι).
272 4098 309 4152 Lc
321 4096 453 4153 scnduedi
469 4099 499 4153 15
508 4101 610 4170 juillet.
628 4104 650 4159 ll
662 4123 679 4175 ς
692 4104 763 4157 avait
776 4102 838 4173 dej'a
850 4120 886 4157 cu
899 4121 937 4156 un
949 4112 1040 4155 assant
1050 4119 1114 4156 sans
1125 4099 1250 4156 succesla

184 4188 273 4245 seille.

221 4283 261 4349 (α)
283 4279 522 4338 tutta-Eddaute'
539 4281 581 4352 (la
600 4281 687 4355 gloim
707 4283 742 4338 dc
761 4284 916 4358 iunipiro),
939 4281 1094 4338 licutcnant
1115 4279 1154 4335 du
1177 4276 1252 4335 caute
