2888 4934
197 377 254 440 ηρ
471 374 654 435 lllSTOlllll
677 373 980 435 Ecctffitns'rtcx.
1155 381 1262 460 [1095]

194 509 375 607 confugit,
402 507 644 605 auxiliumque
668 508 814 604 petivit,
845 507 1042 606 solatioque
1067 526 1261 606 pareutum

192 643 227 698 et
244 627 441 697 amicorum
459 624 735 711 corroboratus,
765 650 865 723 spem
890 623 935 697 ad
960 625 1111 699 meliora
1130 629 1258 700 erexit.

190 740 327 813 Deinde
348 740 532 813 castellum
555 743 718 840 sequenti
737 767 834 815 anno
852 766 960 840 super
976 741 1144 815 Montem
1162 742 1260 817 Acu-

189 876 267 930 tum
285 860 339 956 (1)
357 859 531 944 firmavit,
553 859 838 959 acerrimamque
853 859 1029 933 ultionem
1043 877 1176 934 contra
1192 861 1261 934 Be-

189 975 398 1048 lesmeusem
417 977 590 1047 exercuit.
609 976 657 1047 At
677 976 758 1065 ille,
778 977 886 1049 nimis
901 978 1043 1067 furens,
1063 978 1109 1051 ud
1131 976 1259 1053 ducem

186 1095 363 1176 cucurrit,
388 1094 581 1191 multisque
606 1093 788 1194 questibus
813 1122 854 1168 ac
885 1097 1072 1194 promissis
1105 1098 1257 1185 excivit,

185 1228 291 1311 atque
311 1210 356 1283 ud
377 1210 614 1284 obsidendum
634 1213 798 1285 lllontem
821 1213 979 1287 Acutum
997 1241 1081 1288 cum
1100 1217 1259 1289 exercitu

184 1329 418 1402 Normanniae
451 1327 611 1401 adduxit.
641 1330 745 1402 Turre
774 1329 964 1403 Gaulridus
993 1330 1253 1419 Madeniensis,

183 1447 982 1548 aliiqueoptimatesCenomannorum,ducem
990 1467 1252 1536 convenerunt,

182 1566 285 1665 eique
294 1590 363 1664 pro
371 1564 565 1653 Geroiano,
582 1581 736 1664 cognato
745 1566 881 1639 scilicet
890 1593 968 1655 suo,
979 1564 1114 1641 blande
1123 1567 1254 1666 suppli·

182 1696 366 1754 caverunt.
392 1680 422 1752 Α
441 1705 514 1781 quo
537 1683 721 1780 protinus,
742 1682 826 1783 quia
842 1681 1011 1755 flexibilis
1025 1699 1105 1755 erat
1120 1681 1167 1755 ad
1186 1683 1255 1754 mi-

181 1798 432 1887 sericordium,
458 1800 732 1898 inpetraverunt
753 1817 793 1871 ut
815 1816 992 1887 castrum,
1015 1800 1116 1901 quod
1142 1825 1254 1899 nuper

181 1933 428 1990 constructum
448 1917 584 2004 suerat,
608 1915 830 2006 dirueretur,
852 1919 957 2017 eique
977 1934 1054 1991 tota
1079 1916 1254 1991 hereditas

181 2036 255 2133 ejus
272 2061 353 2107 cum
372 2059 458 2133 pace
475 2035 738 2107 restitueretur.
758 2034 861 2128 Quod
879 2052 916 2107 et
935 2037 981 2108 ita
998 2037 1136 2108 lactum
1153 2050 1218 2108 est.

231 2154 331 2226 Sicut
348 2168 428 2250 post
444 2153 592 2225 nimiam
611 2168 856 2251 tempestatem
870 2155 1040 2227 serenitas
1058 2151 1176 2240 redit,
1195 2152 1254 2225 ho·

181 2272 366 2369 minesqne
384 2269 561 2357 laetificat,
579 2271 629 2342 sic
645 2269 765 2343 diviua
778 2271 914 2368 justitia
943 2296 1023 2343 reos
1038 2270 1253 2370 plerumque

180 2386 365 2473 verberat,
383 2403 420 2458 et
436 2387 592 2460 clemens
608 2386 751 2460 bonitas
767 2387 914 2460 afflictos
929 2387 1092 2486 mitigat,
1116 2403 1155 2460 et
1171 2413 1253 2486 poe-

183 2502 335 2574 nitentcs
346 2500 535 2601 justificat,
553 2520 798 2603 purgatosque
814 2502 872 2600 pie
889 2518 1114 2574 remunerat.

230 2618 381 2690 Geroius
402 2619 538 2718 itaque,
560 2618 683 2689 multis
702 2616 962 2691 calamitatibus
976 2616 1161 2705 eruditus,
1180 2618 1252 2689 Deo

181 2736 312 2835 gratias
329 2737 421 2834 egit,
448 2736 545 2835 cujus
564 2760 633 2832 ope
656 2752 738 2834 post
759 2735 893 2807 multos
912 2759 1043 2833 agones
1061 2734 1252 2832 pristinum

181 2853 361 2927 honorem
385 2855 630 2953 recuperavit,
655 2870 692 2925 et
712 2856 786 2927 lere
806 2880 878 2926 xxx
899 2854 1003 2924 annis
1024 2850 1252 2951 postmodum

183 2968 278 3042 inter
302 2971 381 3041 laeta
408 2986 444 3042 et
470 2971 584 3042 tristia
612 2971 696 3042 vitae
727 2996 872 3042 cursum
898 2969 1051 3067 peregit.
1084 2968 1251 3040 Feliciam

182 3109 282 3172 vero,
294 3085 485 3159 Guarnerii
499 3085 543 3158 de
556 3086 728 3159 Coneraia
741 3088 794 3183 (2)
806 3085 931 3174 liliam,
946 3087 1139 3183 conjugem
1154 3107 1251 3156 acce-

181 3202 253 3299 pit,
276 3228 357 3302 quae
377 3218 447 3276 tres
466 3202 575 3291 lilios,
598 3203 820 3303 totidemque
842 3202 932 3274 filias
956 3203 1099 3300 peperit
1120 3233 1128 3272 :
1148 3200 1251 3274 Guil-

181 3319 332 3392 lelmum
358 3320 493 3393 scilicet
516 3337 552 3392 et
575 3319 801 3394 Rodbertum
826 3347 867 3393 ac
890 3320 1126 3410 Matthaeum;
1158 3320 1250 3418 Aga-

184 3436 299 3526 tham,
319 3439 505 3509 Damatam
524 3455 561 3510 et
578 3439 780 3511 Avelinam.
945 3456 947 3460 '

218 3650 258 3716 (r)
272 3649 431 3719 lllontaigu,
448 3667 494 3702 sur
508 3648 534 3702 lc
552 3650 691 3704 territoire
704 3649 738 3703 «le
753 3650 778 3703 la
790 3650 877 3704 ΡοοῑιἸ
889 3648 938 3703 des
952 3647 1036 3714 Nida,
1057 3651 1073 3702 ἐι
1092 3667 1147 3703 true
1166 3647 1249 3703 demi·

183 3736 256 3791 lieuc
273 3749 352 3791 uuest
366 3738 401 3792 de
419 3739 625 3805 saint-Cenem,
639 3751 736 3794 utnon
751 3759 798 3812 pas
812 3739 957 3812 Moutaigu
975 3741 1038 3812 pres
1056 3738 1133 3807 Bais,
1149 3755 1249 3794 comme

184 3842 254 3878 trous
266 3824 368 3878 l'arons
381 3825 437 3892 dit,
451 3830 465 3879 a
478 3837 548 3894 tort,
564 3826 715 3895 ci-dessus‚
729 3839 750 3882 t.
767 3829 809 3894 Il,
825 3846 852 3900 p.
868 3845 911 3903 27.

219 3914 258 3982 (u)
276 3913 299 3965 ll
313 3914 402 3985 paruit
414 3933 468 3986 que
482 3933 513 3968 cc
526 3916 656 3989 seigneur
671 3937 706 3971 nc
723 3915 865 3990 s‘appelait
879 3933 927 3989 pas
940 3915 1072 3982 Gar-nien
1089 3916 1160 3968 mais
1172 3918 1248 3970 Aves-

186 4001 258 4073 gaud
269 4001 304 4056 de
314 4003 465 4057 Conucrrd.
480 4005 526 4059 On
540 4024 554 4057 a
567 4005 602 4059 dc
612 4007 651 4060 lui
665 4026 720 4060 tanc
732 4008 828 4061 charte
840 4024 875 4059 eu
887 4006 981 4060 saveur
994 4003 1029 4059 de
1042 4004 1249 4059 Saint-Viuceut

185 4092 224 4147 du
238 4094 329 4160 Mans,
345 4111 408 4147 sous
422 4092 446 4146 la
459 4093 522 4148 date
535 4095 574 4149 du
591 4109 624 4149 r‘r
636 4097 690 4151 urai
707 4115 787 4165 rroo,
803 4097 871 4151 daus
884 4094 1002 4170 laquelle
1016 4104 1080 4148 sont
1092 4095 1161 4149 cites
1175 4091 1249 4149 Brille

185 4199 212 4234 sa
227 4181 342 4247 lcunnc,
359 4180 461 4236 Felicio
477 4200 505 4236 sa
522 4183 575 4238 fille
587 4195 615 4239 ct
630 4185 735 4241 llobcrt
749 4186 849 4240 Giruie
862 4203 910 4238 sou
928 4182 1041 4256 gendro.
