2888 4934
181 485 294 560 [sose]
555 477 674 538 Lmen
695 479 884 541 ocinus,
1196 483 1257 542 293

183 616 340 690 domis.
363 609 543 685 Inaudita
555 608 737 710 facinora
748 609 968 712 frequenter
983 612 1094 684 audis
1115 628 1149 685 et
1164 640 1260 711 par·

186 731 368 834 uipendrls.
389 729 480 804 Non
504 731 559 802 sic
583 732 658 829 egit
682 745 832 802 sanctus
855 729 1001 816 David,
1020 755 1087 802 nee
1101 756 1260 829 magnus

184 846 419 922 Alexander.
453 845 539 920 Non
578 848 633 920 sic
666 847 788 919 Julius
823 848 964 935 Ccesar,
1004 872 1072 918 nec
1110 846 1264 922 Severus

183 963 283 1065 Aser
312 966 383 1063 (1).
414 963 502 1039 Non
530 966 585 1037 sic
614 964 813 1037 Hannibal
846 965 1148 1061 Carthaginenses
1153 1021 1167 1055 ,
1197 991 1264 1039 nec

186 1081 320 1184 Scipio
331 1077 553 1180 Africanus,
567 1108 636 1153 nec
654 1082 773 1177 Cyrus
784 1082 922 1171 Persa,
943 1108 1011 1154 neo
1028 1083 1175 1154 Marius
1191 1083 1265 1156 Ro·

184 1226 333 1273 manus.
352 1199 461 1299 Quid
470 1225 595 1272 moror
606 1201 645 1271 in
657 1199 831 1272 relatione
841 1199 1092 1291 barbarorum,
1106 1200 1262 1273 obscura

185 1344 343 1418 quorum
366 1320 478 1391 etiam
499 1320 650 1390 nomina
674 1316 736 1389 tibi
752 1333 838 1390 sunt
856 1317 1074 1418 incognita?
1089 1319 1263 1419 Repbiee-

181 1462 267 1510 mus
278 1438 442 1525 notiora,
462 1451 496 1508 et
513 1439 689 1535 sanguini
704 1452 827 1510 nostro
840 1438 1122 1537 propinquiora.
1143 1437 1264 1510 Remi-

186 1554 328 1626 niscere
347 1571 493 1651 patrum
517 1569 552 1624 et
572 1578 812 1654 proavorum,
832 1580 988 1653 quorum
1012 1555 1264 1653 magnanimi-

187 1684 301 1742 tatem
313 1671 522 1742 etoirtutem
532 1675 720 1769 pertimuit
730 1667 906 1743 bellicosa
915 1696 1004 1767 gens
1016 1674 1259 1744 Francorum.

186 1786 1264 1891 Rolionemdico,etGuillelmumLongam·Spatam,atque

189 1920 258 1978 tres
270 1904 503 1995 Riebardos,
522 1922 557 1979 et
574 1904 801 1979 Radbertum
819 1933 926 1981 arum
942 1924 1062 1998 tuum,
1080 1923 1264 2008 postremo

191 2019 429 2093 Guillebnum
442 2039 587 2124 patrem
603 2039 724 2113 tuum,
744 2028 885 2095 eunctis
897 2022 1183 2097 antecessoribus
1199 2049 1265 2095 su-

190 2134 405 2210 blimiorem.
431 2139 588 2225 Horum,
610 2166 752 2240 quaeso,
771 2144 926 2238 rigorem
945 2139 1117 2214 amulone
1139 2159 1174 2214 et
1194 2141 1265 2240 effi-

190 2264 338 2330 caciam
348 2312 362 2347 ,
394 2259 490 2329 sieut
524 2256 584 2329 itti
610 2259 925 2360 praedecessorum
951 2286 1099 2333 suorum
1134 2263 1266 2333 sectati

187 2397 276 2452 sunt
299 2383 464 2478 vigorem
485 2397 521 2452 et
546 2381 786 2472 industriam,
812 2385 878 2483 qui
904 2409 1018 2480 regna
1047 2386 1178 2457 numdi
1197 2409 1267 2486 per

185 2500 386 2571 immensos
412 2496 555 2572 labores
583 2499 832 2589 obtinuerunt,
850 2517 1030 2597 tyrannos
1053 2527 1267 2602 compresse·

183 2631 296 2705 runt,
315 2632 348 2688 et
362 2642 481 2687 saevas
500 2633 628 2716 gentes
649 2619 900 2691 edomuerunt.
926 2620 1214 2721 Expergiscere,
1233 2637 1267 2690 et

184 2736 365 2807 enoictam
386 2761 555 2834 aggrega
577 2742 776 2809 exercitum
801 2737 1063 2827 Nonnannioe,
1083 2754 1118 2809 et
1140 2741 1179 2808 in
1200 2763 1267 2807 ur-

187 2851 273 2926 bem
295 2851 607 2925 Cenomannicam
623 2853 866 2955 proficiscere.
888 2854 946 2925 Ibi
961 2870 1046 2927 sunt
1064 2855 1267 2955 municipes

189 2974 247 3044 tui
261 2972 302 3041 in
314 2996 417 3061 arce,
437 2996 550 3070 quam
563 2986 770 3073 paterinus
783 2969 969 3060 condidit,
985 2988 1019 3044 et
1029 2987 1107 3044 tota
1122 2971 1264 3062 civitas,

181 3112 278 3162 curn
288 3087 496 3161 venerabili
510 3089 836 3191 Hoeiioepiscopo,
851 3089 922 3190 tibi
929 3105 1123 3189 gratanter
1132 3088 1265 3163 obedit.

191 3207 289 3281 lube
304 3223 343 3279 ut
366 3206 454 3279 iiiuc
476 3234 600 3280 omnes
631 3210 985 3281 cenomannensium
1003 3234 1174 3310 proceres
1197 3234 1268 3281 ve-

191 3326 300 3398 niant
325 3324 380 3396 ad
407 3339 460 3413 te,
491 3342 525 3396 et
550 3323 880 3398 obsecundantibus
909 3325 1003 3398 latis
1031 3312 1207 3424 affatibus
1234 3340 1268 3394 et

189 3441 359 3517 benivola
376 3459 493 3514 mente
508 3443 781 3540 congratulare.
800 3447 1071 3516 Contemnentes
1086 3468 1172 3515 uero
1184 3467 1268 3515 cum

190 3562 326 3634 virtute
343 3561 498 3633 militari
513 3561 734 3661 aggredere,
747 3578 785 3633 et
802 3564 1020 3635 munitiones
1038 3586 1179 3650 eorum,
1199 3564 1269 3633 nisi

190 3683 263 3754 cito
276 3678 487 3752 dediderint
498 3707 556 3771 se,
564 3683 734 3783 protinus
747 3680 887 3754 obside.
907 3680 1269 3754 cenomannensibus

191 3796 421 3899 subjugatis,
456 3799 658 3897 Rogerium
689 3800 858 3871 comitem
888 3798 943 3896 (α)
976 3796 1198 3896 aggredere,
1234 3812 1269 3870 et

192 3915 312 4014 ipsum
333 3941 416 3987 curn
431 3918 610 4016 progenie
623 3943 693 3988 sua
706 3917 754 3988 de
754 3915 898 4016 finibus
919 3913 1269 4012 Narmanniaefun-

227 4191 267 4261 (ι)
281 4191 406 4263 septime
423 4192 531 4246 serem.

230 4280 270 4353 (a)
286 4281 378 4354 Roget
392 4281 426 4335 dr
440 4283 674 4357 Montgornmeri,
690 4295 781 4341 comte
793 4283 828 4339 do
840 4283 1033 4354 Shmwsbury.
