2888 4934
83 399 278 475 ‚oet-1088]
446 395 562 455 LIBER
583 395 768 456 OCTAVUS.
1079 400 1139 481 269

83 527 356 603 toliabirnurin
365 527 504 624 Anglia
514 527 660 626 magnis
671 525 884 615 redditibus,
897 529 1139 629 etprcecipuis

83 644 277 719 oneribus.
294 644 449 732 Rursus,
468 646 502 716 si
515 645 594 740 regi
608 641 808 715 Guillermo
825 667 984 740 congrue
996 669 1137 743 parue-

83 767 204 852 mus,
219 760 417 833 Radbertus
430 760 510 831 duc
530 763 567 832 in
579 759 810 833 Narmannia
819 765 963 862 penitus
979 760 1137 858 privabit

83 904 135 953 os
168 881 332 980 paternis
359 877 634 949 hereditatibus.
669 876 904 976 Summopere
934 878 1136 949 cavendum

83 1014 115 1069 rt
134 1022 185 1068 ne
202 997 272 1069 tale
289 995 480 1069 diuortium
498 997 687 1094 contingat
702 995 807 1066 nobis
830 993 896 1067 sub
908 995 1137 1097 principibus

83 1117 123 1189 is
131 1172 147 1204 ‚
167 1112 277 1214 quale
293 1114 359 1186 sub
377 1113 540 1185 Roboam
557 1131 592 1186 ct
610 1113 833 1186 Hieroboam
849 1100 999 1210 contigit
1017 1120 1137 1187 Israe-

83 1237 151 1305 tis.
176 1231 279 1304 Unus
290 1231 453 1332 populus
466 1232 639 1329 perditos
654 1232 836 1331 principes
856 1233 894 1302 in
910 1258 988 1303 sese
1002 1230 1135 1305 diuisus

83 1365 141 1437 st,
161 1363 197 1420 et
209 1347 288 1447 lege
293 1403 306 1435 ‚
323 1348 477 1450 templo,
494 1350 785 1447 cceremoniisque
800 1350 871 1420 Dei
879 1348 1135 1448 pessundatis,

83 1492 102 1538 n
121 1467 356 1566 apostasiam
373 1466 500 1566 lapsus
514 1483 579 1539 est.
599 1466 661 1538 Sic
678 1464 830 1538 Hebraei
841 1492 911 1567 per
925 1465 1137 1538 detestabile

83 1581 266 1656 lissidium
291 1585 328 1655 in
354 1610 425 1656 sun
449 1587 594 1655 viscera
622 1584 787 1681 nequiter
809 1586 947 1654 arrnati
973 1597 1077 1671 sunt,
1105 1601 1139 1654 et

83 1699 260 1772 servientes
277 1698 430 1770 Baalim
449 1700 565 1771 multa
582 1725 728 1772 suorum
751 1697 871 1770 millio
893 1699 1135 1771 trucidarunt.

83 1816 136 1889 td
139 1832 364 1917 postremum
375 1842 461 1888 vero
469 1842 561 1916 pars
572 1842 711 1913 eorum,
727 1817 792 1914 qui
808 1841 999 1913 nunquam
1005 1831 1137 1917 posteo

83 1933 273 2023 cdierunt‚
299 1933 364 2006 sub
386 1936 552 2027 Assyriis
568 1933 790 2005 in'Mediam
809 1936 997 2034 captivata
1016 1951 1087 2020 est‚·
1106 1952 1139 2006 et

83 2050 148 2124 tia
165 2077 257 2152 pars
283 2050 350 2123 sub
381 2051 569 2126 Chaldaeis
591 2050 862 2149 Babylonicum
893 2052 1138 2150 captivitatem

83 2193 183 2241 sasso
197 2184 262 2240 est.
277 2169 329 2240 Et
347 2166 515 2241 Thebaeis
534 2169 627 2267 quid
646 2171 796 2268 contigit
811 2167 878 2241 sub
894 2167 1036 2241 duobus
1049 2165 1137 2266 sra-

83 2282 181 2358 n‘bus
190 2285 337 2358 Eteocle
349 2303 383 2357 et
395 2285 593 2359 Polinice?
604 2286 737 2359 Nonne
749 2286 866 2359 multo
879 2285 996 2357 millia
1010 2287 1139 2358 utrius·

83 2407 269 2502 tuepartis
289 2402 525 2477 corruerunt?
543 2404 609 2476 Aa
631 2404 796 2476 ultimum
817 2431 900 2477 uero
917 2405 993 2504 ipsi
994 2400 1138 2501 fratres

83 2523 203 2594 statuis
224 2522 437 2596 uulneribus
458 2523 708 2612 conciderunt,
729 2539 764 2594 et
784 2524 974 2596 extrancis
990 2548 1134 2595 succes-

83 2636 210 2711 on'bus
229 2638 489 2712 bereditarium
504 2642 573 2741 jus
591 2640 832 2715 dimiserunt?
854 2643 943 2716 [loec
963 2656 998 2711 et
1022 2641 1136 2712 multa

83 2754 283 2857 utjusmodi
314 2756 464 2830 solerter
495 2760 629 2830 intueri
658 2757 847 2844 debemus,
878 2775 912 2829 et
940 2757 1140 2859 prudenter

83 2898 273 2946 rroecaverc
298 2902 343 2945 ne
367 2902 434 2974 per
459 2874 653 2948 consilium
665 2877 829 2975 juvenile
840 2901 1058 2976 pereamus;
1077 2879 1136 2945 in-

83 2986 379 3088 iolobilefoedus
390 2991 550 3091 firmiter
568 2994 753 3082 ineamus,
774 3010 808 3064 et
831 2991 1030 3065 Guillelmo
1053 3018 1136 3088 rege

83 3101 210 3207 lsjecw
232 3112 290 3181 uel
311 3105 499 3209 interfecto
507 3167 520 3200 ,
546 3113 611 3210 qui
629 3111 761 3211 junior
783 3127 851 3200 est,
875 3127 910 3182 et
927 3128 1131 3212 protervus,

83 3224 184 3297 tcui
195 3223 289 3296 nibil
303 3224 496 3316 debemus,
516 3227 741 3301 Radbertum
761 3227 909 3314 ducem,
935 3231 999 3326 qui
1020 3231 1138 3325 major
1215 3272 1220 3281 ·

83 3354 157 3423 tatu
175 3358 251 3433 est,
264 3360 299 3416 et
319 3344 551 3419 tractabilior
567 3345 746 3435 moribus,
763 3363 798 3418 et
811 3349 873 3419 cui
886 3344 1130 3443 jamdudum,

83 3452 207 3567 tiberne
225 3476 334 3565 p'atre
355 3462 562 3555 amborum,
575 3463 798 3564 fidelitatem
822 3463 1031 3563 juravimus
1056 3461 1131 3559 (1),

83 3566 269 3681 ttfft'ttmpem
279 3580 429 3678 Anglice
441 3608 490 3654 oc
498 3583 542 3657 N
541 3587 700 3671 custrice,
718 3581 771 3652 od
780 3580 998 3653 servandam
1013 3583 1135 3650 unita-

83 3692 134 3767 ¹tta
149 3680 340 3795 utriusque
357 3701 479 3797 regni,
499 3705 777 3772 constituamus.

84 3804 200 3897 ’ἶΠοο
218 3810 337 3915 itaque
366 3814 556 3888 consilium
583 3812 663 3886 0d0
694 3813 822 3912 praesul
852 3812 1070 3910 BajocensiS,
1098 3826 1133 3881 et

85 4056 324 4169 Jle'.Geterment
336 4094 485 4148 remontait
499 4092 708 4165 probablemcut
721 4095 735 4145 s
750 4091 877 4164 l’e'poque
888 4089 952 4144 d'oit
966 4088 1072 4143 Robert
1086 4088 1133 4139 lsi-

83 4174 118 4233 tit
127 4176 219 4251 partit·
231 4195 280 4234 son
293 4182 455 4235 association
468 4181 520 4263 sla
533 4182 722 4235 souveminete
734 4179 771 4234 de
783 4179 809 4233 ls
823 4177 994 4234 Narmandie
1005 4179 1105 4251 (1077).
