2888 4934
501 685 677 772 LIBER
712 683 922 774 NONUS.

231 1148 500 1221 Vicissitudines
513 1165 719 1246 temporum
731 1164 768 1220 et
780 1173 902 1220 rerum
912 1164 1068 1221 aeternus
1078 1147 1257 1222 Conditor

183 1264 362 1362 sapienter
379 1262 643 1362 salubriterque
659 1263 822 1353 ordinat,
850 1290 916 1336 nec
933 1263 976 1336 ad
998 1263 1120 1336 libitus
1139 1265 1258 1337 insru-

183 1384 346 1456 nitorum
368 1408 424 1453 res
439 1380 611 1453 humanas
630 1381 793 1479 disponit
808 1409 848 1454 ac
866 1382 998 1472 rariat5
1018 1381 1077 1454 sed
1097 1383 1131 1453 iu
1150 1408 1260 1453 manu

182 1499 324 1598 potenti
343 1515 380 1571 et
402 1498 550 1571 brachio
577 1499 718 1571 excelso
736 1501 795 1596 pie
821 1516 958 1585 serrat,
989 1523 1147 1598 congrue
1168 1525 1281 1596 pro-¹

183 1614 284 1687 vehit
299 1642 340 1686 ac
356 1614 552 1712 dispensat.
573 1616 650 1688 Hoc
669 1616 704 1687 in
721 1615 837 1686 hieme
849 1632 885 1686 et
897 1631 1019 1686 aestate
1033 1616 1151 1712 palam
1164 1613 1260 1685 vidc-

183 1757 264 1802 mus
270 1785 282 1819 ,
299 1729 368 1803 hoc
385 1728 620 1807 nihilominus
636 1732 672 1802 in
687 1731 823 1829 frigore
842 1747 877 1802 et
894 1746 1054 1802 caumate
1072 1729 1259 1828 (1)senti-

184 1873 282 1935 mus;
303 1847 372 1921 hoc
401 1848 438 1918 in
458 1849 623 1921 omnium
645 1873 769 1919 rerum
790 1864 876 1920 ortu
901 1865 937 1919 et
955 1874 1080 1920 occasu
1101 1872 1261 1946 perpen-

184 1964 316 2052 dimus,
328 1981 364 2037 et
376 1966 411 2037 in
425 1966 617 2063 multiplici
631 1967 800 2038 varietate
814 1991 965 2065 operum
979 1967 1043 2039 Dei
1057 1968 1127 2039 rite
1137 1966 1262 2038 rimari

183 2109 384 2182 possumus.
413 2082 501 2155 lnde
526 2085 744 2181 multiplices
770 2102 1019 2184 propagantur
1043 2084 1203 2157 historiae
1220 2083 1265 2156 de

185 2200 410 2274 multimodis
434 2199 639 2287 eventibus,
658 2202 719 2299 qui
745 2200 839 2273 fiunt
863 2202 900 2274 in
925 2201 1062 2274 mundo
1081 2199 1263 2302 quotidie,

187 2334 225 2393 et
254 2317 434 2393 dicacibus
472 2318 772 2419 historiographis
809 2336 1088 2420 augmentantur
1124 2321 1267 2419 copiose

186 2434 284 2508 sandi
298 2436 472 2507 materiae.
492 2438 578 2510 Haec
604 2436 684 2509 ideo
706 2435 914 2509 medullitus
934 2437 1142 2525 considero,
1159 2437 1269 2509 medi·

188 2569 353 2654 tutusque
378 2579 476 2626 meos
495 2554 626 2626 litteris
643 2556 807 2654 assigno,
824 2555 906 2654 quia
936 2555 1158 2654 temporibus
1181 2580 1268 2627 nos-

189 2671 255 2743 tris
270 2671 445 2769 insperata
457 2671 498 2743 lit
509 2673 744 2769 permutatio,
760 2687 796 2743 et
808 2672 945 2770 insigne
958 2671 1075 2743 thema
1091 2671 1268 2743 referendi

189 2789 300 2879 mira,
320 2790 552 2887 praestruitur
569 2788 789 2861 dictatorum
805 2790 938 2861 studio.
960 2790 1016 2860 En
1032 2790 1270 2885 Jerosolymi-

191 2920 316 2978 tanum
331 2906 399 2978 iter
415 2905 587 2978 divinitus
603 2907 728 2994 initur,
747 2933 764 2976 a
781 2907 904 2977 multis
918 2906 1194 2978 occidentalium
1207 2933 1269 3005 po-

190 3021 284 3120 pulis
298 3047 390 3093 unus
408 3046 495 3119 grex
510 3023 605 3093 miro
625 3020 734 3093 modo
749 3023 972 3120 congeritur,
989 3039 1025 3094 et
1046 3039 1172 3095 contra
1196 3022 1272 3094 eth·

191 3139 293 3212 nicos
305 3140 343 3210 in
359 3140 453 3211 ans
467 3155 586 3237 partes
602 3165 694 3210 unus
709 3140 886 3211 exercitus
900 3137 1127 3212 conducitur.
1143 3139 1271 3211 Sancta

192 3255 279 3330 Sion
304 3284 324 3327 a
348 3256 430 3326 filiis
447 3257 537 3346 suis,
558 3257 620 3357 qui
646 3255 690 3328 de
709 3256 918 3357 longinquis
941 3256 1149 3357 regionibus
1174 3258 1271 3329 ultro

193 3371 379 3459 exierunt,
401 3371 568 3469 eripitur,
593 3371 776 3470 allophilis
793 3373 960 3461 devictis,
990 3401 1015 3444 a·
1036 3372 1165 3471 quibus
1184 3373 1273 3445 olim

193 3505 314 3562 sancta
333 3491 456 3563 civitas
475 3489 769 3578 conculcabatur,
789 3491 1079 3562 etsanctnarium
1097 3490 1160 3560 Dei
1180 3489 1243 3560 nel
1259 3530 1274 3542 ·

194 3609 249 3680 rie
262 3606 592 3680 contaminabatur.
609 3607 841 3680 Detestabiles
855 3609 952 3678 enim
966 3607 1137 3705 Agareni,
1149 3606 1274 3678 divino

192 3725 328 3826 judicio
348 3727 602 3824 permittente,
615 3725 903 3799 Christianorum
924 3726 1055 3797 limites
1063 3722 1275 3824 jamdudum

196 3845 435 3934 transierunt,
452 3845 579 3917 Sancta
595 3845 687 3917 Loca
703 3846 923 3933 invaserunt,
935 3841 1164 3915 Christicolas
1178 3840 1276 3912 habi·

196 3977 331 4037 tatores
344 3965 626 4051 interemerunt,
642 3963 892 4061 spurcitiisque
901 3963 971 4033 suis
982 3961 1275 4034 abominabiliter

235 4231 274 4302 (ι)
289 4231 410 4287 Chaleur
425 4234 560 4289 excessivo
571 4231 623 4305 (de
637 4242 710 4291 satu,
726 4233 849 4303 brriler.)
