2872 4920
187 411 246 472 504
462 408 649 469 nrsronn
670 410 977 473 ccccmrasrrct.
1050 419 1150 493 [suno
1166 419 1252 494 1097]

186 566 308 613 rerum
323 566 450 639 magna
465 543 714 615 communitas.
730 543 898 642 Episcopi
912 544 1074 645 quotidie
1087 545 1134 619 de
1147 550 1255 622 conti-

184 661 306 733 nentia
325 659 673 750 sermocinabantur,
690 688 799 735 omne
812 680 972 737 scortum
995 681 1032 737 et
1047 663 1200 738 abusum
1213 665 1254 739 de

130 777 133 783 ’
181 777 301 850 medio
322 794 522 851 castrorum
544 777 861 852 abominabantur.
884 781 993 854 Turci
1022 782 1172 854 interim
1189 807 1251 881 pro

181 893 394 968 defensanda
411 894 503 968 urbe
513 892 752 986 desudabant,
768 913 879 995 etper
894 899 1028 987 lacum,
1044 898 1252 972 Christianis

182 1012 408 1100 videntibus,
444 1029 520 1086 tute
550 1014 652 1087 ibant
686 1031 722 1087 et
763 1013 943 1089 redibant.
980 1016 1112 1090 Franci
1148 1017 1250 1116 igitur

182 1131 319 1218 moesti,
340 1130 496 1229 qualiter
521 1132 571 1203 eis
589 1132 706 1204 lacum
725 1135 922 1219 auferrent,
940 1132 1138 1206 machinati
1155 1150 1245 1207 sunt.

182 1247 329 1345 Legatos
346 1246 701 1346 Constantinopolim
717 1247 947 1337 direxerunt,
966 1265 1002 1321 et
1018 1249 1110 1350 quid
1126 1267 1247 1325 conus

181 1368 298 1442 hostes
317 1368 567 1466 praevidissent
589 1371 788 1469 agendum,
813 1370 975 1471 Augusto
991 1372 1150 1445 solerter
1167 1373 1249 1444 inti-

179 1503 339 1559 marunt.
360 1487 447 1560 Mox
469 1489 685 1586 imperator,
703 1485 832 1560 auditis
851 1515 978 1561 eorum
995 1488 1244 1587 petitionibus,

179 1604 379 1704 adquievit,
396 1621 432 1677 et
453 1606 573 1678 omnia
591 1605 785 1678 secundum
804 1606 1108 1705 dispensationem
1130 1633 1247 1681 eorum

181 1723 258 1795 lieri
273 1724 460 1821 praecepit,
477 1724 533 1795 Ex
548 1741 732 1823 praecepto
749 1727 860 1824 igitur
874 1725 1026 1824 Augusti
1041 1724 1248 1799 bovessesti·

182 1857 312 1913 nanter
334 1840 475 1913 adducti
494 1859 599 1930 sunt,
620 1858 657 1914 et
676 1842 838 1915 velivolae
859 1869 963 1915 naves
988 1859 1140 1940 portum
1159 1842 1245 1914 Che-

182 1974 282 2032 vetot
303 1960 534 2058 appulerunt.
556 1960 752 2057 Turcopoli
769 1961 876 2032 etiam
893 1959 1090 2032 all'uerunt.
1110 1958 1247 2056 Scaphae

183 2077 341 2150 carrucis
355 2079 410 2176 (t)
424 2078 659 2176 superpositae
674 2094 777 2164 sunt,
794 2093 831 2150 et
845 2077 962 2151 bobus
975 2077 1059 2150 huic
1073 2078 1175 2175 operi
1192 2075 1248 2147 mi·

183 2194 439 2282 nistrantibus,
460 2221 571 2295 usque
588 2194 633 2267 ad
649 2193 869 2293 crepidinem
889 2196 983 2267 lacus
999 2193 1183 2268 laboriose
1197 2191 1248 2264 de·

65 2351 73 2371 ·
183 2311 300 2385 ductae
317 2329 414 2385 sunt.
431 2313 547 2386 Nocte
561 2310 668 2385 terris
686 2312 936 2399 incumbente,
957 2337 1065 2385 naves
1085 2313 1123 2384 in
1144 2312 1248 2384 lacum

185 2431 433 2530 impegerunt,
449 2456 576 2531 easque
593 2431 806 2528 Turcopolis
822 2429 1100 2502 mandaverunt.
1120 2429 1245 2525 Crepu-

184 2550 283 2622 sculo
299 2548 368 2621 diei
383 2549 597 2638 albescente,
619 2550 734 2621 lacum
750 2548 925 2619 sulcantes
939 2545 1122 2631 ordinate,
1141 2543 1247 2618 tende·

185 2663 274 2738 bant
287 2694 423 2766 puppes
437 2667 479 2740 ad
495 2667 637 2740 urbem.
653 2667 773 2754 Cives,
790 2665 905 2737 lacum
921 2661 1073 2735 navibus
1091 2679 1246 2762 opertum

186 2786 325 2856 eminus
335 2787 558 2884 aspicientes
568 2781 811 2868 mirabantur,
824 2797 860 2853 et
869 2782 896 2851 si
905 2779 1074 2853 sortesibi
1086 2781 1245 2852 auxilium

186 2896 1248 3001 veniret,suspicabantur.Atpostquamcertitudinemdeeis

186 3038 440 3117 perceperunt,
456 3019 637 3117 diriguere
652 3035 763 3105 metu,
780 3034 817 3088 et
829 3041 1006 3115 exangues
1020 3017 1105 3088 sacti
1115 3071 1125 3103 ,
1141 3014 1249 3111 despe

186 3155 369 3209 raverunt.
386 3139 590 3236 Repentino
604 3164 682 3209 casu
698 3134 916 3234 perturbatis
928 3150 1062 3232 praeter
1074 3160 1175 3233 spem
1184 3158 1251 3205 om·

187 3256 243 3326 nia
262 3257 507 3354 contigerunt.
525 3254 616 3326 Urbi
630 3270 723 3325 terra
739 3254 887 3352 lacuque
900 3251 1052 3324 obsessae
1067 3253 1167 3324 nulla
1182 3274 1248 3348 spes*

184 3375 305 3445 salutis
324 3390 413 3445 erat.
435 3371 490 3443 Ad
510 3374 762 3470 imperatorem
779 3372 888 3468 igitur
907 3369 1043 3468 legatos
1057 3368 1246 3449 destinant,

185 3508 221 3562 et
238 3490 372 3583 obnixe
392 3491 594 3589 supplicant
613 3506 654 3560 ut
670 3491 740 3588 jam
762 3488 864 3559 victis
880 3504 1020 3584 parcat,
1040 3485 1172 3558 urbem
1188 3486 1248 3556 de-

185 3608 296 3681 ditam
311 3611 472 3707 recipiat,
482 3632 644 3706 eamque,
658 3607 759 3679 sicuti
775 3633 888 3692 suam,
905 3603 950 3677 ab
965 3603 1130 3677 hostibus
1142 3621 1249 3702 prote

185 3741 263 3823 gat,
285 3752 329 3799 ne
347 3753 402 3798 res
420 3752 545 3798 eorum
565 3724 772 3822 alienigenis
786 3722 907 3822 praeda
925 3721 998 3793 fiat.
1016 3723 1081 3793 llis
1101 3724 1247 3820 impera·

187 3858 246 3914 tor
271 3840 415 3929 auditis,
435 3840 723 3914 Christianorum
747 3840 921 3938 profectui
949 3840 1012 3936 (ut
1033 3855 1181 3911 eventus
1204 3837 1247 3908 rei

185 3975 305 4057 postea
325 3957 513 4058 probavit)
527 3959 667 4031 occulte
683 3957 864 4045 invidens,
885 3957 1186 4055 obsessorumque
1200 3955 1247 4025 le-

588 4125 990 4135 -u—-m--m-mffl
998 4126 1039 4132 --.
1053 4126 1060 4131 «
1067 4127 1076 4130 -
1083 4119 1245 4134 -φ--η

221 4218 259 4289 (r)
276 4217 315 4271 Ce
327 4225 386 4270 mot
398 4233 432 4268 ne
446 4215 553 4284 signifie
567 4234 614 4289 pas
627 4217 661 4269 ici
675 4215 723 4269 ‹les
736 4215 881 4280 charmes,
893 4213 961 4267 mais
974 4212 1023 4267 des
1037 4213 1169 4268 char-tots.
