2872 4920
182 398 241 460 474
463 398 647 459 maronia
669 399 977 463 ncccmnsrici.
1152 403 1253 481 [iuss]

182 546 281 618 tunc,
296 547 336 602 ut
346 546 657 628 praetaxatumest,
672 531 903 604 deffinierunt
913 546 949 603 et
959 553 1054 629 pene
1065 531 1170 603 irrita
1182 532 1251 604 sue·

181 665 280 721 runt.
300 648 391 720 Erat
415 650 513 721 enim
531 675 575 721 co
598 667 761 749 tempore
779 650 870 722 mira
895 647 1024 722 seditio
1042 648 1143 722 inter
1158 649 1250 748 opti·

179 782 291 839 mates
319 765 575 853 Normanniae,
604 784 640 839 et
664 767 806 840 discolis
834 791 901 865 per
927 781 1043 840 totam
1071 767 1252 864 regionem

180 882 326 984 grandis
351 901 498 958 conatus
524 902 561 958 et
586 886 787 959 violentum
812 887 863 957 las
887 883 1000 956 furari
1030 908 1094 956 seu
1116 907 1248 982 rapere.

179 1002 346 1074 Incendia
365 1019 402 1075 et
420 1005 556 1102 rapinae
582 1019 694 1076 totam
712 1004 869 1103 patriam
884 1001 1179 1075 devastaverunt.
1196 1003 1250 1075 ln-

180 1118 393 1219 digenarum
410 1123 696 1221 quamplurimos
719 1124 755 1195 in
780 1121 929 1194 exilium
947 1135 1204 1204 extruserunt,
1219 1134 1250 1192 et

180 1235 379 1334 parrochiis
392 1238 599 1329 destructis,
616 1240 779 1314 ecclesias
793 1236 992 1338 presbyteri
1009 1235 1186 1336 fugiendo
1199 1233 1249 1309 ‹le-

178 1355 307 1427 solatas
321 1355 569 1430 deseruerunt.

229 1471 407 1546 Indomita
435 1500 522 1575 gens
543 1476 843 1550 Normannorum
869 1491 938 1562 est,
963 1489 1018 1562 et,
1051 1474 1120 1546 nisi
1142 1469 1248 1575 rigido

180 1607 322 1665 rectore
347 1610 568 1682 coerceatur,
601 1594 645 1667 ad
669 1596 805 1669 lacinus
830 1593 1105 1692 promptissima
1131 1608 1196 1665 est.
1213 1593 1245 1664 ln

180 1707 349 1779 omnibus
375 1709 550 1808 collegiis,
570 1710 789 1810 ubicumque
806 1710 961 1795 luerint,
980 1707 1167 1780 dominari
1191 1733 1245 1805 ap·

180 1839 328 1922 petunt,
357 1841 393 1897 et
416 1827 577 1900 veritatis
599 1828 752 1929 fideiqne
772 1844 936 1901 tenorem
954 1827 1242 1924 praevaricantes,

179 1941 387 2017 ambitionis
405 1961 513 2034 aestu,
532 1946 716 2020 multoties
734 1944 852 2018 ellecti
870 1961 966 2016 sunt.
980 1944 1061 2016 Hoc
1078 1943 1244 2016 Franciet

180 2060 346 2133 Britones
365 2077 472 2161 atque
498 2062 751 2150 Flandrenses,
771 2062 905 2160 aliique
922 2060 1163 2134 collimitanei
1175 2080 1243 2132 cre·

179 2175 249 2250 bro
270 2195 477 2263 senserunt,
495 2178 564 2254 hoc
581 2181 659 2252 ltali
678 2197 715 2253 et
726 2180 884 2266 Guinili,
898 2179 1133 2278 Saxonesque
1147 2173 1242 2276 Angli

179 2294 352 2393 usquead
372 2296 658 2372 internecionem
674 2297 813 2396 experti
831 2313 927 2368 sunt.

229 2411 281 2482 De
303 2412 413 2485 feroci
430 2430 537 2513 gente
552 2413 765 2512 Scytharum
789 2413 893 2512 origo
917 2412 1183 2500 Troianorum,
1200 2407 1242 2480 uti

120 2518 124 2525 ¹
178 2529 349 2620 refertur,
364 2534 551 2628 processit3
569 2531 701 2633 quibus
712 2534 749 2604 in
762 2528 942 2605 excidium
955 2528 1125 2618 redactis,
1140 2527 1241 2625 Phry·

179 2646 256 2745 gius
272 2646 440 2722 Antenor
458 2651 619 2748 lllyricos
636 2649 724 2722 fines
740 2649 959 2748 potionavit,
976 2663 1013 2719 et
1031 2674 1117 2721 cum
1133 2644 1243 2719 vicinis

179 2766 407 2840 exulantibus
419 2768 482 2842 diu
495 2770 674 2869 longeque
692 2768 812 2842 locum
830 2765 1063 2839 habitationis
1076 2762 1240 2866 quesivit.

180 2884 344 2984 Denique
366 2913 472 2985 supra
502 2887 602 2960 littus
625 2886 756 2960 Oceani
781 2887 908 2973 maris,
929 2885 968 2956 in
993 2883 1136 2957 boreali
1152 2883 1240 2982 plaga

180 3001 360 3090 consedit;
376 3020 412 3075 et
422 3004 504 3094 sibi,
517 3005 692 3105 sociisque
705 3020 742 3077 et
750 3001 941 3076 heredibus
950 3001 1023 3073 suis
1034 3002 1241 3073 maritimam

180 3121 367 3218 regionem
386 3122 555 3211 incoluit,
577 3139 614 3196 et
637 3151 656 3195 a
675 3124 797 3210 Danu,
822 3120 899 3193 filio
916 3121 1009 3218 ejus,
1030 3144 1120 3219 gens
1139 3118 1242 3205 illa,e

180 3236 346 3309 Troianis
360 3255 455 3326 orta,
469 3241 656 3315 Danorum
670 3264 803 3313 nomen
816 3236 966 3335 accepit.
978 3237 1067 3308 llaec
1077 3260 1165 3335 gens
1176 3256 1243 3307 un·

180 3355 270 3429 delis
297 3384 438 3457 semper
466 3377 504 3431 et
530 3360 700 3432 bellicosa
734 3358 819 3446 suit,
851 3372 887 3429 et
914 3354 1131 3428 fortissimos
1157 3374 1243 3452 regu

181 3475 325 3564 habuit;
356 3477 417 3549 sed
449 3477 555 3551 fidem
584 3477 716 3550 Christi
740 3479 800 3548 vix
828 3500 909 3547 sero
935 3475 1099 3572 recipere
1128 3470 1241 3546 voluit.

181 3587 1243 3691 Rollo,duxacerrimus,cumNormannisindegenusduxit,

181 3712 241 3808 qui
268 3714 405 3809 primus
433 3715 637 3787 Neustriam
664 3711 731 3784 sibi
759 3710 981 3811 subjugavit,
1009 3735 1094 3809 quae
1120 3729 1243 3781 nuncu

181 3827 401 3904 Normannis
419 3833 654 3906 Normanniae
673 3856 807 3904 nomen
826 3828 999 3903 obtinuit.
1021 3825 1144 3900 North
1161 3825 1243 3898 enim

182 3945 320 4042 anglice
347 3949 503 4046 Aquilo,
529 3976 611 4021 man
628 3973 716 4021 vero
732 3947 866 4020 dicitur
883 3945 1004 4017 homo.
1024 3943 1243 4016 Normannus

184 4064 546 4166 igiturAqut'lonutis
577 4068 682 4140 horreo
711 4068 982 4164 interpretatur,
1013 4064 1120 4159 cujux
1145 4056 1242 4132 audax

181 4185 364 4256 austeritas
379 4183 537 4257 delicatis
555 4185 718 4259 affinibus
725 4241 734 4274 ,
755 4201 794 4257 ut
812 4180 947 4283 gelidus
970 4180 1106 4278 Aquilo
1126 4175 1242 4252 teucris
