2888 4934
51 435 136 512 [sss]
433 426 549 488 unna
569 423 728 487 sextos.
1071 430 1110 488 77

50 575 272 663 expavescat.
305 558 373 651 Qui
405 559 469 630 etsi
501 557 717 629 imminentis
747 557 853 654 pestis
885 555 1111 630 considerant

50 678 273 779 periculum,
301 677 420 748 minus
444 692 563 747 tamen
585 672 652 745 sub
669 673 730 744 tali
749 700 790 745 ac
813 689 911 746 tanto
932 673 1021 748 duce
1038 677 1112 774 jam

51 795 251 872 formidant
263 795 465 891 improvisae
474 792 604 866 mortis
616 791 816 863 interitum.
829 790 975 866 atvero
988 791 1114 865 eodem

53 913 283 988 mortalitatis
298 927 448 1012 urgente
466 907 707 994 incommodo,
727 909 861 981 mortui
878 926 961 981 sunt
977 934 1021 983 ex
1036 936 1116 983 mo-

55 1029 177 1105 nacbis
197 1053 355 1117 axxvur,
375 1025 492 1101 sedet
512 1027 728 1100 emulorum
748 1051 823 1100 non
842 1029 992 1101 minima
1016 1028 1115 1100 mul-

55 1147 184 1224 titudo'
203 1180 221 1216 >³

103 1297 123 1336 κ
134 1265 337 1354 Craterum,
351 1263 437 1366 quid
452 1262 497 1337 de
509 1262 665 1363 quodam
678 1287 804 1336 eornm
817 1264 1026 1362 contigerit,
1042 1289 1118 1336 non

54 1399 201 1483 oportet
214 1383 401 1481 praeterire
414 1381 569 1455 silentio.
587 1381 667 1480 lpso
683 1406 838 1480 namque
851 1378 908 1452 die
920 1380 1118 1453 Dominicae

56 1498 281 1589 Natiuitatis,
304 1497 348 1571 ab
364 1524 461 1587 uno,
483 1496 585 1570 valde
606 1497 802 1570 necessario
822 1498 1027 1570 monasticae
1051 1498 1117 1585 rei,

57 1616 172 1692 ablata
187 1633 241 1690 est
252 1617 384 1689 anima.
400 1614 469 1710 Qui
480 1615 644 1715 diligenti
662 1614 779 1688 studio
794 1615 927 1688 funeris
942 1617 1120 1714 composi-

59 1752 124 1825 tus,
138 1750 242 1808 extra
252 1734 522 1823 monasterium,
535 1732 598 1805 ubi
609 1729 708 1807 locus
716 1749 793 1805 erat
801 1732 993 1831 sepeliendi
1003 1759 1121 1832 aspor-

59 1869 172 1941 tatur,
195 1851 317 1952 ibique
332 1876 413 1926 eum
430 1851 667 1950 deponentes,
686 1848 938 1950 exspectabant
955 1852 1123 1950 quatinus

59 1970 203 2070 expleto
215 1969 401 2041 missarum
413 1969 598 2067 praeconio
611 1968 804 2067 sepulturae
817 1966 1029 2041 traderetur.
1044 1970 1122 2042 Fle-

60 2086 117 2161 bat
133 2103 260 2160 autem
278 2087 385 2159 totius
406 2086 562 2159 ecclesiae
582 2101 779 2159 convontus
800 2110 869 2184 pro
890 2086 979 2158 tanti
1001 2085 1123 2159 famuli

60 2222 192 2280 morte.
208 2205 428 2277 Procurator
438 2204 572 2304 quippe
585 2201 888 2303 diligentissimus,
906 2228 962 2275 res
973 2203 1124 2275 fratrum

62 2319 336 2398 administrabat
359 2321 633 2411 officiosissime,
660 2347 729 2420 qua
753 2319 797 2393 do
821 2346 922 2392 causa
948 2322 1061 2394 nimio
1081 2321 1127 2394 ab

63 2438 233 2514 omnibus
255 2437 440 2513 colebatur
462 2464 597 2512 amore.
623 2438 714 2511 Cum
737 2462 825 2538 ergo
845 2440 981 2538 pariter
1004 2464 1129 2514 omnes

64 2556 208 2649 llerent,
219 2556 342 2630 beatus
352 2555 536 2644 Ebrulsus,
548 2556 722 2655 Spiritum
735 2557 905 2629 Sanctum
920 2573 992 2630 tota
1007 2576 1128 2633 mente

66 2673 284 2772 concipiens,
300 2673 501 2761 infremuit,
515 2671 705 2772 dolorique
718 2672 872 2745 fratrum
890 2676 1127 2772 compatiens,

67 2789 105 2864 ad
129 2807 221 2864 nota
241 2788 403 2888 praesidia
427 2790 604 2877 recurrit,
625 2790 780 2862 orationi
802 2786 985 2879 incubuit,
1009 2808 1131 2889 pectus

67 2907 299 2982 vehementer
336 2905 462 2997 coedit,
497 2904 704 3005 tamdiuque
741 2929 813 2977 sese
852 2905 1131 3003 lacrymabiliter

69 3025 189 3097 afflixit
218 3024 256 3097 in
277 3048 404 3124 prece,
430 3023 545 3096 donec
565 3049 634 3122 pro
656 3048 729 3124 quo
749 3021 963 3122 precabatur
981 3025 1133 3098 famulus

71 3157 291 3243 resurgeret,
305 3158 341 3214 et
353 3141 484 3242 gratias
499 3165 606 3240 agens
621 3166 689 3239 pro
707 3140 844 3214 reddita
859 3141 954 3232 vita,
973 3159 1055 3215 ante
1073 3170 1134 3243 pe-

70 3254 124 3330 des
140 3256 402 3331 resuscitatoris
417 3256 685 3356 pmcumberet.
705 3255 784 3351 Quo
801 3258 912 3346 lacto,
936 3257 981 3330 ad
999 3261 1134 3333 coelum

71 3373 206 3447 clamor
221 3372 378 3463 tollitur,
397 3398 530 3448 nomeu
543 3389 673 3446 sanctae
689 3374 876 3446 Trinitatis
893 3375 928 3445 in
944 3402 1135 3450 commune

71 3487 310 3578 benedicitur,
326 3491 442 3564 clarus
453 3507 490 3564 et
502 3490 732 3590 apostolicus,
751 3492 832 3590 quia
846 3507 1008 3565 mortuos
1024 3496 1134 3567 susci-

73 3608 222 3696 taverit,
246 3605 340 3706 apud
366 3626 512 3682 cunctos
537 3607 707 3682 Ebrullus
731 3608 896 3681 habetur.
924 3608 993 3701 Qui
1017 3628 1135 3686 autem

73 3724 270 3797 vivificatus
280 3719 409 3814 furerat,
421 3726 573 3824 pristino
587 3727 768 3799 restitutus
779 3727 908 3813 officio,
924 3745 1044 3826 postea
1060 3732 1137 3828 plu·

76 3865 127 3912 res
150 3842 244 3916 vixit
264 3867 389 3916 annos.
415 3841 465 3914 At
485 3843 630 3916 demum
655 3859 837 3916 annuente
858 3860 950 3916 nutu
972 3873 1136 3946 supernae

79 3958 232 4054 pietatis,
253 3961 398 4057 cessavit
416 3961 569 4062 languor
587 3960 646 4033 ille
663 3961 838 4034 mortalis.
861 3988 880 4031 r>

125 4075 301 4149 «Verum
326 4093 482 4151 cenante
514 4076 742 4166 infirmitate,
771 4103 847 4150 non
877 4077 1031 4151 cessabat
1061 4085 1139 4181 pius

83 4208 196 4287 pastor
225 4221 295 4293 pro
320 4194 493 4268 defunctis
515 4220 688 4286 exorare,
717 4195 917 4294 intelligens
947 4199 1029 4296 quia
1058 4227 1138 4275 vera
