2888 4934
190 114 392 192 [tots-imi]
549 110 664 173 stultu
685 102 889 171 sepulum.
1202 110 1256 171 ιω

187 244 456 345 eiadjutorium
481 208 649 319 alacriter
677 240 883 342 spopondit.
912 239 987 315 Nee
1016 264 1118 315 mom
1130 297 1140 330 ,
1168 241 1259 315 sicut
1364 222 1367 227 ’

186 360 369 461 pollicitus
381 376 436 433 est
444 414 456 449 ,
471 382 554 433 eum
568 359 689 432 ulcisci
704 357 935 432 vehementer
948 357 1095 431 molitus
1109 373 1176 431 est.
1192 354 1261 430 Ve-

186 504 270 553 mm
295 476 411 550 multa
436 474 632 565 laboriosa,
657 477 805 549 nolente
831 477 927 562 Deo,
952 474 1082 547 trasna
1105 475 1260 547 commi-

186 611 292 670 natus
306 609 362 669 est
369 623 380 681 ς
399 592 461 667 sed
486 594 517 666 ei
537 592 581 666 ad
604 593 772 667 ellectum
795 618 889 671 rem,
907 618 1017 693 quam
1032 616 1259 690 summopere

186 709 389 811 lhgitebat,
409 708 605 808 perducere
618 710 832 809 permissum
850 736 923 783 non
940 726 993 782 est
1009 711 1077 809 (ι).

236 828 399 916 Alexius,
413 828 742 926 princepsmilitiae,
748 830 847 926 jussu
859 826 1041 900 Michaelis
1055 827 1091 898 in
1103 825 1258 925 Paphla-

189 946 336 1047 goniam
349 945 452 1032 ierat,
470 969 661 1045 secumque
674 960 800 1017 contra
813 946 963 1031 Turcos,
980 943 1126 1016 Niceam
1140 942 1260 1040 bithy-

189 1063 259 1137 uioe
294 1066 425 1135 urbem
458 1060 620 1136 obsidem
650 1077 852 1159 captantes,
883 1063 1082 1133 exercitum
1110 1061 1261 1133 Graeciae

189 1177 353 1253 duxerat.
364 1178 448 1271 Qui,
464 1177 551 1251 dum
561 1176 714 1251 audisset
729 1178 974 1276 expulsionem
989 1179 1136 1277 ingenui
1150 1177 1262 1275 impe-

191 1297 341 1382 rasoris,
360 1312 397 1368 et
413 1296 640 1369 temerariam
666 1293 894 1392 tyrannidem
910 1294 1038 1394 perlidi
1057 1320 1259 1394 praesump-

190 1413 299 1502 toris,
319 1414 518 1489 exereitum
535 1412 747 1513 alloquitur,
763 1412 901 1514 etquid
917 1413 1094 1515 agendum
1113 1414 1160 1485 sit
1172 1438 1261 1512 per-

188 1544 392 1605 mactatur.
419 1530 508 1602 Erat
531 1531 629 1603 enim
655 1529 813 1629 prudens
842 1547 878 1605 et
901 1530 1056 1630 probus,
1085 1529 1198 1603 audax
1226 1545 1261 1602 et

188 1648 310 1751 largus
328 1666 365 1721 et
386 1646 549 1722 amabilis
571 1648 754 1722 omnibus.
775 1649 907 1722 Omnes
928 1650 1040 1749 igitur
1060 1650 1092 1721 ei
1117 1649 1257 1738 lavent,

186 1767 334 1868 ejusque
341 1768 441 1867 jussu
453 1792 490 1839 se
505 1783 694 1866 promptos
705 1766 890 1840 exhibent.
906 1767 972 1840 llle
987 1793 1072 1840 mox
1093 1756 1262 1841 bdrtetur

187 1900 229 1958 ut
252 1887 443 1958 unanimes
469 1886 679 1983 Byzantium
707 1883 911 1974 obsideant,
940 1901 976 1958 et
999 1887 1192 1985 imperanti
1221 1886 1262 1957 iis

184 2000 333 2077 vecordi
362 2019 518 2102 tyranno
541 2003 697 2076 viriliter
726 2003 901 2077 auferant.
927 2003 1121 2077 Obsidione
1142 2003 1261 2104 itaque

183 2117 520 2218 Constantinopolis
544 2119 683 2219 aliquot
710 2118 835 2193 diebus
858 2121 986 2193 vallata
1009 2135 1075 2193 est.
1104 2118 1172 2192 Sed
1195 2144 1261 2219 per

179 2233 433 2315 Roimundum
463 2235 743 2327 Flaudrensem,
771 2238 832 2337 qui
858 2239 1062 2336 praecipuus
1089 2253 1206 2310 custos
1224 2252 1260 2309 et

177 2352 321 2449 janitor
354 2352 453 2424 urbis
482 2369 577 2439 erat,
616 2354 781 2428 consulto
818 2354 951 2427 civium
986 2357 1157 2452 patefacta
1191 2369 1256 2425 est.

188 2465 337 2540 Alexius
380 2467 574 2567 Augustale
618 2468 790 2566 palatium
832 2470 1005 2557 intravit,
1044 2468 1257 2541 Bitinacium

183 2582 232 2657 de
263 2585 374 2684 regali
400 2583 536 2658 throno
561 2586 820 2684 praecipitavit,
846 2585 1022 2682 prolixam
1047 2587 1079 2659 ei
1105 2585 1256 2658 barbam

181 2698 432 2787 detruncavit,
460 2717 495 2773 et
525 2700 694 2774 carcerali
721 2701 890 2775 custodiae
910 2701 1062 2775 illaesum
1078 2727 1264 2776 commen·

183 2816 297 2891 davit.
320 2820 400 2918 lpse
425 2820 564 2892 cunctis
588 2818 825 2920 gaudentibus
855 2821 1040 2918 imperiale
1077 2837 1258 2918 sceptrum

182 2950 223 3009 et
254 2932 412 3009 diadema
448 2937 617 3035 sumpsit,
651 2963 877 3038 regnumque
903 2963 977 3011 xxx
997 2939 1099 3011 aratris
1126 2939 1163 3009 in
1190 2937 1257 3009 ad-

681 3103 776 3113 „
785 3106 790 3111 .
796 3105 924 3112 -—.-----
953 3105 962 3112 -

219 3174 430 3250 (1)Nice'phore
436 3177 595 3243 Botouiate,
606 3181 685 3250 apres
698 3179 774 3232 avoir
787 3177 905 3233 detrbne'
918 3176 1021 3231 Michel
1035 3178 1212 3250 Parapinace,
1227 3179 1259 3234 fa

184 3282 238 3321 m
251 3268 348 3321 eunde
361 3266 512 3322 solenuelle
525 3270 540 3321 la
551 3268 783 3340 Constantinople
796 3268 821 3322 le
840 3267 874 3322 25
887 3285 960 3322 mars
980 3268 1055 3340 1078.
1071 3268 1148 3322 Tout
1159 3287 1190 3323 ce
1203 3288 1257 3344 que

184 3355 320 3413 dituotre
330 3367 430 3412 auteur
438 3376 486 3412 sur
501 3359 540 3412 les
554 3359 692 3432 supplices
707 3359 817 3431 indiges
828 3377 864 3413 au
878 3361 975 3432 prince
986 3360 1152 3414 Constantia
1163 3371 1192 3415 et
1209 3379 1257 3416 sur

183 3444 212 3501 Ιι
238 3447 353 3502 retraite
373 3447 409 3502 de
427 3448 530 3502 Michel
551 3451 614 3521 pres
631 3449 666 3503 de
685 3449 792 3504 Robert
815 3447 954 3504 Guiscard
981 3460 1023 3503 est
1043 3454 1202 3505 coutrouve.
1220 3450 1256 3505 Le

184 3536 285 3607 pedone
300 3537 462 3617 bbrmand,
476 3538 524 3612 qui
538 3538 592 3592 mit
608 3549 681 3594 cette
701 3537 831 3594 detulere
852 3537 925 3594 lable
942 3557 977 3593 en
991 3539 1096 3605 credit,
1118 3541 1185 3595 etalt
1198 3541 1257 3594 loin

183 3624 233 3703 ey
244 3629 336 3684 croire
349 3628 543 3685 lui-memed
559 3629 687 3703 l'epoque
701 3631 738 3684 oti
756 3628 877 3685 Orderic
890 3630 1016 3691 ecrivait,
1031 3629 1083 3685 elle
1096 3633 1163 3686 enit
1176 3650 1258 3687 com·-

182 3714 340 3791 pldtemeut
359 3719 471 3791 rejetde.
495 3719 535 3775 Ce
556 3718 658 3793 qu’ily
679 3740 693 3773 a
714 3719 749 3774 de
770 3721 840 3785 mi,
865 3721 931 3775 c'cst
951 3738 1006 3794 que
1031 3721 1056 3774 lc
1078 3723 1200 3795 mariage
1222 3723 1256 3774 dc

181 3806 350 3865 &nstantia
368 3826 433 3864 avec
451 3809 475 3863 la
495 3810 549 3864 fille
563 3808 598 3863 de
613 3809 720 3864 Robcrt
737 3810 876 3864 Gniscard
899 3810 940 3866 lut
957 3810 1122 3866 abandoned
1136 3830 1186 3884 par
1201 3830 1254 3864 ona

181 3896 258 3953 suite
270 3896 335 3954 bien
347 3899 484 3954 naturelle
496 3899 530 3953 tle
541 3898 566 3951 la
582 3896 798 3972 re'tolutinn'qui
817 3902 909 3954 trualt
920 3899 955 3953 de
969 3900 1149 3969 s'accnntplir.
