2888 4934
174 417 282 497 [1111]
533 415 653 480 tum
675 416 881 479 strumus.
1185 419 1246 479 ns

168 550 273 653 qnasi
298 549 461 650 quinque
487 549 665 624 milliariis
698 577 717 623 a
754 549 896 622 Barinis
918 545 1104 622 moenibus
1129 545 1246 638 abest,

167 665 416 757 decuerunt,
438 682 475 740 et
494 664 637 740 indeed
655 667 794 742 clerum
807 667 1002 740 Barensem
1019 681 1056 739 et
1073 665 1248 765 populum

165 783 323 858 nuntios
339 783 614 881 praemiserunt,
635 799 781 883 totaque
807 781 930 856 civitas
952 781 1139 880 inopinato
1156 807 1250 880 gau-

165 897 237 973 dio
258 896 446 972 confestim
469 897 606 997 repleta
626 914 698 987 est,
723 913 764 971 et
783 923 869 973 mox
891 912 1043 998 uterque
1066 921 1189 987 sexus,
1214 913 1251 971 et

165 1016 295 1093 mnis
316 1033 402 1090 oetas
422 1014 467 1088 ad
490 1016 614 1090 littora
635 1041 774 1117 egressa
796 1032 861 1090 est.
886 1017 1003 1090 Porro
1024 1031 1145 1089 nautae
1163 1041 1253 1114 cap-

165 1131 301 1207 sellam
334 1134 390 1233 (r)
426 1158 508 1206 cum
545 1132 708 1234 reliquiis
741 1131 1044 1207 commendarunt
1081 1132 1252 1232 religioso

168 1250 311 1335 lleliae,
337 1250 456 1324 abbati
484 1249 645 1326 coenobii
663 1251 785 1326 Sancti
801 1249 1005 1340 Benedicti,
1023 1248 1120 1351 quod
1143 1276 1250 1350 supra

172 1385 326 1468 portum
342 1370 453 1442 situm
469 1385 534 1443 est.
560 1370 626 1443 llle
645 1396 732 1443 vero
752 1396 851 1444 sacre
867 1371 1021 1469 pignora
1044 1384 1252 1443 reverenter

173 1487 349 1586 sucepit,
377 1487 415 1559 in
441 1489 626 1586 praelatam
651 1488 835 1562 ecclesiam
857 1485 1133 1560 cumfratribus
1155 1511 1250 1560 nonu

175 1603 234 1679 die
252 1605 387 1678 mensis
407 1606 492 1677 maii
516 1602 699 1704 deposuit,
721 1621 757 1679 et
778 1603 894 1678 tribus
912 1601 1038 1678 diebus
1057 1602 1252 1706 diligenter

178 1721 404 1820 custodivit(
429 1723 459 1821 ).

224 1842 331 1915 Tunc
352 1841 457 1931 Urso,
471 1842 690 1916 Barinorum
702 1839 991 1940 archiepiscopus
1009 1842 1078 1940 (3),
1093 1842 1151 1913 vis·
1162 1839 1251 1915 reli-

176 1957 313 2059 giosus,
332 1959 409 2032 Deo
425 1957 573 2059 dignus,
595 1959 797 2061 italicisque
818 1958 975 2035 dominis
993 1959 1199 2033 notissimus
1215 1976 1253 2032 et

177 2072 360 2150 familiaris
376 2077 528 2165 amicus,
547 2077 685 2151 aberat.
704 2078 796 2150 Nam
818 2076 913 2176 apud
937 2079 1100 2150 Tranum
1118 2077 1172 2175 (Δ)
1191 2103 1251 2150 na·

206 2422 251 2498 (1)
269 2420 400 2480 Perdant
417 2423 443 2477 le
462 2440 580 2495 voyage,
601 2421 641 2477 les
659 2421 781 2495 reliques
797 2423 893 2477 iurent
907 2424 1107 2496 trrmportees,
1129 2421 1169 2478 du
1180 2423 1251 2479 baril

175 2507 245 2588 luat
258 2531 298 2570 on
316 2514 407 2569 e'etait
419 2515 491 2569 servi
507 2532 579 2588 P⁰ur
595 2511 636 2569 les
647 2525 781 2587 apporter
797 2532 833 2568 au
845 2513 956 2581 navire,
971 2512 1092 2568 daneon
1106 2513 1204 2570 coffret
1214 2512 1250 2570 (le

172 2595 250 2672 luis,
267 2601 398 2676 fabrique
416 2614 479 2657 tout
491 2604 602 2676 expres,
615 2613 645 2657 et
658 2601 730 2659 dont
744 2601 785 2658 les
797 2601 891 2658 debris
907 2612 959 2657 ont
975 2604 1019 2658 ete
1033 2605 1176 2659 conserves
1187 2606 1252 2676 pre·

166 2688 349 2748 damnem
363 2692 495 2766 jusqu’au
515 2706 585 2746 nvn·
603 2691 704 2760 siecle,
728 2691 872 2766 peut-etse
896 2691 986 2746 meme
1001 2691 1113 2765 jusqu’l
1135 2692 1251 2764 aujour-

200 2875 249 2947 (2)
260 2872 304 2928 Ici
316 2872 342 2929 le
355 2875 427 2929 reicit
437 2873 473 2928 de
486 2883 566 2928 notre
579 2883 680 2928 auteur
690 2882 733 2927 est
744 2872 801 2927 fort
814 2870 976 2944 incomplet.
995 2871 1046 2926 les
1060 2871 1168 2927 naviter
1181 2873 1251 2928 arri·

165 2964 272 3020 'batt
281 2960 353 3016 (lam
366 2961 391 3016 le
404 2973 470 3035 port
481 2961 516 3017 de
528 2962 591 3017 Bari
606 2961 631 3017 le
644 2962 732 3017 matio
746 2959 786 3016 du
798 2960 949 3016 dimanche
963 2978 981 3036 9
994 2961 1064 3030 mai,
1079 2961 1129 3036 qui
1145 2963 1214 3017 enit
1225 2961 1251 3018 le

165 3047 325 3109 lineuche
336 3050 404 3106 dam
414 3051 527 3107 l'octare
538 3051 574 3106 de
588 3050 771 3107 l’Ascension.
787 3050 835 3108 On
848 3049 960 3125 disputa
971 3050 1096 3124 pendant
1112 3050 1251 3127 plusieurs

165 3140 279 3200 unm
293 3141 378 3196 surla
391 3143 522 3217 question
535 3142 571 3198 de
585 3143 675 3198 ssvoir
688 3144 727 3198 ou
743 3142 782 3198 les
794 3142 915 3217 reliques
927 3143 1048 3198 seraient
1057 3142 1204 3217 deportes,
1222 3157 1253 3200 et

165 3231 267 3291 til'ou
275 3234 447 3288 executerait
455 3233 481 3288 le
490 3252 552 3288 voeu
562 3253 612 3307 par
624 3234 715 3309 lequel
726 3234 767 3289 les
776 3235 952 3309 navigateure
964 3234 1090 3291 s'etaient
1103 3239 1251 3310 engagest

165 3323 250 3383 tttir
267 3342 325 3379 nne
345 3325 431 3400 eglise
443 3344 479 3381 en
495 3325 646 3381 l'honneur
666 3325 702 3381 de
714 3327 787 3383 saint
802 3326 927 3395 Nicolas,
940 3337 1003 3382 tout
1019 3328 1117 3400 expres
1128 3345 1201 3399 pour
1212 3325 1252 3381 les
1351 3352 1354 3364 ¹

165 3415 310 3473 mois.
322 3416 369 3470 Un
390 3415 480 3490 grand
497 3416 615 3472 nombre
631 3416 666 3471 dc
681 3417 806 3489 citoyeus
819 3416 855 3472 ‹le
871 3417 933 3473 Bari
947 3416 1053 3472 voulait
1065 3414 1180 3491 qu’elles
1192 3416 1251 3472 sus·

165 3513 238 3563 ut
248 3505 385 3579 porteesa
398 3504 608 3583 lapathedralc,
621 3504 900 3578 pourydemeurera
910 3505 1079 3578 perpetuite.
1093 3503 1169 3559 C'est
1180 3503 1253 3559 alors

165 3608 231 3669 qu
244 3589 337 3648 t’abbe·
352 3592 434 3648 lle'lie
450 3592 526 3647 offrit
540 3593 576 3647 de
592 3591 631 3648 les
640 3594 763 3647 receuoir
772 3593 1005 3665 provisoirement
1013 3590 1142 3647 (1111111011
1151 3590 1251 3665 eglise,

165 3700 208 3740 us
223 3681 373 3739 attendant
389 3701 445 3757 que
460 3682 486 3738 la
502 3684 631 3758 question
648 3684 684 3738 de
698 3683 761 3739 leur
774 3683 860 3757 depes
872 3681 997 3738 definitis
1004 3681 1047 3737 stit
1060 3681 1180 3738 resolue.
1195 3683 1252 3740 Son

168 3768 245 3828 effic
259 3770 305 3827 fut
322 3775 464 3845 acceptes,
481 3782 511 3827 et
525 3773 564 3827 les
580 3772 718 3847 reliques,
735 3774 846 3846 portees
860 3770 929 3826 daus
943 3770 1048 3845 l’eglise
1060 3770 1254 3829 saint-Beroit

171 3870 259 3919 avant
271 3851 298 3917 la
312 3863 350 3918 fin
363 3862 434 3918 dela
445 3863 579 3935 inemec,
592 3884 610 3937 y
626 3862 904 3937 resterentjusqu’au
920 3861 1011 3918 mardi
1025 3863 1122 3917 matio.

209 3950 251 4027 (3)
264 3953 374 4022 Urson,
392 3954 567 4030 archeveque
579 3952 614 4009 de
632 3954 695 4010 Bari
715 3964 744 4009 et
757 3952 793 4010 de
806 3954 912 4010 Cauosa
929 3953 1005 4026 (juin
1023 3951 1141 4029 ¹⁰7⁸·14
1153 3952 1254 4008 tenter·

183 4043 274 4120 1⁰89).

212 4135 252 4209 (4)
263 4136 366 4203 Trani,
377 4135 440 4190 ville
453 4135 686 4211 archiepiscopale
700 4138 740 4194 du
752 4155 885 4212 toyaume
896 4136 933 4194 de
946 4135 1060 4212 Naples,
1075 4154 1124 4192 eur
1136 4134 1255 4192 l’Adn'a·

180 4226 269 4302 tique,
284 4226 429 4302 t9tteues
442 4227 536 4284 tt-o.
551 4227 586 4284 de
600 4229 673 4284 Bari.
