2888 4934
190 385 297 464 [roos]
557 379 674 441 unua
695 379 880 441 ocravus.
940 451 944 459 ¹
1188 390 1246 451 an

139 512 145 525 '
188 508 342 615 nigredo
361 527 398 584 et
419 510 617 584 scintillans
635 510 726 609 ignis
744 511 782 585 in
799 512 847 585 eis
864 510 1065 588 videbatur.
1084 516 1251 595 Maximis

187 653 313 705 omnes
336 627 437 728 equis
462 624 682 716 insidebant,
711 642 748 701 et
772 627 940 703 omnibus
966 632 1075 704 armis
1100 637 1248 726 armati,

186 748 288 823 velut
300 745 345 820 ad
357 745 496 820 bellum
514 743 744 869 festinabant,
765 761 802 819 et
814 747 1009 847 nigerrima
1028 751 1156 824 vexilla
1170 777 1252 852 ges-

186 862 328 945 tabant·
348 862 403 937 lbi
419 860 592 937 Ricardns
612 877 648 937 et
665 861 877 953 Baldninus,
896 862 960 936 filii
978 863 1168 940 Gisleberti
1186 894 1252 942 co-

187 979 286 1059 mitis
297 979 371 1077 (r),
386 978 447 1080 qui
463 1004 578 1077 nuper
591 976 777 1068 obierant,
791 980 856 1052 visi
868 981 985 1071 luere5
1002 982 1110 1055 etalii
1124 983 1249 1075 multi,

186 1120 281 1200 quos
295 1121 369 1170 non
383 1120 527 1194 possum
550 1119 775 1169 enumerare.
793 1096 894 1171 luter
914 1096 1074 1197 reliquos
1094 1097 1252 1172 Landri-

187 1240 252 1289 cus
273 1213 320 1289 de
335 1211 515 1301 Orbecco,
539 1214 600 1314 qui
622 1211 748 1321 eodem
769 1239 865 1287 anno
889 1230 1096 1314 peremptus
1115 1215 1250 1307 suerat,

186 1331 439 1434 presbyterum
454 1331 588 1432 alloqui
607 1331 740 1431 coepit,
754 1332 859 1433 eique
871 1332 1064 1432 legationes
1078 1357 1157 1407 suas
1171 1333 1254 1409 hor·

188 1447 347 1521 ribiliter
374 1445 602 1522 vociferando
636 1446 832 1537 intimavit,
866 1475 906 1521 ac
931 1464 973 1521 ut
1002 1447 1167 1522 mandata
1192 1475 1253 1521 sua

187 1560 295 1637 uxori
307 1588 382 1640 suas
395 1561 564 1648 referret,
578 1585 806 1660 summopere
820 1563 975 1661 rogavit.
993 1554 1254 1664 subsequentes

186 1693 308 1750 antem
325 1692 453 1751 turrnae
462 1728 473 1763 ,
489 1691 526 1748 et
538 1702 621 1776 quae
636 1674 908 1775 praecedebant,
931 1675 1041 1750 verba
1055 1680 1128 1778 ejus
1142 1679 1254 1751 inter·

187 1792 391 1893 rumpendo
403 1792 658 1893 impediebant,
673 1791 953 1893 presbyteroque
962 1792 1130 1868 dicebant
1142 1822 1152 1865 ε
1164 1793 1257 1871 Noli

186 1912 335 1987 credam
344 1911 542 1997 Landrico,
560 1915 648 2012 quia
660 1913 824 1985 mandax
836 1930 902 1987 est.
917 1911 984 1984 llic
997 1909 1146 1985 Orbecci
1160 1911 1255 1985 vioc-

184 2054 307 2105 oomes
322 2045 360 2102 et
374 2026 568 2103 causidicus
584 2027 719 2117 suerat,
738 2042 776 2102 et
791 2028 885 2101 ultra
905 2028 1038 2101 natales
1052 2053 1134 2101 suos
1152 2027 1256 2127 inge-

186 2144 251 2218 nio
260 2160 296 2219 et
304 2142 684 2243 probitateadmodum
692 2157 914 2219 excreverat.
927 2143 968 2216 ln
977 2142 1130 2244 negotiis
1138 2157 1175 2217 ct
1182 2144 1256 2242 pla-

186 2258 267 2333 citis
279 2258 324 2333 ad
337 2258 482 2337 libitum
490 2256 691 2359 judicabat,
711 2274 747 2332 et
759 2284 829 2357 pro
842 2259 1049 2358 acceptione
1061 2283 1255 2333 munerum

181 2373 316 2473 judicia
339 2372 588 2473 pervertebat,
609 2357 794 2475 magisque
817 2371 1003 2473 cupiditati
1030 2389 1067 2448 et
1089 2372 1253 2462 falsitati,

184 2515 296 2592 qnam
309 2489 517 2565 rectitudini
534 2489 725 2565 serviebat.
744 2488 850 2565 Unde
868 2490 1057 2582 meritolin
1070 2490 1255 2590 suppliciis

184 2608 344 2708 nrpiter
363 2607 550 2683 devotatus
564 2624 635 2698 est,
658 2623 730 2681 eta
752 2606 989 2707 complicibus
1005 2603 1077 2680 siris
1099 2605 1254 2680 mendax

184 2724 371 2797 manifeste
382 2723 580 2823 appellatus
591 2739 657 2797 est.
674 2726 717 2797 ln
730 2723 799 2797 hoc
811 2724 975 2796 examine
992 2721 1113 2795 nullus
1129 2722 1162 2795 ei
1174 2720 1256 2794 adu·

184 2836 342 2927 labatur,
367 2864 434 2911 nec
455 2839 637 2939 ingeniosa
657 2837 872 2938 loquacitate
888 2863 949 2909 sua
971 2836 1004 2909 ei
1022 2835 1151 2937 aliquis
1171 2860 1254 2935 pre·

184 2950 349 3055 orbatur.
369 2953 525 3044 Verum,
543 2954 625 3054 qnia
638 2952 726 3026 dum
738 2968 881 3054 poterat
893 2977 997 3027 aures
1011 2978 1089 3027 suas
1110 2950 1156 3026 ad
1175 2953 1254 3027 cla-

183 3095 304 3144 mores
328 3073 495 3170 pauperis
513 3071 686 3147 obturare
710 3072 835 3146 solitus
859 3088 930 3163 ost,
957 3099 1055 3148 nnnc
1071 3088 1192 3146 autem
1215 3074 1252 3144 in

183 3187 390 3276 tormentis,
408 3205 450 3260 nt
461 3189 684 3278 execrabilis,
698 3187 823 3263 auditu
836 3189 1018 3288 indignus,
1033 3190 1186 3265 omniuo
1193 3191 1253 3288 ju-

183 3302 321 3376 dicatus
335 3319 399 3378 est.
416 3304 671 3378 Gualchelmns
687 3322 825 3395 antem,
846 3323 1036 3406 postquam
1052 3305 1251 3378 multorum

183 3420 342 3494 militum
364 3423 488 3521 ingens
509 3421 638 3496 cohors
658 3424 885 3521 pertransiit,
910 3424 1004 3497 intra
1023 3421 1251 3518 semetipsum

183 3532 236 3609 sic
245 3536 406 3634 cogitare
416 3539 529 3635 coepit
544 3567 553 3608 ε
571 3540 748 3611 Hoecsine
760 3537 1029 3636 dubiojizmilia
1041 3533 1253 3607 Herlecln'ni

183 3667 238 3725 est
250 3653 327 3749 (2);
348 3679 373 3724 a
396 3642 518 3725 niriltis
543 3680 624 3726 eam
644 3654 731 3727 olim
752 3659 870 3728 visam
887 3654 1033 3738 nndr'vi,·
1048 3652 1117 3725 sed
1131 3655 1249 3723 incre-

188 3849 424 3860 ——n-——-

216 3966 257 4036 (ι)
269 3963 394 4021 Richard
407 3965 443 4021 de
455 3967 590 4022 Bienlaitc
602 3977 631 4022 et
646 3966 790 4023 Bandonin
801 3966 837 4021 de
852 3965 971 4033 Meules,
987 3965 1029 4021 fils
1042 3966 1077 4021 dc
1091 3965 1245 4033 Gislehert,

181 4064 275 4110 comte
286 4055 321 4110 de
334 4056 465 4111 Briouue.

217 4144 257 4214 (a)
277 4144 351 4200 C’est
371 4165 402 4200 ce
423 4147 506 4219 qu'on
527 4146 633 4219 appelle
655 4164 755 4201 encore
775 4146 844 4201 dans
861 4166 910 4203 uos
930 4163 1093 4220 campagnes
1110 4145 1136 4200 la
1154 4146 1248 4200 chasse
