2888 4934
191 398 340 472 [rmum
355 395 448 471 1097]
585 391 702 452 isses
724 351 861 450 sorus.
1195 389 1256 450 sor

191 532 311 612 testis,
336 526 375 595 in
393 527 457 596 oia
477 520 594 618 gelidi
614 550 640 595 a
656 518 914 595 consodalibus
939 517 1053 591 relicti
1069 535 1164 590 sunt.
1183 518 1258 592 His

191 648 245 714 ita
256 643 437 742 peractis,
457 642 496 711 in
515 642 677 714 tentoriis
700 663 979 740 commoramur,
1002 634 1259 736 auxiliumque

189 776 349 830 oestrum
372 774 406 830 et
423 756 612 830 consilium
634 755 894 857 praetolamur
899 788 916 842 ,·
934 780 1024 853 quos
1041 752 1163 826 adbuc
1185 779 1259 827 non

189 874 308 948 hostes
314 930 328 963 ,
346 873 415 946 sed
430 874 611 973 legitimos
629 874 804 972 hospites,
826 874 1057 945 arbitramur.

238 992 324 1066 Hoec
338 1007 373 1064 et
391 989 446 1063 his
462 992 593 1064 similia
612 990 744 1065 Tobios
760 1006 800 1064 ut
816 988 969 1080 audivit,
986 988 1124 1064 vicinos
1141 1002 1258 1062 astan-

190 1126 242 1181 tes
261 1134 423 1182 seorsum
440 1110 583 1198 ascivit,
602 1125 639 1183 et
655 1109 758 1183 brevi
776 1135 858 1180 usus
882 1107 1083 1207 colloquio,
1102 1105 1258 1180 Francos

189 1228 263 1298 cito
277 1226 439 1324 repetiit.
454 1227 541 1302 Non
558 1226 699 1317 multis,
720 1227 857 1326 inquit,
877 1251 968 1325 opus
984 1241 1037 1297 est
1048 1223 1185 1313 verbis,
1206 1225 1259 1297 in·

189 1343 277 1440 clyti
288 1344 419 1416 milites
424 1371 437 1429 ;
449 1345 602 1444 pacifici
612 1370 710 1417 nunc
723 1360 912 1443 expectate
925 1369 990 1415 nos
1002 1341 1079 1431 bic,
1095 1340 1260 1415 obsecra·

188 1486 290 1549 mus,
325 1476 360 1531 et
388 1488 455 1533 nos
485 1463 523 1533 in
557 1460 643 1533 urbe
673 1477 827 1533 oestrum
855 1461 1036 1558 negotium
1067 1455 1261 1531 salubriter

188 1577 454 1651 exercebimus.
482 1579 546 1650 His
575 1581 621 1650 ito
650 1577 753 1652 dictis
784 1595 821 1652 et
855 1577 1027 1678 utrinque
1060 1575 1258 1667 concessis,

188 1691 294 1789 legati
316 1691 445 1764 urbem
476 1694 725 1783 intraverunt,
749 1709 786 1766 et
811 1693 1036 1768 convicaneis
1060 1692 1150 1780 suis,
1170 1688 1258 1791 quid

186 1806 367 1879 audierint
383 1809 438 1881 vel
465 1810 699 1909 agitaverint,
724 1809 980 1883 disseruerunt.
1000 1806 1131 1880 Audita
1155 1832 1259 1879 com-

188 1924 346 1995 muniter
369 1923 626 2015 laudaverunt,
644 1941 800 2025 quatuor
814 1926 1006 2024 primarios
1029 1927 1067 1997 in
1084 1925 1257 2024 palatium

185 2037 285 2111 ducis
317 2043 590 2137 praemiserunt,
617 2057 654 2114 et
685 2041 752 2142 ipsi
785 2041 1005 2140 pedetentim
1037 2068 1120 2114 cum
1147 2041 1256 2114 armis

187 2158 367 2252 prosecuti
384 2174 481 2230 sunt.
503 2158 678 2232 Severum
690 2157 838 2246 ducem,
860 2159 897 2231 in
918 2158 998 2232 aula
1011 2158 1183 2257 privatim
1200 2183 1257 2232 se-

186 2271 350 2363 dentem,
376 2276 612 2367 invenerunt,
639 2302 794 2377 eumque
813 2292 971 2377 quatuor
989 2276 1129 2375 priores
1150 2301 1255 2350 more

186 2391 292 2464 solito
310 2391 521 2484 salutantes,
538 2392 711 2468 dixerunt
731 2398 898 2495 :Ingenti
914 2395 1067 2469 consilio
1081 2421 1180 2468 nunc
1196 2401 1255 2468 in-

185 2508 352 2605 digemus
360 2568 373 2600 ,
390 2512 480 2610 quio
493 2538 593 2586 nunc
606 2512 725 2586 hostes
737 2513 851 2585 ualde
863 2514 1044 2600 timemus,
1059 2540 1149 2613 quos
1161 2512 1254 2587 ltac-

185 2624 393 2716 tenusfidos
408 2625 596 2726 adjutores
615 2626 824 2700 babuimus.
842 2629 982 2699 Franci
994 2654 1061 2700 nos
1074 2628 1257 2703 audacter

184 2741 370 2831 obsident,
390 2759 424 2815 et
441 2749 662 2844 impugnare
680 2773 747 2820 nos
764 2749 940 2819 atrociter
954 2745 1097 2817 ardent.
1116 2748 1256 2820 Prodi-

184 2875 276 2931 tores
300 2886 368 2932 nos
395 2861 606 2962 appellant,
625 2878 734 2964 atque
749 2861 804 2934 ad
820 2861 1004 2964 judicium
1023 2863 1190 2936 invitant.
1214 2869 1253 2939 A

183 2976 481 3050 commilitonibus
499 2981 595 3068 suis,
615 2979 663 3051 de
680 2978 803 3054 ltostili
818 2996 913 3052 terra
928 2978 1018 3051 dum
1031 2997 1252 3074 remearent,

183 3092 313 3165 dicunt
325 3120 365 3166 se
378 3121 454 3168 esse
463 3096 645 3196 proditos,
659 3115 693 3172 et
705 3125 731 3170 a
745 3099 856 3171 sociis
870 3098 1069 3170 immanius
1082 3123 1194 3197 quam
1202 3099 1252 3173 ab

183 3208 344 3284 hostibus
359 3212 484 3286 lassos.
503 3214 608 3287 Unde
620 3215 696 3288 nisi
710 3213 962 3289 rectitudinem
976 3217 1030 3287 eis
1029 3212 1250 3313 fecerimus,

156 3410 159 3415 ι
183 3328 292 3400 minis
306 3354 374 3401 nos
392 3345 525 3402 terrent
539 3331 777 3421 terribilibus,
795 3330 897 3432 quod
912 3348 1038 3404 contra
1048 3357 1117 3404 nos
1129 3331 1251 3405 addu-

184 3461 264 3517 cent
288 3473 410 3521 omnes
438 3450 568 3550 copias
600 3449 795 3523 christiani
819 3451 1012 3522 exercitus.
1046 3451 1254 3523 Prudenter

184 3561 299 3658 igitur
320 3581 353 3636 et
381 3564 516 3639 utiliter
541 3566 777 3639 tractandum
793 3581 866 3654 cst,
885 3593 930 3638 ne
946 3592 1165 3666 pereamus,
1182 3594 1254 3643 nec

183 3677 319 3773 injuste
336 3679 375 3749 in
397 3706 461 3752 nos
486 3681 750 3755 intolerabilem
779 3680 1065 3754 Christianorum
1077 3680 1249 3778 furorem

177 3819 429 3892 provocemus.
457 3798 622 3872 Proditio
645 3803 716 3872 ista
743 3798 845 3872 nobis
872 3800 1123 3899 ignorantibus
1131 3798 1249 3900 facta

182 3927 251 4001 est,
276 3912 506 4015 celeriterque
528 3933 668 3990 tantum
687 3916 793 4018 nefas
806 3917 1034 4018 puniendum
1057 3937 1122 3992 est.
1144 3920 1253 3996 Unde

183 4031 369 4101 communi
388 4033 523 4106 civium
546 4036 725 4116 sententia
743 4050 910 4108 censetur
931 4052 969 4108 ut
989 4036 1095 4137 infidi
1112 4037 1249 4138 prodi-

185 4162 277 4222 tores
295 4149 500 4224 secundum
514 4156 659 4252 priscas
685 4152 780 4253 leges
804 4154 1196 4256 atrociterpuniontur,
1214 4171 1248 4230 et
