<?xml version="1.0" encoding="UTF-8"?>
<!DOCTYPE html PUBLIC "-//W3C//DTD XHTML 1.0 Transitional//EN"
    "http://www.w3.org/TR/xhtml1/DTD/xhtml1-transitional.dtd">
<html xmlns="http://www.w3.org/1999/xhtml" xml:lang="en" lang="en">
 <head>
  <title>
</title>
<meta http-equiv="Content-Type" content="text/html;charset=utf-8" />
  <meta name='ocr-system' content='tesseract 3.04.00' />
  <meta name='ocr-capabilities' content='ocr_page ocr_carea ocr_par ocr_line ocrx_word'/>
</head>
<body>
  <div class='ocr_page' id='page_1' title='image "./ordericivitalis05deligoog_0064.png"; bbox 0 0 2888 4934; ppageno 0'>
   <div class='ocr_carea' id='block_1_1' title="bbox 184 446 1243 527">
    <p class='ocr_par' dir='ltr' id='par_1_1' title="bbox 184 446 1243 527">
     <span class='ocr_line' id='line_1_1' title="bbox 184 446 1243 527; baseline -0.005 -18"><span class='ocrx_word' id='word_1_1' title='bbox 184 455 275 527; x_wconf 61' lang='grc' dir='ltr'><strong>[ιω</strong></span> <span class='ocrx_word' id='word_1_2' title='bbox 292 450 365 527; x_wconf 81' lang='lat' dir='ltr'><strong>sao]</strong></span> <span class='ocrx_word' id='word_1_3' title='bbox 571 446 685 506; x_wconf 77' lang='lat' dir='ltr'><strong>trata</strong></span> <span class='ocrx_word' id='word_1_4' title='bbox 707 446 863 506; x_wconf 76' lang='lat' dir='ltr'><strong>sextos,</strong></span> <span class='ocrx_word' id='word_1_5' title='bbox 1204 448 1243 505; x_wconf 81' lang='lat' dir='ltr'><strong>ss</strong></span> 
     </span>
    </p>
   </div>
   <div class='ocr_carea' id='block_1_2' title="bbox 184 575 1250 2423">
    <p class='ocr_par' dir='ltr' id='par_1_2' title="bbox 184 575 1250 2190">
     <span class='ocr_line' id='line_1_2' title="bbox 185 575 1246 676; baseline 0 -29"><span class='ocrx_word' id='word_1_6' title='bbox 185 597 360 676; x_wconf 80' lang='lat' dir='ltr'><strong>sequatur</strong></span> <span class='ocrx_word' id='word_1_7' title='bbox 371 604 426 650; x_wconf 89' lang='lat' dir='ltr'><strong>me</strong></span> <span class='ocrx_word' id='word_1_8' title='bbox 441 580 456 672; x_wconf 88' lang='lat'><strong>(</strong></span> <span class='ocrx_word' id='word_1_9' title='bbox 481 577 507 669; x_wconf 63' lang='lat' dir='ltr'><strong>i!</strong></span> <span class='ocrx_word' id='word_1_10' title='bbox 518 579 576 676; x_wconf 81' lang='lat' dir='ltr'><strong>(a)</strong></span> <span class='ocrx_word' id='word_1_11' title='bbox 588 575 681 648; x_wconf 86' lang='lat' dir='ltr'><strong>lttud</strong></span> <span class='ocrx_word' id='word_1_12' title='bbox 693 576 800 648; x_wconf 89' lang='lat' dir='ltr'><strong>etiam</strong></span> <span class='ocrx_word' id='word_1_13' title='bbox 813 575 855 647; x_wconf 88' lang='lat' dir='ltr'><strong>ad</strong></span> <span class='ocrx_word' id='word_1_14' title='bbox 866 577 1048 648; x_wconf 86' lang='lat' dir='ltr'><strong>cumulum</strong></span> <span class='ocrx_word' id='word_1_15' title='bbox 1062 575 1246 672; x_wconf 76' lang='lat' dir='ltr'><strong>perfectio-</strong></span> 
     </span>
     <span class='ocr_line' id='line_1_3' title="bbox 184 692 1246 792; baseline -0.001 -26"><span class='ocrx_word' id='word_1_16' title='bbox 184 696 242 766; x_wconf 86' lang='lat' dir='ltr'><strong>nis</strong></span> <span class='ocrx_word' id='word_1_17' title='bbox 258 696 316 767; x_wconf 81' lang='lat' dir='ltr'><strong>vir</strong></span> <span class='ocrx_word' id='word_1_18' title='bbox 332 695 395 767; x_wconf 87' lang='lat' dir='ltr'><strong>Dei</strong></span> <span class='ocrx_word' id='word_1_19' title='bbox 413 696 493 766; x_wconf 86' lang='lat' dir='ltr'><strong>aitae</strong></span> <span class='ocrx_word' id='word_1_20' title='bbox 510 694 694 766; x_wconf 80' lang='lat' dir='ltr'><strong>memoriae</strong></span> <span class='ocrx_word' id='word_1_21' title='bbox 711 692 936 784; x_wconf 80' lang='lat' dir='ltr'><strong>condiderat,</strong></span> <span class='ocrx_word' id='word_1_22' title='bbox 955 692 1051 792; x_wconf 90' lang='lat' dir='ltr'><strong>quod</strong></span> <span class='ocrx_word' id='word_1_23' title='bbox 1068 694 1139 791; x_wconf 88' lang='lat' dir='ltr'><strong>ipsa</strong></span> <span class='ocrx_word' id='word_1_24' title='bbox 1157 718 1246 765; x_wconf 93' lang='lat' dir='ltr'><strong>con·</strong></span> 
     </span>
     <span class='ocr_line' id='line_1_4' title="bbox 186 808 1246 908; baseline 0 -26"><span class='ocrx_word' id='word_1_25' title='bbox 186 808 557 908; x_wconf 82' lang='lat' dir='ltr'><strong>temptoribusmundi</strong></span> <span class='ocrx_word' id='word_1_26' title='bbox 568 809 759 908; x_wconf 80' lang='lat' dir='ltr'><strong>pollicetur</strong></span> <span class='ocrx_word' id='word_1_27' title='bbox 768 810 896 880; x_wconf 87' lang='lat' dir='ltr'><strong>veritas</strong></span> <span class='ocrx_word' id='word_1_28' title='bbox 907 812 1041 881; x_wconf 87' lang='lat' dir='ltr'><strong>:Amen</strong></span> <span class='ocrx_word' id='word_1_29' title='bbox 1050 809 1134 881; x_wconf 84' lang='lat' dir='ltr'><strong>dico</strong></span> <span class='ocrx_word' id='word_1_30' title='bbox 1141 809 1246 882; x_wconf 84' lang='lat' dir='ltr'><strong>vobis</strong></span> 
     </span>
     <span class='ocr_line' id='line_1_5' title="bbox 186 925 1247 1026; baseline 0.001 -30"><span class='ocrx_word' id='word_1_31' title='bbox 186 926 288 1024; x_wconf 82' lang='lat' dir='ltr'><strong>quod</strong></span> <span class='ocrx_word' id='word_1_32' title='bbox 298 953 373 1014; x_wconf 79' lang='lat' dir='ltr'><strong>cos,</strong></span> <span class='ocrx_word' id='word_1_33' title='bbox 387 930 454 1024; x_wconf 82' lang='lat' dir='ltr'><strong>qui</strong></span> <span class='ocrx_word' id='word_1_34' title='bbox 462 943 613 1026; x_wconf 80' lang='lat' dir='ltr'><strong>propter</strong></span> <span class='ocrx_word' id='word_1_35' title='bbox 620 952 677 996; x_wconf 87' lang='lat' dir='ltr'><strong>me</strong></span> <span class='ocrx_word' id='word_1_36' title='bbox 688 925 880 1023; x_wconf 78' lang='lat' dir='ltr'><em>reliquistis</em></span> <span class='ocrx_word' id='word_1_37' title='bbox 891 928 1011 997; x_wconf 82' lang='lat' dir='ltr'><strong>omnia</strong></span> <span class='ocrx_word' id='word_1_38' title='bbox 1014 983 1026 1015; x_wconf 95' lang='lat'><em>,</em></span> <span class='ocrx_word' id='word_1_39' title='bbox 1042 926 1247 1025; x_wconf 81' lang='lat' dir='ltr'><strong>centuplam</strong></span> 
     </span>
     <span class='ocr_line' id='line_1_6' title="bbox 184 1042 1248 1143; baseline 0.001 -29"><span class='ocrx_word' id='word_1_40' title='bbox 184 1045 388 1142; x_wconf 78' lang='lat' dir='ltr'><em>accipietis,</em></span> <span class='ocrx_word' id='word_1_41' title='bbox 400 1062 436 1114; x_wconf 87' lang='lat' dir='ltr'><strong>et</strong></span> <span class='ocrx_word' id='word_1_42' title='bbox 446 1052 560 1114; x_wconf 79' lang='lat' dir='ltr'><strong>vitam</strong></span> <span class='ocrx_word' id='word_1_43' title='bbox 573 1059 742 1114; x_wconf 72' lang='lat' dir='ltr'><strong>&lt;eternam</strong></span> <span class='ocrx_word' id='word_1_44' title='bbox 753 1044 983 1143; x_wconf 84' lang='lat' dir='ltr'><strong>possidebitis</strong></span> <span class='ocrx_word' id='word_1_45' title='bbox 995 1044 1063 1140; x_wconf 80' lang='lat'><strong>(5).</strong></span> <span class='ocrx_word' id='word_1_46' title='bbox 1080 1043 1135 1140; x_wconf 73' lang='grc'><strong>(4)</strong></span> <span class='ocrx_word' id='word_1_47' title='bbox 1147 1042 1248 1115; x_wconf 86' lang='lat' dir='ltr'><strong>Veri·</strong></span> 
     </span>
     <span class='ocr_line' id='line_1_7' title="bbox 185 1157 1248 1257; baseline 0.001 -29"><span class='ocrx_word' id='word_1_48' title='bbox 185 1158 273 1230; x_wconf 86' lang='lat' dir='ltr'><strong>dicis</strong></span> <span class='ocrx_word' id='word_1_49' title='bbox 294 1158 404 1256; x_wconf 76' lang='lat' dir='ltr'><strong>igitur</strong></span> <span class='ocrx_word' id='word_1_50' title='bbox 420 1183 585 1230; x_wconf 91' lang='lat' dir='ltr'><strong>accensus</strong></span> <span class='ocrx_word' id='word_1_51' title='bbox 601 1159 801 1255; x_wconf 82' lang='lat' dir='ltr'><strong>promissis,</strong></span> <span class='ocrx_word' id='word_1_52' title='bbox 824 1157 935 1257; x_wconf 89' lang='lat' dir='ltr'><strong>(quod</strong></span> <span class='ocrx_word' id='word_1_53' title='bbox 953 1174 1055 1230; x_wconf 90' lang='lat' dir='ltr'><strong>antea</strong></span> <span class='ocrx_word' id='word_1_54' title='bbox 1073 1185 1153 1230; x_wconf 88' lang='lat' dir='ltr'><strong>cum</strong></span> <span class='ocrx_word' id='word_1_55' title='bbox 1171 1157 1248 1229; x_wconf 91' lang='lat' dir='ltr'><strong>dis-</strong></span> 
     </span>
     <span class='ocr_line' id='line_1_8' title="bbox 186 1272 1248 1374; baseline 0 -29"><span class='ocrx_word' id='word_1_56' title='bbox 186 1274 346 1346; x_wconf 80' lang='lat' dir='ltr'><strong>cretione</strong></span> <span class='ocrx_word' id='word_1_57' title='bbox 372 1275 524 1369; x_wconf 78' lang='lat' dir='ltr'><strong>iecerat)</strong></span> <span class='ocrx_word' id='word_1_58' title='bbox 545 1275 635 1345; x_wconf 81' lang='lat' dir='ltr'><strong>sacta</strong></span> <span class='ocrx_word' id='word_1_59' title='bbox 658 1272 887 1347; x_wconf 78' lang='lat' dir='ltr'><strong>distractione</strong></span> <span class='ocrx_word' id='word_1_60' title='bbox 909 1300 1050 1360; x_wconf 84' lang='lat' dir='ltr'><strong>rerum,</strong></span> <span class='ocrx_word' id='word_1_61' title='bbox 1074 1273 1248 1374; x_wconf 88' lang='lat' dir='ltr'><strong>quidquid</strong></span> 
     </span>
     <span class='ocr_line' id='line_1_9' title="bbox 188 1389 1247 1491; baseline 0.002 -29"><span class='ocrx_word' id='word_1_62' title='bbox 188 1390 319 1463; x_wconf 87' lang='lat' dir='ltr'><strong>habere</strong></span> <span class='ocrx_word' id='word_1_63' title='bbox 345 1392 481 1489; x_wconf 88' lang='lat' dir='ltr'><strong>potuit,</strong></span> <span class='ocrx_word' id='word_1_64' title='bbox 500 1389 715 1488; x_wconf 85' lang='lat' dir='ltr'><strong>pauperibus</strong></span> <span class='ocrx_word' id='word_1_65' title='bbox 736 1408 872 1491; x_wconf 78' lang='lat' dir='ltr'><strong>erogat.</strong></span> <span class='ocrx_word' id='word_1_66' title='bbox 901 1392 1115 1490; x_wconf 82' lang='lat' dir='ltr'><strong>Conjugem‚</strong></span> <span class='ocrx_word' id='word_1_67' title='bbox 1141 1417 1247 1489; x_wconf 84' lang='lat' dir='ltr'><strong>quarn</strong></span> 
     </span>
     <span class='ocr_line' id='line_1_10' title="bbox 190 1507 1248 1607; baseline -0.001 -27"><span class='ocrx_word' id='word_1_68' title='bbox 190 1525 229 1580; x_wconf 85' lang='lat' dir='ltr'><strong>nt</strong></span> <span class='ocrx_word' id='word_1_69' title='bbox 253 1510 364 1607; x_wconf 90' lang='lat' dir='ltr'><strong>patris</strong></span> <span class='ocrx_word' id='word_1_70' title='bbox 392 1534 524 1581; x_wconf 89' lang='lat' dir='ltr'><strong>nomen</strong></span> <span class='ocrx_word' id='word_1_71' title='bbox 551 1507 698 1580; x_wconf 89' lang='lat' dir='ltr'><strong>haberet</strong></span> <span class='ocrx_word' id='word_1_72' title='bbox 722 1524 920 1605; x_wconf 85' lang='lat' dir='ltr'><strong>acceperat,</strong></span> <span class='ocrx_word' id='word_1_73' title='bbox 948 1534 1049 1581; x_wconf 88' lang='lat' dir='ltr'><strong>sacro</strong></span> <span class='ocrx_word' id='word_1_74' title='bbox 1072 1508 1248 1581; x_wconf 82' lang='lat' dir='ltr'><strong>velamine</strong></span> 
     </span>
     <span class='ocr_line' id='line_1_11' title="bbox 188 1624 1249 1724; baseline -0.002 -26"><span class='ocrx_word' id='word_1_75' title='bbox 188 1650 412 1714; x_wconf 88' lang='lat' dir='ltr'><strong>consecrans,</strong></span> <span class='ocrx_word' id='word_1_76' title='bbox 429 1626 565 1698; x_wconf 87' lang='lat' dir='ltr'><strong>coelesti</strong></span> <span class='ocrx_word' id='word_1_77' title='bbox 582 1650 712 1722; x_wconf 84' lang='lat' dir='ltr'><strong>sponso</strong></span> <span class='ocrx_word' id='word_1_78' title='bbox 726 1624 954 1698; x_wconf 82' lang='lat' dir='ltr'><strong>condonavit.</strong></span> <span class='ocrx_word' id='word_1_79' title='bbox 972 1627 1062 1722; x_wconf 88' lang='lat' dir='ltr'><strong>lpse,</strong></span> <span class='ocrx_word' id='word_1_80' title='bbox 1080 1640 1249 1724; x_wconf 88' lang='lat' dir='ltr'><strong>tanquam</strong></span> 
     </span>
     <span class='ocr_line' id='line_1_12' title="bbox 189 1739 1250 1840; baseline -0.001 -27"><span class='ocrx_word' id='word_1_81' title='bbox 189 1742 326 1838; x_wconf 85' lang='lat' dir='ltr'><strong>elapsus</strong></span> <span class='ocrx_word' id='word_1_82' title='bbox 342 1769 359 1812; x_wconf 93' lang='lat' dir='ltr'><strong>a</strong></span> <span class='ocrx_word' id='word_1_83' title='bbox 378 1739 581 1840; x_wconf 78' lang='lat' dir='ltr'><strong>naufragio,</strong></span> <span class='ocrx_word' id='word_1_84' title='bbox 598 1740 640 1811; x_wconf 89' lang='lat' dir='ltr'><strong>ad</strong></span> <span class='ocrx_word' id='word_1_85' title='bbox 655 1742 907 1813; x_wconf 88' lang='lat' dir='ltr'><strong>monasterinm</strong></span> <span class='ocrx_word' id='word_1_86' title='bbox 924 1741 1118 1827; x_wconf 76' lang='lat' dir='ltr'><strong>festinavit,</strong></span> <span class='ocrx_word' id='word_1_87' title='bbox 1135 1756 1170 1812; x_wconf 90' lang='lat' dir='ltr'><strong>et</strong></span> <span class='ocrx_word' id='word_1_88' title='bbox 1182 1743 1250 1812; x_wconf 82' lang='lat' dir='ltr'><strong>iac-</strong></span> 
     </span>
     <span class='ocr_line' id='line_1_13' title="bbox 189 1856 1250 1943; baseline 0.002 -15"><span class='ocrx_word' id='word_1_89' title='bbox 189 1875 244 1929; x_wconf 88' lang='lat' dir='ltr'><strong>tos</strong></span> <span class='ocrx_word' id='word_1_90' title='bbox 258 1858 471 1943; x_wconf 89' lang='lat' dir='ltr'><strong>monachus,</strong></span> <span class='ocrx_word' id='word_1_91' title='bbox 491 1860 622 1930; x_wconf 90' lang='lat' dir='ltr'><strong>mansit</strong></span> <span class='ocrx_word' id='word_1_92' title='bbox 638 1856 686 1930; x_wconf 91' lang='lat' dir='ltr'><strong>ibi</strong></span> <span class='ocrx_word' id='word_1_93' title='bbox 707 1859 743 1929; x_wconf 92' lang='lat' dir='ltr'><strong>in</strong></span> <span class='ocrx_word' id='word_1_94' title='bbox 761 1859 859 1930; x_wconf 92' lang='lat' dir='ltr'><strong>omni</strong></span> <span class='ocrx_word' id='word_1_95' title='bbox 879 1858 1077 1931; x_wconf 78' lang='lat' dir='ltr'><strong>humilitate</strong></span> <span class='ocrx_word' id='word_1_96' title='bbox 1095 1860 1250 1931; x_wconf 73' lang='lat' dir='ltr'><strong>seiaiens</strong></span> 
     </span>
     <span class='ocr_line' id='line_1_14' title="bbox 187 1974 1250 2076; baseline 0 -30"><span class='ocrx_word' id='word_1_97' title='bbox 187 1977 264 2048; x_wconf 86' lang='lat' dir='ltr'><strong>Deo</strong></span> <span class='ocrx_word' id='word_1_98' title='bbox 281 2001 346 2074; x_wconf 88' lang='lat' dir='ltr'><strong>per</strong></span> <span class='ocrx_word' id='word_1_99' title='bbox 365 1975 510 2075; x_wconf 88' lang='lat' dir='ltr'>aliquod</span> <span class='ocrx_word' id='word_1_100' title='bbox 528 1993 686 2073; x_wconf 76' lang='lat' dir='ltr'><strong>tempus3</strong></span> <span class='ocrx_word' id='word_1_101' title='bbox 710 1974 1001 2076; x_wconf 82' lang='lat' dir='ltr'><strong>excrescebatque</strong></span> <span class='ocrx_word' id='word_1_102' title='bbox 1020 1976 1056 2048; x_wconf 90' lang='lat' dir='ltr'><strong>in</strong></span> <span class='ocrx_word' id='word_1_103' title='bbox 1074 2001 1117 2048; x_wconf 93' lang='lat' dir='ltr'><strong>eo</strong></span> <span class='ocrx_word' id='word_1_104' title='bbox 1138 1977 1250 2075; x_wconf 79' lang='lat' dir='ltr'><strong>magis</strong></span> 
     </span>
     <span class='ocr_line' id='line_1_15' title="bbox 187 2091 955 2190; baseline -0.005 -26"><span class='ocrx_word' id='word_1_105' title='bbox 187 2094 299 2190; x_wconf 82' lang='lat' dir='ltr'><strong>magis</strong></span> <span class='ocrx_word' id='word_1_106' title='bbox 316 2109 445 2167; x_wconf 86' lang='lat' dir='ltr'><strong>sanctae</strong></span> <span class='ocrx_word' id='word_1_107' title='bbox 464 2094 742 2166; x_wconf 87' lang='lat' dir='ltr'><strong>conversationis</strong></span> <span class='ocrx_word' id='word_1_108' title='bbox 757 2091 914 2164; x_wconf 76' lang='lat' dir='ltr'><strong>affectus.</strong></span> <span class='ocrx_word' id='word_1_109' title='bbox 938 2123 955 2161; x_wconf 78' lang='grc' dir='ltr'><strong>ι)</strong></span> 
     </span>
    </p>

    <p class='ocr_par' dir='ltr' id='par_1_3' title="bbox 186 2207 1249 2423">
     <span class='ocr_line' id='line_1_16' title="bbox 235 2207 1248 2306; baseline 0 -28"><span class='ocrx_word' id='word_1_110' title='bbox 235 2208 385 2280; x_wconf 84' lang='lat' dir='ltr'><strong>Relator</strong></span> <span class='ocrx_word' id='word_1_111' title='bbox 411 2209 494 2279; x_wconf 88' lang='lat' dir='ltr'><strong>vitae</strong></span> <span class='ocrx_word' id='word_1_112' title='bbox 517 2208 793 2293; x_wconf 86' lang='lat' dir='ltr'><strong>monasterium,</strong></span> <span class='ocrx_word' id='word_1_113' title='bbox 816 2207 860 2279; x_wconf 89' lang='lat' dir='ltr'><strong>ad</strong></span> <span class='ocrx_word' id='word_1_114' title='bbox 886 2207 983 2306; x_wconf 92' lang='lat' dir='ltr'><strong>quod</strong></span> <span class='ocrx_word' id='word_1_115' title='bbox 1003 2207 1169 2306; x_wconf 83' lang='lat' dir='ltr'><strong>praesatus</strong></span> <span class='ocrx_word' id='word_1_116' title='bbox 1192 2208 1248 2278; x_wconf 87' lang='lat' dir='ltr'><strong>vir</strong></span> 
     </span>
     <span class='ocr_line' id='line_1_17' title="bbox 186 2323 1249 2423; baseline -0.001 -26"><span class='ocrx_word' id='word_1_117' title='bbox 186 2326 366 2422; x_wconf 77' lang='lat' dir='ltr'><strong>confugit,</strong></span> <span class='ocrx_word' id='word_1_118' title='bbox 385 2325 535 2421; x_wconf 88' lang='lat' dir='ltr'><strong>proprio</strong></span> <span class='ocrx_word' id='word_1_119' title='bbox 551 2325 697 2397; x_wconf 89' lang='lat' dir='ltr'><strong>nominc</strong></span> <span class='ocrx_word' id='word_1_120' title='bbox 715 2323 818 2396; x_wconf 88' lang='lat' dir='ltr'><strong>nobis</strong></span> <span class='ocrx_word' id='word_1_121' title='bbox 838 2351 911 2397; x_wconf 92' lang='lat' dir='ltr'><strong>non</strong></span> <span class='ocrx_word' id='word_1_122' title='bbox 928 2323 1126 2423; x_wconf 80' lang='lat' dir='ltr'>distinguit.</span> <span class='ocrx_word' id='word_1_123' title='bbox 1145 2323 1249 2396; x_wconf 88' lang='lat' dir='ltr'><strong>Unde</strong></span> 
     </span>
    </p>
   </div>
   <div class='ocr_carea' id='block_1_3' title="bbox 183 2437 1248 3003">
    <p class='ocr_par' dir='ltr' id='par_1_4' title="bbox 183 2437 1248 3003">
     <span class='ocr_line' id='line_1_18' title="bbox 187 2437 1248 2539; baseline 0.003 -30"><span class='ocrx_word' id='word_1_124' title='bbox 187 2437 284 2538; x_wconf 92' lang='lat' dir='ltr'><strong>quod</strong></span> <span class='ocrx_word' id='word_1_125' title='bbox 298 2437 343 2511; x_wconf 90' lang='lat' dir='ltr'><strong>de</strong></span> <span class='ocrx_word' id='word_1_126' title='bbox 357 2437 424 2512; x_wconf 90' lang='lat' dir='ltr'><strong>boc</strong></span> <span class='ocrx_word' id='word_1_127' title='bbox 436 2439 615 2532; x_wconf 83' lang='lat' dir='ltr'><strong>seniorum</strong></span> <span class='ocrx_word' id='word_1_128' title='bbox 634 2440 839 2512; x_wconf 84' lang='lat' dir='ltr'><strong>narratione</strong></span> <span class='ocrx_word' id='word_1_129' title='bbox 851 2437 976 2527; x_wconf 88' lang='lat' dir='ltr'><strong>didici,</strong></span> <span class='ocrx_word' id='word_1_130' title='bbox 992 2438 1142 2539; x_wconf 82' lang='lat' dir='ltr'><strong>dignum</strong></span> <span class='ocrx_word' id='word_1_131' title='bbox 1155 2437 1248 2512; x_wconf 87' lang='lat' dir='ltr'><strong>duco</strong></span> 
     </span>
     <span class='ocr_line' id='line_1_19' title="bbox 183 2553 1248 2644; baseline 0.001 -18"><span class='ocrx_word' id='word_1_132' title='bbox 183 2555 314 2626; x_wconf 78' lang='lat' dir='ltr'><strong>futuris</strong></span> <span class='ocrx_word' id='word_1_133' title='bbox 327 2554 487 2627; x_wconf 87' lang='lat' dir='ltr'><strong>breviter</strong></span> <span class='ocrx_word' id='word_1_134' title='bbox 499 2554 668 2628; x_wconf 87' lang='lat' dir='ltr'><strong>enodare.</strong></span> <span class='ocrx_word' id='word_1_135' title='bbox 680 2553 903 2627; x_wconf 82' lang='lat' dir='ltr'><strong>Venerabilis</strong></span> <span class='ocrx_word' id='word_1_136' title='bbox 913 2555 1101 2644; x_wconf 87' lang='lat' dir='ltr'><strong>Martinus,</strong></span> <span class='ocrx_word' id='word_1_137' title='bbox 1118 2555 1248 2627; x_wconf 88' lang='lat' dir='ltr'><strong>Verta-</strong></span> 
     </span>
     <span class='ocr_line' id='line_1_20' title="bbox 185 2669 1247 2769; baseline -0.003 -26"><span class='ocrx_word' id='word_1_138' title='bbox 185 2673 302 2743; x_wconf 82' lang='lat' dir='ltr'><strong>vensis</strong></span> <span class='ocrx_word' id='word_1_139' title='bbox 316 2669 425 2743; x_wconf 90' lang='lat' dir='ltr'><strong>abbas</strong></span> <span class='ocrx_word' id='word_1_140' title='bbox 439 2673 509 2769; x_wconf 80' lang='lat'><strong>(5),</strong></span> <span class='ocrx_word' id='word_1_141' title='bbox 524 2670 705 2743; x_wconf 89' lang='lat' dir='ltr'><strong>abbatiam</strong></span> <span class='ocrx_word' id='word_1_142' title='bbox 720 2686 968 2744; x_wconf 81' lang='lat' dir='ltr'><strong>construxerat</strong></span> <span class='ocrx_word' id='word_1_143' title='bbox 979 2671 1015 2741; x_wconf 91' lang='lat' dir='ltr'><strong>in</strong></span> <span class='ocrx_word' id='word_1_144' title='bbox 1031 2671 1247 2768; x_wconf 87' lang='lat' dir='ltr'><strong>loco‚·quem</strong></span> 
     </span>
     <span class='ocr_line' id='line_1_21' title="bbox 184 2786 1247 2886; baseline -0.002 -28"><span class='ocrx_word' id='word_1_145' title='bbox 184 2787 481 2860; x_wconf 80' lang='lat' dir='ltr'><strong>Duos-Gemellos</strong></span> <span class='ocrx_word' id='word_1_146' title='bbox 496 2787 550 2884; x_wconf 75' lang='lat'><strong>(6)</strong></span> <span class='ocrx_word' id='word_1_147' title='bbox 569 2786 615 2859; x_wconf 88' lang='lat' dir='ltr'><strong>ab</strong></span> <span class='ocrx_word' id='word_1_148' title='bbox 632 2788 843 2886; x_wconf 83' lang='lat' dir='ltr'><strong>antiquitate</strong></span> <span class='ocrx_word' id='word_1_149' title='bbox 861 2787 986 2883; x_wconf 80' lang='lat' dir='ltr'><strong>vulgus</strong></span> <span class='ocrx_word' id='word_1_150' title='bbox 1011 2786 1159 2872; x_wconf 85' lang='lat' dir='ltr'><strong>vocitat,</strong></span> <span class='ocrx_word' id='word_1_151' title='bbox 1179 2810 1247 2883; x_wconf 87' lang='lat' dir='ltr'><strong>pro</strong></span> 
     </span>
     <span class='ocr_line' id='line_1_22' title="bbox 184 2900 1248 3003; baseline -0.003 -27"><span class='ocrx_word' id='word_1_152' title='bbox 184 2905 451 2976; x_wconf 72' lang='lat' dir='ltr'><strong>nesuscitatione</strong></span> <span class='ocrx_word' id='word_1_153' title='bbox 477 2905 725 3003; x_wconf 80' lang='lat' dir='ltr'><strong>geminorum,</strong></span> <span class='ocrx_word' id='word_1_154' title='bbox 753 2928 862 3000; x_wconf 90' lang='lat' dir='ltr'><strong>quam</strong></span> <span class='ocrx_word' id='word_1_155' title='bbox 880 2900 1012 2972; x_wconf 88' lang='lat' dir='ltr'><strong>ibidem</strong></span> <span class='ocrx_word' id='word_1_156' title='bbox 1039 2902 1166 2974; x_wconf 80' lang='lat' dir='ltr'><strong>factam</strong></span> <span class='ocrx_word' id='word_1_157' title='bbox 1192 2925 1248 2973; x_wconf 87' lang='lat' dir='ltr'><strong>ve-</strong></span> 
     </span>
    </p>
   </div>
   <div class='ocr_carea' id='block_1_4' title="bbox 181 3139 1319 4284">
    <p class='ocr_par' dir='ltr' id='par_1_5' title="bbox 216 3139 448 3211">
     <span class='ocr_line' id='line_1_23' title="bbox 216 3139 448 3211; baseline -0.004 -17"><span class='ocrx_word' id='word_1_158' title='bbox 216 3140 338 3211; x_wconf 86' lang='lat' dir='ltr'><strong>(r)Luc.</strong></span> <span class='ocrx_word' id='word_1_159' title='bbox 351 3159 391 3207; x_wconf 82' lang='lat' dir='ltr'><strong>rx,</strong></span> <span class='ocrx_word' id='word_1_160' title='bbox 406 3139 448 3196; x_wconf 81' lang='lat'><strong>23.</strong></span> 
     </span>
    </p>

    <p class='ocr_par' dir='ltr' id='par_1_6' title="bbox 181 3214 1319 3390">
     <span class='ocr_line' id='line_1_24' title="bbox 219 3214 1319 3304; baseline -0.003 -21"><span class='ocrx_word' id='word_1_161' title='bbox 219 3233 260 3302; x_wconf 84' lang='lat' dir='ltr'><strong>(a)</strong></span> <span class='ocrx_word' id='word_1_162' title='bbox 278 3231 338 3283; x_wconf 88' lang='lat' dir='ltr'><strong>Hac</strong></span> <span class='ocrx_word' id='word_1_163' title='bbox 350 3249 419 3285; x_wconf 82' lang='lat' dir='ltr'><strong>vero</strong></span> <span class='ocrx_word' id='word_1_164' title='bbox 433 3250 484 3301; x_wconf 84' lang='lat' dir='ltr'><strong>per</strong></span> <span class='ocrx_word' id='word_1_165' title='bbox 497 3232 630 3302; x_wconf 80' lang='lat' dir='ltr'><strong>Spiritum</strong></span> <span class='ocrx_word' id='word_1_166' title='bbox 644 3231 777 3285; x_wconf 83' lang='lat' dir='ltr'><strong>Sanctum</strong></span> <span class='ocrx_word' id='word_1_167' title='bbox 790 3228 910 3304; x_wconf 82' lang='lat' dir='ltr'><strong>affectus</strong></span> <span class='ocrx_word' id='word_1_168' title='bbox 922 3232 1066 3283; x_wconf 81' lang='lat' dir='ltr'><strong>sententia.</strong></span> <span class='ocrx_word' id='word_1_169' title='bbox 1080 3228 1155 3298; x_wconf 79' lang='lat' dir='ltr'><strong>(Mas.</strong></span> <span class='ocrx_word' id='word_1_170' title='bbox 1166 3227 1244 3281; x_wconf 80' lang='lat' dir='ltr'><strong>Recc.</strong></span> <span class='ocrx_word' id='word_1_171' title='bbox 1315 3214 1319 3223; x_wconf 48' lang='lat'><strong><em>¹</em></strong></span> 
     </span>
     <span class='ocr_line' id='line_1_25' title="bbox 181 3320 344 3390; baseline 0.006 -17"><span class='ocrx_word' id='word_1_172' title='bbox 181 3320 344 3390; x_wconf 83' lang='lat' dir='ltr'><strong>etConcb.)</strong></span> 
     </span>
    </p>

    <p class='ocr_par' dir='ltr' id='par_1_7' title="bbox 219 3409 504 3483">
     <span class='ocr_line' id='line_1_26' title="bbox 219 3409 504 3483; baseline -0.014 -17"><span class='ocrx_word' id='word_1_173' title='bbox 219 3409 259 3482; x_wconf 81' lang='lat'><strong>(3)</strong></span> <span class='ocrx_word' id='word_1_174' title='bbox 273 3410 375 3464; x_wconf 80' lang='lat' dir='ltr'><strong>Matth.</strong></span> <span class='ocrx_word' id='word_1_175' title='bbox 390 3427 444 3477; x_wconf 76' lang='lat' dir='ltr'><strong>xix,</strong></span> <span class='ocrx_word' id='word_1_176' title='bbox 460 3427 504 3483; x_wconf 73' lang='lat'><strong>⁹9·</strong></span> 
     </span>
    </p>

    <p class='ocr_par' dir='ltr' id='par_1_8' title="bbox 220 3498 1000 3572">
     <span class='ocr_line' id='line_1_27' title="bbox 220 3498 1000 3572; baseline -0.005 -18"><span class='ocrx_word' id='word_1_177' title='bbox 220 3504 261 3571; x_wconf 71' lang='lat'><strong>(4)</strong></span> <span class='ocrx_word' id='word_1_178' title='bbox 271 3501 324 3554; x_wconf 83' lang='lat' dir='ltr'><strong>His</strong></span> <span class='ocrx_word' id='word_1_179' title='bbox 335 3504 421 3571; x_wconf 76' lang='lat' dir='ltr'><strong>igitur</strong></span> <span class='ocrx_word' id='word_1_180' title='bbox 433 3509 460 3553; x_wconf 80' lang='lat' dir='ltr'><strong>et</strong></span> <span class='ocrx_word' id='word_1_181' title='bbox 471 3499 639 3572; x_wconf 73' lang='lat' dir='ltr'><strong>hujusmodi.</strong></span> <span class='ocrx_word' id='word_1_182' title='bbox 654 3500 734 3568; x_wconf 78' lang='lat' dir='ltr'><strong>(Mos.</strong></span> <span class='ocrx_word' id='word_1_183' title='bbox 751 3498 825 3551; x_wconf 81' lang='lat' dir='ltr'><strong>Recc.</strong></span> <span class='ocrx_word' id='word_1_184' title='bbox 841 3507 868 3551; x_wconf 84' lang='lat' dir='ltr'><strong>et</strong></span> <span class='ocrx_word' id='word_1_185' title='bbox 881 3498 1000 3567; x_wconf 81' lang='lat' dir='ltr'><strong>Conch.)</strong></span> 
     </span>
    </p>

    <p class='ocr_par' dir='ltr' id='par_1_9' title="bbox 183 3584 1248 3837">
     <span class='ocr_line' id='line_1_28' title="bbox 220 3584 1246 3663; baseline -0.005 -19"><span class='ocrx_word' id='word_1_186' title='bbox 220 3589 261 3660; x_wconf 75' lang='lat'><strong>(5)</strong></span> <span class='ocrx_word' id='word_1_187' title='bbox 275 3591 369 3663; x_wconf 80' lang='lat' dir='ltr'><strong>Voyez</strong></span> <span class='ocrx_word' id='word_1_188' title='bbox 383 3589 451 3643; x_wconf 83' lang='lat' dir='ltr'><strong>dans</strong></span> <span class='ocrx_word' id='word_1_189' title='bbox 462 3589 501 3643; x_wconf 83' lang='lat' dir='ltr'><strong>ies</strong></span> <span class='ocrx_word' id='word_1_190' title='bbox 513 3591 587 3644; x_wconf 82' lang='lat' dir='ltr'><strong>Acta</strong></span> <span class='ocrx_word' id='word_1_191' title='bbox 607 3590 658 3642; x_wconf 88' lang='lat' dir='ltr'><strong>SS.</strong></span> <span class='ocrx_word' id='word_1_192' title='bbox 680 3587 748 3642; x_wconf 72' lang='lat' dir='ltr'><strong>ord.</strong></span> <span class='ocrx_word' id='word_1_193' title='bbox 774 3589 804 3642; x_wconf 87' lang='lat' dir='ltr'><strong>S.</strong></span> <span class='ocrx_word' id='word_1_194' title='bbox 819 3589 889 3641; x_wconf 86' lang='lat' dir='ltr'><strong>Bcn.</strong></span> <span class='ocrx_word' id='word_1_195' title='bbox 911 3589 985 3656; x_wconf 75' lang='lat' dir='ltr'><strong>(sac.</strong></span> <span class='ocrx_word' id='word_1_196' title='bbox 1001 3605 1024 3653; x_wconf 91' lang='grc' dir='ltr'><strong>ι,</strong></span> <span class='ocrx_word' id='word_1_197' title='bbox 1047 3605 1074 3658; x_wconf 87' lang='lat' dir='ltr'><strong>p.</strong></span> <span class='ocrx_word' id='word_1_198' title='bbox 1088 3584 1155 3660; x_wconf 81' lang='lat'>371)</span> <span class='ocrx_word' id='word_1_199' title='bbox 1169 3585 1246 3639; x_wconf 80' lang='lat' dir='ltr'><strong>this-</strong></span> 
     </span>
     <span class='ocr_line' id='line_1_29' title="bbox 183 3675 1248 3750; baseline -0.001 -18"><span class='ocrx_word' id='word_1_200' title='bbox 183 3680 258 3732; x_wconf 85' lang='lat' dir='ltr'><strong>toire</strong></span> <span class='ocrx_word' id='word_1_201' title='bbox 272 3678 307 3731; x_wconf 86' lang='lat' dir='ltr'><strong>de</strong></span> <span class='ocrx_word' id='word_1_202' title='bbox 320 3698 352 3732; x_wconf 88' lang='lat' dir='ltr'><strong>ce</strong></span> <span class='ocrx_word' id='word_1_203' title='bbox 366 3679 438 3732; x_wconf 83' lang='lat' dir='ltr'><strong>saint</strong></span> <span class='ocrx_word' id='word_1_204' title='bbox 452 3696 636 3750; x_wconf 77' lang='lat' dir='ltr'><strong>personaage,</strong></span> <span class='ocrx_word' id='word_1_205' title='bbox 653 3678 805 3750; x_wconf 82' lang='lat' dir='ltr'><strong>originaire</strong></span> <span class='ocrx_word' id='word_1_206' title='bbox 817 3677 851 3730; x_wconf 85' lang='lat' dir='ltr'><strong>de</strong></span> <span class='ocrx_word' id='word_1_207' title='bbox 865 3677 983 3742; x_wconf 84' lang='lat' dir='ltr'><strong>Nautes,</strong></span> <span class='ocrx_word' id='word_1_208' title='bbox 1005 3686 1033 3729; x_wconf 89' lang='lat' dir='ltr'><strong>ct</strong></span> <span class='ocrx_word' id='word_1_209' title='bbox 1049 3675 1194 3730; x_wconf 78' lang='lat' dir='ltr'><strong>fondatcur</strong></span> <span class='ocrx_word' id='word_1_210' title='bbox 1212 3675 1248 3731; x_wconf 94' lang='lat' dir='ltr'><strong>de</strong></span> 
     </span>
     <span class='ocr_line' id='line_1_30' title="bbox 183 3762 1090 3837; baseline -0.002 -19"><span class='ocrx_word' id='word_1_211' title='bbox 183 3764 310 3835; x_wconf 77' lang='lat' dir='ltr'><strong>Pabbaye</strong></span> <span class='ocrx_word' id='word_1_212' title='bbox 323 3764 357 3818; x_wconf 91' lang='lat' dir='ltr'><strong>de</strong></span> <span class='ocrx_word' id='word_1_213' title='bbox 376 3764 498 3831; x_wconf 77' lang='lat' dir='ltr'><strong>verton,</strong></span> <span class='ocrx_word' id='word_1_214' title='bbox 509 3766 572 3837; x_wconf 75' lang='lat' dir='ltr'><strong>pris</strong></span> <span class='ocrx_word' id='word_1_215' title='bbox 584 3774 656 3820; x_wconf 88' lang='lat' dir='ltr'><strong>cette</strong></span> <span class='ocrx_word' id='word_1_216' title='bbox 668 3763 730 3818; x_wconf 84' lang='lat' dir='ltr'><strong>viiie</strong></span> <span class='ocrx_word' id='word_1_217' title='bbox 743 3766 753 3833; x_wconf 87' lang='lat'>(</span> <span class='ocrx_word' id='word_1_218' title='bbox 760 3768 793 3830; x_wconf 69' lang='lat' dir='ltr'><strong>ai</strong></span> <span class='ocrx_word' id='word_1_219' title='bbox 805 3762 927 3830; x_wconf 76' lang='lat' dir='ltr'><strong>octobre,</strong></span> <span class='ocrx_word' id='word_1_220' title='bbox 941 3781 1002 3817; x_wconf 77' lang='lat' dir='ltr'><strong>vers</strong></span> <span class='ocrx_word' id='word_1_221' title='bbox 1011 3762 1090 3835; x_wconf 83' lang='lat'><strong>600).</strong></span> 
     </span>
    </p>

    <p class='ocr_par' dir='ltr' id='par_1_10' title="bbox 184 3850 1250 4284">
     <span class='ocr_line' id='line_1_31' title="bbox 221 3850 1250 3925; baseline 0 -19"><span class='ocrx_word' id='word_1_222' title='bbox 221 3852 261 3921; x_wconf 82' lang='lat'><strong>(6)</strong></span> <span class='ocrx_word' id='word_1_223' title='bbox 272 3854 322 3906; x_wconf 66' lang='lat' dir='ltr'><strong>les</strong></span> <span class='ocrx_word' id='word_1_224' title='bbox 332 3852 572 3919; x_wconf 73' lang='lat' dir='ltr'><strong>lieux-iumeaux,</strong></span> <span class='ocrx_word' id='word_1_225' title='bbox 582 3862 681 3906; x_wconf 84' lang='lat' dir='ltr'><strong>canton</strong></span> <span class='ocrx_word' id='word_1_226' title='bbox 690 3851 814 3923; x_wconf 82' lang='lat' dir='ltr'><strong>d’lsigni.</strong></span> <span class='ocrx_word' id='word_1_227' title='bbox 826 3850 850 3903; x_wconf 84' lang='lat' dir='ltr'><strong>lt</strong></span> <span class='ocrx_word' id='word_1_228' title='bbox 861 3861 902 3904; x_wconf 90' lang='lat' dir='ltr'><strong>est</strong></span> <span class='ocrx_word' id='word_1_229' title='bbox 910 3850 1029 3924; x_wconf 84' lang='lat' dir='ltr'><strong>possible</strong></span> <span class='ocrx_word' id='word_1_230' title='bbox 1039 3850 1107 3925; x_wconf 86' lang='lat' dir='ltr'><strong>qu&#39;ii</strong></span> <span class='ocrx_word' id='word_1_231' title='bbox 1116 3852 1156 3906; x_wconf 90' lang='lat' dir='ltr'><strong>ait</strong></span> <span class='ocrx_word' id='word_1_232' title='bbox 1163 3853 1250 3906; x_wconf 76' lang='lat' dir='ltr'><strong>existe</strong></span> 
     </span>
     <span class='ocr_line' id='line_1_32' title="bbox 184 3929 1249 4014; baseline 0.001 -20"><span class='ocrx_word' id='word_1_233' title='bbox 184 3941 258 3995; x_wconf 87' lang='lat' dir='ltr'><strong>dans</strong></span> <span class='ocrx_word' id='word_1_234' title='bbox 270 3960 301 3996; x_wconf 89' lang='lat' dir='ltr'><strong>ce</strong></span> <span class='ocrx_word' id='word_1_235' title='bbox 316 3939 372 4000; x_wconf 87' lang='lat' dir='ltr'><strong>lien</strong></span> <span class='ocrx_word' id='word_1_236' title='bbox 386 3960 424 3995; x_wconf 88' lang='lat' dir='ltr'><strong>un</strong></span> <span class='ocrx_word' id='word_1_237' title='bbox 436 3941 591 3996; x_wconf 69' lang='lat' dir='ltr'><strong>monestere</strong></span> <span class='ocrx_word' id='word_1_238' title='bbox 604 3960 638 3995; x_wconf 89' lang='lat' dir='ltr'><strong>au</strong></span> <span class='ocrx_word' id='word_1_239' title='bbox 651 3952 690 3993; x_wconf 80' lang='lat' dir='ltr'><strong>vr·</strong></span> <span class='ocrx_word' id='word_1_240' title='bbox 703 3939 801 4007; x_wconf 71' lang='lat' dir='ltr'><strong>siicie,</strong></span> <span class='ocrx_word' id='word_1_241' title='bbox 815 3949 842 3994; x_wconf 89' lang='lat' dir='ltr'><strong>et</strong></span> <span class='ocrx_word' id='word_1_242' title='bbox 855 3939 1011 4014; x_wconf 76' lang='lat' dir='ltr'><strong>miraeque</strong></span> <span class='ocrx_word' id='word_1_243' title='bbox 1024 3941 1095 3995; x_wconf 82' lang='lat' dir='ltr'><strong>saint</strong></span> <span class='ocrx_word' id='word_1_244' title='bbox 1106 3929 1219 3995; x_wconf 78' lang='lat' dir='ltr'><strong>Evrouit</strong></span> <span class='ocrx_word' id='word_1_245' title='bbox 1230 3960 1249 4012; x_wconf 79' lang='lat' dir='ltr'>y</span> 
     </span>
     <span class='ocr_line' id='line_1_33' title="bbox 185 4028 1250 4104; baseline -0.003 -19"><span class='ocrx_word' id='word_1_246' title='bbox 185 4033 229 4086; x_wconf 84' lang='lat' dir='ltr'><strong>ait</strong></span> <span class='ocrx_word' id='word_1_247' title='bbox 243 4031 302 4104; x_wconf 86' lang='lat' dir='ltr'><strong>pris</strong></span> <span class='ocrx_word' id='word_1_248' title='bbox 314 4030 426 4098; x_wconf 80' lang='lat' dir='ltr'><strong>l’habit3</strong></span> <span class='ocrx_word' id='word_1_249' title='bbox 444 4031 512 4085; x_wconf 86' lang='lat' dir='ltr'><strong>mais</strong></span> <span class='ocrx_word' id='word_1_250' title='bbox 525 4050 556 4085; x_wconf 87' lang='lat' dir='ltr'><strong>ce</strong></span> <span class='ocrx_word' id='word_1_251' title='bbox 567 4049 602 4085; x_wconf 90' lang='lat' dir='ltr'><strong>ne</strong></span> <span class='ocrx_word' id='word_1_252' title='bbox 614 4030 717 4085; x_wconf 83' lang='lat' dir='ltr'><strong>saurait</strong></span> <span class='ocrx_word' id='word_1_253' title='bbox 725 4030 785 4084; x_wconf 72' lang='lat' dir='ltr'><strong>itre</strong></span> <span class='ocrx_word' id='word_1_254' title='bbox 796 4048 859 4084; x_wconf 85' lang='lat' dir='ltr'><strong>sous</strong></span> <span class='ocrx_word' id='word_1_255' title='bbox 871 4029 897 4083; x_wconf 87' lang='lat' dir='ltr'><strong>ia</strong></span> <span class='ocrx_word' id='word_1_256' title='bbox 905 4029 1041 4085; x_wconf 87' lang='lat' dir='ltr'><strong>direction</strong></span> <span class='ocrx_word' id='word_1_257' title='bbox 1054 4028 1089 4084; x_wconf 91' lang='lat' dir='ltr'><strong>de</strong></span> <span class='ocrx_word' id='word_1_258' title='bbox 1097 4031 1167 4083; x_wconf 87' lang='lat' dir='ltr'><strong>saint</strong></span> <span class='ocrx_word' id='word_1_259' title='bbox 1178 4031 1250 4083; x_wconf 86' lang='lat' dir='ltr'><strong>Mar-</strong></span> 
     </span>
     <span class='ocr_line' id='line_1_34' title="bbox 189 4120 1249 4192; baseline -0.004 -17"><span class='ocrx_word' id='word_1_260' title='bbox 189 4123 234 4176; x_wconf 84' lang='lat' dir='ltr'><strong>tio</strong></span> <span class='ocrx_word' id='word_1_261' title='bbox 253 4121 289 4175; x_wconf 86' lang='lat' dir='ltr'><strong>de</strong></span> <span class='ocrx_word' id='word_1_262' title='bbox 303 4122 427 4187; x_wconf 76' lang='lat' dir='ltr'><strong>verton,</strong></span> <span class='ocrx_word' id='word_1_263' title='bbox 446 4120 516 4175; x_wconf 87' lang='lat' dir='ltr'><strong>dont</strong></span> <span class='ocrx_word' id='word_1_264' title='bbox 527 4120 567 4175; x_wconf 86' lang='lat' dir='ltr'><strong>les</strong></span> <span class='ocrx_word' id='word_1_265' title='bbox 579 4120 794 4176; x_wconf 78' lang='lat' dir='ltr'><strong>etabiissements</strong></span> <span class='ocrx_word' id='word_1_266' title='bbox 812 4138 847 4177; x_wconf 90' lang='lat' dir='ltr'><strong>nc</strong></span> <span class='ocrx_word' id='word_1_267' title='bbox 866 4131 984 4192; x_wconf 83' lang='lat' dir='ltr'><strong>peovcnt</strong></span> <span class='ocrx_word' id='word_1_268' title='bbox 995 4120 1071 4173; x_wconf 84' lang='lat' dir='ltr'><strong>avoir</strong></span> <span class='ocrx_word' id='word_1_269' title='bbox 1082 4122 1127 4174; x_wconf 79' lang='lat' dir='ltr'><strong>ete&#39;</strong></span> <span class='ocrx_word' id='word_1_270' title='bbox 1143 4129 1204 4173; x_wconf 87' lang='lat' dir='ltr'><strong>tout</strong></span> <span class='ocrx_word' id='word_1_271' title='bbox 1215 4136 1249 4178; x_wconf 82' lang='lat' dir='ltr'><strong>au</strong></span> 
     </span>
     <span class='ocr_line' id='line_1_35' title="bbox 190 4199 949 4284; baseline -0.003 -19"><span class='ocrx_word' id='word_1_272' title='bbox 190 4211 257 4284; x_wconf 75' lang='lat' dir='ltr'><strong>plut</strong></span> <span class='ocrx_word' id='word_1_273' title='bbox 270 4228 327 4284; x_wconf 90' lang='lat' dir='ltr'><strong>qne</strong></span> <span class='ocrx_word' id='word_1_274' title='bbox 337 4210 560 4282; x_wconf 80' lang='lat' dir='ltr'><strong>contcnrporains</strong></span> <span class='ocrx_word' id='word_1_275' title='bbox 571 4209 606 4265; x_wconf 88' lang='lat' dir='ltr'><strong>de</strong></span> <span class='ocrx_word' id='word_1_276' title='bbox 618 4228 686 4265; x_wconf 77' lang='lat' dir='ltr'><strong>ceux</strong></span> <span class='ocrx_word' id='word_1_277' title='bbox 696 4209 731 4264; x_wconf 90' lang='lat' dir='ltr'><strong>de</strong></span> <span class='ocrx_word' id='word_1_278' title='bbox 743 4210 815 4264; x_wconf 75' lang='lat' dir='ltr'><strong>saint</strong></span> <span class='ocrx_word' id='word_1_279' title='bbox 829 4199 949 4265; x_wconf 78' lang='lat' dir='ltr'><strong>Evroolt.</strong></span> 
     </span>
    </p>
   </div>
   <div class='ocr_carea' id='block_1_5' title="bbox 0 0 1452 4934">
    <p class='ocr_par' dir='ltr' id='par_1_11' title="bbox 0 0 1452 4934">
     <span class='ocr_line' id='line_1_36' title="bbox 0 0 1452 4934; baseline 0 0"><span class='ocrx_word' id='word_1_280' title='bbox 0 0 1452 4934; x_wconf 95' lang='lat' dir='ltr'><strong> </strong></span> 
     </span>
    </p>
   </div>
  </div>
 </body>
</html>
