2888 4934
182 448 292 527 [roan
559 442 676 504 ttBEn
697 441 883 503 octavos,
1193 441 1254 521 aaa

182 573 332 651 redditis
349 572 615 646 munitionibus
641 572 731 659 suis,
758 596 824 671 per
847 569 1071 643 Britanniam
1093 571 1255 662 transiit,

181 689 413 782 Britonibus,
432 691 495 791 qui
510 690 578 763 sibi
601 688 830 764 solummodo
849 685 1107 761 adminiculum
1124 703 1258 761 contu-

182 810 323 898 lerant,
342 809 473 909 gratias
487 806 662 893 reddidit,
678 823 715 879 et
731 804 889 880 confines
903 802 1136 903 postmodum
1148 803 1258 877 Fran·

174 952 245 1003 ,oos
258 926 420 1025 expetiit.
438 926 481 999 ln
499 951 592 1025 pago
608 924 807 999 Vilcassino
825 921 959 996 nobilis
974 922 1057 996 exul
1081 947 1156 995 non
1174 921 1257 1021 ple-

182 1044 240 1117 nia
281 1041 423 1117 duobus
470 1043 574 1115 annis
613 1055 876 1127 commoratus,
921 1036 1058 1112 diversa
1102 1035 1257 1136 hospitia
1349 1074 1351 1079 ⁷

182 1160 363 1261 quaesivit.
377 1160 461 1234 Uno
475 1157 766 1263 tantum'milite,
785 1180 930 1256 unoque
947 1155 1079 1229 clerico
1095 1180 1178 1227 cum
1195 1153 1258 1225 tri·

184 1276 252 1351 bus
268 1276 457 1376 armigeris
473 1290 684 1362 contentus,
707 1298 902 1374 pauperem
921 1273 1033 1346 vitam
1048 1270 1181 1371 exegit.
1199 1269 1258 1343 Sic

184 1395 283 1496 reg'a
301 1395 423 1495 proles
451 1396 488 1467 in
514 1392 623 1468 exilio
649 1391 775 1466 didicit
800 1392 1009 1491 pauperiem
1032 1390 1191 1489 perpeti,
1218 1403 1258 1460 ut

183 1512 327 1586 iuturus
340 1536 404 1585 rex
420 1500 557 1611 optime
575 1512 683 1584 sciret
698 1511 839 1583 miseris
854 1525 891 1583 et
908 1506 1152 1609 indigentibus
1165 1532 1258 1581 com·

183 1630 281 1729 pati,
298 1653 496 1730 eorumque
508 1629 698 1730 dejectioni
712 1629 769 1703 rel
785 1627 994 1728 indigentiae
1008 1625 1118 1727 regali
1134 1641 1259 1724 poten-

187 1746 236 1821 tia
249 1771 311 1820 seu
327 1746 528 1846 dapsilitate
544 1744 732 1848 suffragari
741 1801 754 1836 ,
773 1762 809 1819 et
831 1746 922 1819 ritus
944 1743 1173 1817 intirmorum
1190 1767 1259 1815 ex-

186 1877 327 1963 pertus,
342 1861 392 1934 eis
403 1862 463 1961 pie
479 1861 655 1935 misereri.

235 1981 340 2053 Tunc
357 1977 561 2054 llodbertus
577 1978 650 2052 dux
675 2004 844 2080 magnam
863 1991 1005 2077 partem
1022 1974 1259 2050 Normanniae

187 2094 383 2170 Guillelmo
399 2096 474 2197 regi
489 2095 682 2185 concessit,
695 2094 841 2197 fereque
852 2092 993 2167 duobus
1005 2093 1109 2165 annis
1122 2118 1140 2164 a
1154 2089 1259 2165 bellis

188 2209 410 2285 Normannia
423 2214 572 2313 quievit.
587 2213 673 2287 Post
686 2213 948 2287 solemnitatem
962 2211 1189 2285 Pentecostes
1202 2210 1258 2308 (ι)

188 2326 402 2402 Guillelmus
423 2328 710 2431 archiepiscopus
735 2328 912 2429 synodum
941 2326 1193 2429 episcoporum
1222 2341 1260 2400 et

188 2442 361 2518 abbatum
381 2445 475 2545 apud
499 2447 743 2549 Rotomagum
768 2446 993 2548 aggregavit,
1012 2461 1049 2519 et
1071 2470 1154 2518 cum
1169 2443 1261 2519 duce

188 2558 392 2653 llodlrerto,
405 2560 707 2664 suffraganeisque
721 2562 931 2663 praesulibus
941 2559 986 2637 de
998 2560 1155 2662 Sagiensi
1169 2586 1261 2659 prae·

188 2676 308 2750 sulatu
323 2676 477 2753 tractare
493 2681 617 2779 coepit.
633 2679 796 2755 Tandem
810 2678 915 2753 finito
931 2679 1116 2766 consultu,
1134 2677 1259 2750 Serlo-

188 2816 294 2882 uem,
312 2792 534 2867 Uticensinm
552 2810 750 2883 rectorem,
766 2794 892 2895 elegit,
908 2795 1011 2895 eique
1023 2792 1259 2866 Salariensem

189 2909 436 3009 episcopatum
451 2911 556 2985 valde
574 2914 745 2986 renitenti
763 2912 957 2987 commisit.
972 2912 1136 3012 Denique
1152 2926 1190 2982 x⁰
1201 2911 1261 2983 la-

191 3023 467 3127 lendas(a)julii
480 3028 669 3127 praefatum
684 3027 908 3103 coenobitam
918 3028 1161 3129 Rotomagum
1177 3053 1261 3101 con·

189 3143 351 3231 vocavit,
372 3159 408 3216 et
433 3145 470 3217 in
494 3146 648 3219 ecclesia·
666 3162 798 3220 sanctae
827 3147 893 3221 Dei
917 3146 1101 3247 genitricis
1132 3144 1258 3219 Mariae

190 3260 364 3335 canonice
378 3263 613 3336 consecravit.
631 3262 748 3338 Porro
763 3263 985 3338 venerandus
1000 3263 1104 3336 Serlo
1119 3286 1258 3359 suscep·

192 3389 266 3448 tam
292 3375 521 3475 pontificatus
548 3378 724 3452 sarcinam
744 3404 846 3454 xxxn
874 3380 977 3452 annis
1002 3395 1040 3452 et
1064 3402 1102 3452 ιν
1129 3377 1260 3449 mensi·

191 3690 334 3747 notatae
345 3690 385 3747 les
395 3693 474 3746 truita
481 3691 673 3767 d’intrepidite
683 3703 713 3748 et
721 3692 758 3748 de
767 3693 966 3766 magnanimite
976 3691 1012 3748 de
1022 3710 1054 3748 oe
1062 3692 1168 3765 prinae,
1179 3695 1259 3767 aprls

191 3780 262 3855 qu'il
273 3792 323 3837 eut
333 3783 378 3837 ete
390 3784 518 3837 recreare
529 3781 565 3838 de
576 3800 628 3838 son
639 3782 734 3839 eheral
744 3781 814 3839 daus
822 3781 848 3838 la
859 3781 961 3850 melae,
973 3792 1002 3839 et
1012 3801 1041 3839 sa
1053 3782 1153 3841 darete
1162 3802 1259 3839 envers

192 3886 244 3925 sou
252 3869 339 3942 jeune
351 3870 424 3926 frere
438 3872 555 3947 assiege,
571 3882 741 3929 contraeunt
753 3892 817 3929 avec
828 3872 854 3928 la
869 3872 955 3929 hante
968 3884 998 3929 et
1016 3873 1056 3929 les
1073 3875 1180 3949 parolaa
1193 3886 1257 3933 tou·

192 3958 309 4016 elrautm
320 3960 356 4017 de
367 3960 482 4018 Robrrt

228 4050 268 4120 (ι)
281 4048 319 4105 Le
329 4050 396 4121 jour
407 4049 443 4106 de
455 4050 482 4106 la
493 4051 641 4110 Pentecdte
651 4052 695 4109 lut
707 4063 780 4109 cette
792 4053 880 4109 anne'e
890 4051 917 4111 le
933 4065 965 4109 r*
975 4053 1048 4126 juin.

229 4139 269 4209 (a)
284 4139 320 4194 le
333 4156 367 4193 aa
375 4140 448 4212 juin.
