2888 4934
495 362 788 469 incusamus.
1139 405 1177 470 15

113 540 236 612 multis
254 538 404 638 opibus,
426 555 589 638 tempore
604 538 787 612 Guillelmi
801 537 956 638 junioris
974 537 1178 640 Anglorum

112 659 219 758 regis,
234 656 369 729 allatim
381 657 624 754 locupletavit.
638 655 815 729 Geroldus
828 659 843 754 (
851 660 881 752 r)
891 672 1008 729 autern
1021 659 1178 732 officium

112 791 244 847 sanctae
273 773 560 872 praedicationis,
596 773 692 874 quod
719 777 755 847 in
790 776 960 847 clericatu
994 791 1178 873 gratanter

112 909 321 966 exercuerat
338 893 429 990 (quo
446 892 568 989 plures
580 890 624 963 de
636 917 744 965 coeno
756 891 917 965 libidinis
928 909 964 965 et
977 893 1179 991 rapacitatis

112 1006 155 1081 ad
171 1008 369 1108 puritatem
382 1008 587 1081 innocentis
599 1009 682 1080 vitae
695 1010 955 1107 pertraxerat),
973 1010 1008 1081 in
1023 1025 1178 1107 pastora-

114 1125 156 1197 lis
173 1125 332 1198 culmine
350 1125 536 1225 regiminis
557 1126 711 1224 positus,
730 1126 924 1226 vigilanter
948 1127 1124 1218 excoluit,
1144 1144 1180 1200 et

115 1240 279 1341 pluribus
292 1242 492 1341 opitulante
504 1244 580 1316 Deo
597 1243 744 1341 proluit.
761 1244 906 1317 Novum
921 1247 1178 1318 monasterium

113 1358 287 1456 regularis
313 1356 451 1430 ordinis
478 1357 722 1431 sanctionibus
751 1359 926 1447 instituit,
958 1360 1177 1432 novitiorum

113 1475 253 1573 copiam
269 1474 465 1547 monachili
490 1501 627 1549 normae
654 1477 892 1574 mancipavit,
921 1476 1178 1577 neophytisque

114 1593 270 1690 optimos
287 1593 377 1664 ritus
390 1591 516 1692 rigidae
531 1595 812 1667 conversationis
827 1592 988 1667 tradidit.
1007 1593 1062 1667 Ad
1077 1620 1178 1667 exer-

113 1710 237 1782 citium
251 1711 438 1808 spirituale
456 1733 537 1784 cum
551 1711 717 1811 subjectis
731 1710 1000 1799 commanebat,
1018 1711 1061 1785 ad
1080 1711 1177 1786 labo·

114 1829 206 1899 riosa
219 1828 327 1900 etiam
335 1828 497 1927 juniores
516 1827 698 1900 interdum
714 1828 884 1926 praeibat,
901 1831 1094 1931 solertique
1107 1844 1179 1902 stu-

112 1942 173 2017 dio
184 1947 395 2018 monasterii
405 1970 462 2017 res
477 1947 574 2018 intus
583 1961 619 2018 et
629 1962 728 2018 extra
740 1943 938 2045 prudenter
950 1945 1173 2046 disponebat.

112 2062 197 2134 Post
212 2062 333 2159 plures
348 2088 462 2135 annos
479 2062 621 2135 invidus
646 2063 752 2134 Satan
778 2064 814 2134 in
832 2063 1063 2135 Dominicum
1088 2090 1177 2163 gre-

114 2205 195 2278 gem
214 2180 389 2267 surrexit,
402 2196 437 2252 et
451 2181 612 2277 opilione
625 2181 793 2280 nequiter
808 2179 1021 2278 perturbato
1037 2197 1177 2253 teneras

115 2321 200 2370 oves
222 2298 397 2371 atrociter
420 2299 575 2370 vexavit.
601 2296 808 2371 Rodbertus
833 2298 930 2370 enim
950 2299 1072 2387 Brito,
1097 2314 1178 2397 post

115 2431 272 2489 mortem
285 2413 460 2488 liodberti
473 2415 537 2487 filii
550 2417 748 2504 Haimonis,
761 2414 925 2489 abbatem
938 2442 1041 2489 suum
1056 2420 1090 2514 (a
1104 2441 1178 2517 quo

116 2549 297 2631 susceptus
313 2532 428 2606 suerat
444 2531 487 2606 ad
504 2532 773 2628 monachatum)
789 2532 833 2606 de
853 2531 1064 2632 quibusdam
1084 2534 1178 2607 falsis

115 2840 183 2894 dont
195 2838 276 2892 l’alnd
288 2837 331 2892 lut
346 2847 426 2892 notre
436 2836 543 2892 Robert
557 2838 758 2904 riu-namon,
773 2847 800 2892 ct
813 2837 838 2892 lc
851 2836 952 2892 second
966 2837 1106 2910 s'appelait
1119 2839 1177 2894 lla-

117 2947 195 2992 mon,
208 2944 316 2983 comme
328 2945 379 2983 son
391 2929 457 3001 pere
470 2938 499 2982 et
511 2945 560 2981 son
573 2927 654 2982 a'r'eul.

149 3017 258 3072 Robert
270 3016 455 3072 ltu-namon
468 3025 583 3070 mourut
595 3016 652 3071 sort
661 3015 762 3087 jeune,
776 3033 811 3071 eu
824 3033 897 3070 mars
914 3033 989 3091 1107,
1002 3018 1081 3090 apres
1090 3018 1182 3086 avoir,

114 3126 165 3181 par
178 3108 251 3162 suite
263 3105 347 3162 d'une
355 3105 478 3161 bleesnre
490 3082 620 3179 reeue⁹au
635 3106 710 3178 siege
720 3104 756 3160 de
768 3103 885 3173 Falaise‚
899 3104 988 3179 perdu
997 3104 1095 3178 depuis
1105 3107 1178 3162 deux

115 3214 164 3251 ans
175 3195 279 3270 l‘usage
296 3195 330 3250 de
343 3212 385 3250 ses
397 3194 511 3249 faculte's
524 3192 742 3248 intellectuelles.
755 3193 790 3249 Sa
803 3212 902 3262 veuve,
920 3192 1023 3265 Sibylle
1035 3193 1070 3248 de
1084 3195 1177 3250 Mout-

116 3287 270 3359 gommeri,
291 3303 319 3340 ae
336 3285 453 3340 remaria
467 3287 483 3338 a
499 3303 538 3338 uu
554 3285 684 3354 seigneur
697 3283 736 3337 du
755 3301 822 3338 nom
841 3283 876 3338 de
892 3284 1009 3348 Rames,
1030 3284 1177 3356 probable-

115 3387 194 3433 ment
209 3376 371 3433 Guillaume
388 3375 423 3432 de
441 3374 558 3443 Remea,
579 3374 628 3449 qui
648 3384 763 3429 mourut
775 3394 810 3431 en
827 3372 889 3431 1131
905 3372 1016 3430 laissant
1028 3374 1100 3429 deux
1114 3375 1175 3429 fils:

116 3464 224 3521 Robert
234 3475 263 3521 et
272 3464 375 3538 Roger.
390 3465 487 3535 Quant
498 3465 514 3518 l
527 3463 593 3529 elle,
607 3480 644 3518 ou
655 3462 682 3517 la
693 3463 750 3518 voit
762 3480 862 3518 encore
875 3463 977 3536 figuret
989 3461 1058 3516 dans
1070 3476 1108 3516 un
1119 3473 1178 3517 acte

117 3557 152 3610 de
166 3562 242 3623 tulo.
697 3563 701 3570 ’

153 3649 192 3704 Μ.
211 3645 353 3719 Stapletou
373 3662 457 3717 pense
472 3662 527 3717 que
540 3643 566 3697 la
585 3644 688 3699 lamille
705 3644 741 3699 de
758 3640 858 3697 Ramcs
870 3643 937 3696 e'tait
950 3642 1099 3714 originaire
1111 3642 1178 3697 d'uu

118 3737 233 3793 chiteau
245 3735 281 3791 de
293 3753 415 3803 cenom,
428 3737 500 3791 titue'
511 3753 559 3789 sur
570 3733 596 3789 le
606 3735 748 3789 territoirc
758 3733 793 3788 de
805 3732 1015 3788 Gomrueauille.

151 3829 191 3899 (r)
212 3826 236 3882 ll
254 3825 357 3900 paruit,
379 3825 486 3899 d’apret
505 3825 532 3880 la
551 3825 707 3898 chronique
724 3823 759 3878 de
778 3823 979 3895 Tewlresbnry‚
1000 3840 1054 3897 que
1072 3822 1179 3879 Gerold

117 3916 235 3993 (qu'elle
255 3915 363 3990 appelle
377 3915 513 3986 Giralde)
534 3934 693 3989 commenca
712 3932 763 3988 par
784 3915 844 3969 dtre
861 3913 931 3968 abbe
948 3912 983 3967 dc
1002 3913 1179 3981 Craneborn,

117 4019 198 4064 avaut
217 4025 272 4081 que
293 4006 319 4061 la
339 4006 542 4080 permutatim,
555 4005 625 4060 dont
639 4023 710 4060 nous
720 4023 824 4060 venons
836 4004 871 4058 dc
887 4002 987 4076 parler,
1003 4020 1031 4056 se
1043 4003 1087 4059 ldt
1099 4003 1179 4059 effec-

118 4100 194 4152 tue'e.
216 4096 242 4151 Il
262 4097 306 4152 lut
322 4095 424 4151 donc'a
444 4094 468 4148 la
488 4096 537 4152 lois
558 4095 584 4150 le
599 4096 719 4167 premier
732 4094 803 4149 abbe
814 4093 851 4148 du
868 4110 992 4149 nouveau
1009 4094 1180 4160 monastero,

119 4204 227 4241 comme
240 4185 266 4240 le
278 4185 322 4240 dit
335 4196 415 4240 notre
429 4196 537 4251 auteur,
551 4196 580 4240 et
591 4184 616 4239 le
628 4185 740 4239 dernier
752 4184 786 4238 de
799 4185 923 4238 l’anciru.
