2888 4934
192 375 277 454 [596]
573 372 688 432 LIBER
709 370 866 432 SEXTUS.
1211 375 1246 432 81

190 522 240 579 est
257 504 304 577 de
319 527 492 602 cantore,
510 528 666 605 moxque
684 520 780 577 tanta
797 503 957 576 claritate
971 503 1100 576 enituit
1114 503 1249 591 vultus,

191 640 230 696 ut
254 622 348 699 uuili
373 620 524 695 dubium
548 622 636 723 quin
665 619 904 720 triumpharet
927 619 1018 693 liber
1042 619 1187 718 spiritus
1214 622 1251 693 in

191 737 410 814 coelestibus.
430 737 601 841 Migravit
615 754 734 812 autem
750 765 769 810 a
784 737 914 810 saeculo
927 750 978 811 111ο
994 736 1065 809 tat.
1080 738 1251 837 januarii,

190 875 352 956 tempore
370 853 566 928 Rodoberti
584 855 758 954 Sagiensis
773 854 948 952 episcopi,
973 879 1069 926 anno
1089 853 1255 929 videlicet

190 987 257 1047 1111ο
286 972 389 1072 regni
417 971 511 1070 regis
539 969 758 1044 Chiideberti
784 973 853 1070 (1).
876 969 991 1065 Quem
1019 973 1145 1044 iratres
1172 998 1253 1044 cum

189 1115 318 1189 magna
349 1088 549 1161 reverentia
578 1088 615 1160 in
644 1087 828 1162 ecclesiam
856 1085 1108 1185 deportantes,
1139 1087 1255 1160 tribus

187 1206 312 1281 diebus
335 1233 376 1279 ac
396 1203 564 1279 noctibus
590 1205 740 1302 hymnos
762 1232 803 1278 aa
825 1204 943 1277 laudes
962 1205 1039 1278 Deo
1066 1221 1251 1293 canentes,

185 1340 346 1398 sanctum
369 1323 464 1395 illius
483 1348 615 1420 corpus
637 1320 829 1422 diligenter
848 1321 913 1393 visi
933 1338 1018 1393 snut
1038 1319 1252 1412 custodisse,

186 1460 413 1547 expectantes
425 1461 643 1519 conventum
658 1469 844 1534 servorum
858 1444 939 1516 Dei.
959 1444 1151 1543 Postquam
1168 1468 1255 1517 vero

188 1579 413 1664 compertum
428 1579 481 1636 est
492 1564 528 1635 in
544 1560 715 1661 praedicta
727 1563 870 1635 civitate
881 1564 933 1660 (1)
946 1562 1132 1635 excessisse
1148 1561 1255 1637 rebus

188 1681 353 1755 humanis
369 1678 630 1755 consolatorem
645 1681 755 1754 totius
770 1680 913 1779 patrioe,
932 1696 1157 1755 concurrunt
1170 1706 1255 1754 om-

189 1822 249 1870 nes
261 1794 308 1870 ad
322 1795 599 1885 monasterium,
618 1793 723 1870 beato
736 1796 852 1870 funeri
866 1795 1129 1896 congaudentes
1144 1797 1255 1870 inter·

189 1939 275 1989 esse.
290 1912 597 1987 Lamentubantur
609 1938 753 2015 quoquc
765 1939 938 2013 pauperes
953 1939 1078 1988 verum
1090 1915 1155 1987 Dei
1172 1941 1257 2013 pau·

189 2057 333 2130 perem,
356 2029 483 2103 divites
503 2029 670 2121 divitem,
694 2033 797 2130 pueri
816 2047 973 2130 patrem,
998 2057 1097 2104 senes
1118 2056 1252 2105 senem.

188 2148 388 2224 Commune
401 2171 554 2248 namque
565 2145 704 2221 bonum
715 2145 897 2237 omnibus,
911 2147 1042 2222 merito
1053 2149 1255 2222 communis

189 2258 390 2338 habebatur
407 2262 532 2337 luctus.
549 2294 568 2334 n

234 2378 406 2456 «Verum
426 2380 514 2454 illud
537 2384 677 2481 pietatis
699 2385 855 2488 insigne,
877 2379 975 2487 quod
999 2379 1057 2461 vir
1079 2386 1255 2486 piissimus

190 2501 283 2574 inter
295 2515 424 2574 caetera
436 2500 522 2599 egit,
533 2501 608 2601 jam
618 2501 739 2576 fruens
749 2517 881 2576 aeterna
897 2504 989 2594 luce,
1005 2529 1081 2578 non
1096 2503 1256 2579 arbitror

191 2617 378 2692 tacendum
394 2643 479 2691 esse.
500 2618 652 2711 Quidam
669 2645 825 2720 namque
841 2646 884 2693 ex
900 2620 1089 2715 iratribus,
1110 2622 1254 2722 religio-

191 2732 243 2808 nis
259 2751 298 2809 et
313 2732 526 2809 obedientiae
544 2737 658 2836 gratia
675 2739 901 2838 perspicuus,
922 2739 958 2811 in
978 2739 1055 2838 ipso
1072 2756 1255 2812 monaste-

191 2850 245 2929 rio
266 2847 459 2942 serviebat,
483 2852 635 2928 diaconii
653 2854 760 2928 titulo
776 2848 1000 2928 sublimatus.
1024 2857 1139 2950 Quem
1153 2873 1256 2956 pater

220 3075 261 3147 (1)
271 3075 348 3130 Lisez
359 3099 365 3128 :
378 3074 522 3130 clotharii.
534 3077 570 3130 be
580 3076 732 3132 manuscrit
739 3076 775 3132 de
784 3064 990 3133 &int-Errouit
998 3086 1078 3152 porte
1088 3102 1093 3132 :
1103 3077 1244 3134 Ildeberti
1248 3108 1254 3141 ,·

192 3163 258 3220 mais
267 3181 301 3219 oe
310 3170 370 3219 mot
380 3165 449 3219 aete'
459 3163 596 3219 substitue
606 3166 662 3220 tres
671 3166 897 3232 ancienuemeut,
911 3176 940 3221 et
952 3167 1092 3240 peut-etro
1106 3166 1255 3223 1111111111

191 3248 317 3327 l'epoque
327 3250 363 3307 de
373 3249 399 3306 11
411 3252 530 3307 revision
542 3252 684 3326 primitive
693 3253 733 3308 du
743 3263 832 3322 texte,
846 3258 861 3310 1
873 3268 929 3310 une
940 3255 1018 3330 leona
1030 3255 1197 3330 precedente
1207 3259 1255 3330 qui

190 3342 294 3413 portait
305 3338 536 3416 probablement:
552 3342 696 3398 clotharii.
710 3342 735 3398 Il
748 3344 837 3418 parsit
850 3356 977 3400 coustant
990 3364 1025 3400 eu
1040 3344 1105 3402 effet
1115 3364 1171 3419 que
1185 3346 1257 3400 saint

191 3419 305 3486 Erroult
317 3441 432 3485 mourut
444 3431 469 3486 le
483 3448 518 3504 19
531 3429 678 3486 decembre
690 3430 757 3506 596,
771 3431 839 3488 dans
851 3433 876 3488 la
891 3435 1157 3508 quatre-vingtieme
1168 3436 1257 3489 1111111

189 3519 222 3576 de
234 3537 285 3576 1011
299 3521 365 3594 ige,
380 3522 429 3594 qui
447 3522 515 3577 etait
528 3521 554 3575 11
568 3520 712 3579 11011ιὶ11111
726 3521 762 3578 de
775 3524 897 3579 Clotaire
912 3525 954 3592 11,
971 3535 1000 3580 et
1016 3524 1042 3580 la
1055 3526 1207 3598 vingtieme
1221 3525 1256 3581 de

190 3607 353 3667 (hildebert
370 3609 414 3677 11,
432 3608 474 3663 roi
493 3607 664 3665 d’Austrasie
679 3609 731 3680 (15
748 3611 896 3667 decembre
913 3611 1058 3687 575-596).
1078 3614 1113 3668 11
1131 3614 1255 3669 mention

189 3697 254 3754 inite
266 3697 302 3753 ici
316 3696 351 3753 de
363 3697 484 3766 Robert,
497 3698 602 3773 eveqne
612 3698 647 3755 de
660 3700 726 3756 Se'ez
740 3701 924 3774 (586-6181),
938 3713 981 3758 est
991 3703 1016 3759 la
1029 3704 1103 3760 seuie
1113 3715 1188 3760 truce
1201 3724 1257 3779 que

188 3806 219 3844 oe
231 3786 324 3860 pretet
336 3788 378 3842 ait
388 3787 484 3843 laissee
496 3788 564 3844 dans
576 3789 723 3846 l’histoite.
1100 3792 1102 3798 ’

221 3878 263 3948 (1)
275 3878 316 3935 Ce
328 3886 387 3932 mot
403 3888 445 3933 est
458 3879 516 3951 pris
528 3879 597 3934 daus
608 3880 770 3954 l’aoccption
784 3882 819 3937 de
836 3884 977 3941 territoire
992 3884 1031 3940 du
1047 3885 1170 3954 diocese,
1184 3887 1257 3941 alors

183 3965 329 4042 beaucoup
345 3965 409 4041 pius
421 3967 524 4024 etendu
538 3987 598 4025 vers
612 3970 638 4026 le
650 3971 721 4027 nord
739 3972 806 4045 qu'il
821 3992 856 4030 ne
875 3974 908 4031 l’a
926 3979 970 4031 e'te
985 3975 1084 4049 depuis
1097 3977 1122 4032 11
1139 3979 1255 4033 reunion

181 4075 218 4112 111
235 4057 348 4114 diocese
366 4058 403 4113 de
421 4059 543 4127 Lisieux,
559 4061 595 4116 de
614 4072 691 4117 toute
712 4062 736 4118 11
759 4068 871 4122 contre'e
885 4066 1045 4141 dependant
1058 4069 1094 4123 de
1112 4067 1136 4122 11
1155 4067 1257 4123 familie

183 4147 284 4204 Giroie
296 4159 326 4204 et
337 4148 372 4202 dc
388 4166 430 4202 ses
445 4151 521 4204 amis.

260 4262 314 4310 tn.
1084 4223 1132 4319 (1·
