2888 4934
194 428 254 486 280
467 424 650 484 HISTORIA
672 423 976 485 Ecctusttsttct.
1149 427 1253 504 [1088]

192 551 406 641 baronibus,
423 580 512 654 quos
525 553 571 626 ab
590 556 665 653 ipso
679 555 901 654 aliquantum
913 554 1110 626 desciverat
1127 556 1254 655 nequi·

193 671 261 759 tia,
281 686 420 743 versute
448 673 609 769 pepercit
634 698 702 770 pro
727 697 848 745 amore
877 673 988 770 patris
1014 670 1088 760 sui,
1118 673 1177 744 eui
1195 671 1255 746 diu

190 784 344 860 fideliter
375 787 610 878 inhaeserant,
641 805 677 860 et
710 815 778 887 pro
808 788 998 861 senectutis
1027 789 1252 877 reverentia;

188 904 300 976 sciens
315 906 475 1001 prolecto
487 905 584 1006 quod
599 932 673 979 non
687 931 746 979 eos
759 905 821 978 din
831 907 952 1005 vigere
965 906 1126 978 sinerent
1135 904 1252 979 morbi

187 1036 330 1093 etmors
347 1023 508 1119 propria.
524 1023 640 1095 Porro
655 1022 818 1123 quidam,
837 1039 973 1121 quanto
990 1022 1134 1121 gravius
1151 1046 1189 1093 se
1201 1045 1254 1094 cr·

187 1163 280 1210 rasse
296 1138 331 1209 in
344 1139 480 1237 regiam
494 1140 710 1239 majestatem
724 1155 923 1227 noverunt,
940 1154 1041 1210 tanto
1057 1137 1252 1211 ferventius

186 1253 286 1327 omni
313 1270 476 1353 tempore
502 1255 731 1355 postmodum
756 1258 788 1328 ei
808 1255 966 1328 famulati
990 1271 1091 1343 sunt,
1121 1268 1251 1327 ettam

184 1371 394 1444 muneribus
409 1398 517 1473 quam
535 1374 686 1445 servitiis
707 1399 747 1445 ac
761 1371 1024 1446 adulationibus
1037 1371 1163 1444 multis
1178 1394 1250 1445 mo·

184 1485 239 1560 dis
253 1488 394 1585 placere
411 1488 639 1561 studuerunt.

233 1604 296 1675 111.
317 1604 408 1677 Cum
425 1605 625 1703 supradicta
649 1621 857 1704 tempestate
873 1604 1107 1678 vehementer
1123 1603 1250 1703 Anglia

183 1718 342 1820 undique
370 1738 637 1810 concuteretur,
667 1739 704 1794 et
734 1723 867 1794 mutuis
892 1719 1102 1793 vulneribus
1126 1719 1250 1793 incolae

185 1838 287 1935 regni
314 1838 474 1936 quotidie
501 1855 758 1928 mactarentur,
783 1839 866 1938 quia
891 1838 927 1909 hi
954 1863 1076 1936 regem
1102 1836 1250 1936 dejicere

184 1953 391 2044 tentabant,
412 1956 499 2028 illie
518 1973 643 2028 contra
661 1981 730 2055 pro
746 1981 831 2055 rege
843 1955 998 2028 viriliter
1013 1953 1249 2042 dimicabant,

185 2070 417 2161 Grithsridus,
433 2098 497 2146 rex
513 2072 726 2146 Guallorum
742 2075 757 2170 (
765 2076 810 2171 r),
826 2071 1078 2146 cume'xercitu
1094 2095 1160 2144 suo
1171 2070 1251 2143 fine

184 2186 327 2286 Angliae
341 2187 489 2277 invasit,
505 2204 542 2260 et
553 2191 647 2262 circa
663 2188 905 2262 Rodelentum
916 2213 1085 2286 magnam
1101 2202 1251 2285 stragem

184 2299 374 2374 hominum
387 2318 423 2373 et
441 2302 605 2376 incendia
621 2303 725 2394 secit3
746 2305 927 2402 ingentem
939 2325 1084 2401 quoque
1096 2298 1251 2399 praedan

185 2416 296 2513 cepit,
323 2415 557 2517 hominesque
584 2420 619 2490 in
644 2419 888 2516 captivitatem
910 2415 1025 2488 duxit.
1051 2414 1250 2489 notberto

184 2550 319 2622 autem,
328 2533 517 2607 Rodelenti
530 2536 697 2635 princeps
707 2537 775 2636 (α),
787 2535 831 2608 de
839 2533 1024 2609 obsidione
1034 2531 1196 2607 Rollensi
1208 2555 1250 2605 re

183 2648 302 2741 diens,
344 2670 381 2726 et
417 2669 491 2726 tam
523 2669 661 2726 atroces
693 2653 953 2758 damnososque
987 2650 1054 2723 sibi
1093 2672 1250 2723 rumores

185 2769 428 2865 comperiens,
447 2768 678 2842 vehementer
691 2768 817 2841 dolens
834 2768 1027 2868 ingemuit,
1049 2792 1090 2839 ac
1108 2763 1250 2838 terribi-

184 2881 277 2955 libus
305 2884 412 2957 minis
436 2887 527 2956 iram
550 2913 649 2958 suam
672 2884 857 2958 evidenter
874 2883 1026 2984 aperuit.
1046 2882 1139 2953 Erat
1160 2880 1248 2953 enim

184 2998 286 3070 miles
302 3001 405 3072 sortis
423 3018 460 3073 et
479 3002 599 3101 agilis,
614 3001 786 3075 facundus
800 3018 837 3074 et
858 2997 1116 3087 formidabilis,
1139 2998 1249 3097 largus

185 3132 221 3187 et
245 3117 367 3188 multis
396 3118 637 3215 probitatibus
663 3118 862 3192 laudabilis.
891 3119 957 3189 Hic
978 3113 1139 3187 Eduardi
1165 3111 1248 3212 regis

184 3235 341 3335 armiger
356 3236 443 3325 suit,
458 3254 494 3308 et
511 3235 557 3308 ab
582 3236 645 3309 illo
664 3237 850 3336 cingulum
862 3234 1000 3307 militiae
1017 3232 1168 3330 accepit.
1184 3230 1248 3302 Uo·

182 3350 294 3423 lridus
310 3368 412 3450 pater
426 3355 519 3453 ejus,
534 3354 602 3426 luit
614 3352 706 3426 lilius
722 3351 874 3425 Amsridi
891 3351 934 3424 de
947 3349 1121 3449 progenie
1138 3348 1246 3419 Daco-

217 3571 257 3641 (ι)
268 3570 584 3647 Gruffydh·ap·Conau,
600 3573 643 3627 roi
656 3572 695 3626 du
710 3572 735 3626 N
738 3570 926 3636 emh-Wales,
942 3568 1021 3641 apres
1035 3584 1063 3619 sa
1077 3565 1192 3620 victoira
1204 3578 1245 3616 sur

182 3658 429 3734 Howel-ap-Oweu
439 3681 474 3717 eu
489 3661 571 3738 1076,
585 3665 685 3735 regna,
699 3660 804 3727 dit-on,
815 3659 944 3734 jusqu'en
961 3654 1041 3723 1136,
1055 3673 1091 3708 au
1102 3654 1193 3708 moins
1202 3668 1245 3725 par

181 3746 348 3805 intervallos.
371 3750 487 3806 Geudre
507 3751 546 3807 du
568 3753 609 3807 roi
632 3751 740 3817 Owen,
764 3751 814 3824 qui
837 3749 904 3804 etait
927 3743 1056 3821 petit-fils
1078 3742 1114 3798 de
1139 3744 1241 3807 Grouo,

181 3852 291 3915 opums
303 3856 374 3895 uuus
387 3838 413 3894 lc
426 3859 540 3897 verrens
551 3841 672 3909 bientot,
686 3840 828 3914 Gruffydh
842 3840 909 3894 etait
921 3836 983 3891 allie
995 3853 1045 3907 par
1058 3851 1089 3888 ce
1102 3832 1240 3903 mariagct

181 3922 207 3960 ¹·
221 3924 328 3983 ‘tuille
345 3928 438 4001 royule
453 3930 706 4003 maglo-Samum,
722 3930 839 4003 puisque
852 3929 950 3984 Grono
967 3924 1039 3978 avait
1057 3940 1132 3993 pour
1148 3921 1240 3975 femme

472 4018 623 4077 l’Falmond
638 4018 774 4076 lrnesidc.
793 4021 830 4074 La
848 4018 948 4073 semme
964 4011 1083 4067 d’Owen
1096 4012 1162 4065 tuit
1172 4004 1234 4063 auti

512 4107 577 4167 tutte
588 4111 660 4167 avait
673 4129 745 4186 pour
758 4110 831 4165 lrtre
846 4099 1141 4176 Blethyn·ap-Coufin.

512 4194 601 4283 ltllru.
