2888 4934
162 414 257 491 root]
515 407 634 470 moon
653 407 858 470 SEPTIMUS.
1161 414 1220 473 251

163 541 313 619 nhaesit.
342 539 411 614 Sed
440 565 525 614 mox
549 541 693 614 sinistra
720 542 865 615 lortuna
896 537 1065 614 omnibus
1091 543 1230 639 pariter

163 663 354 738 naximum
370 676 550 734 terrorem
570 661 792 759 propinavit.
816 658 908 731 Nam
931 683 1081 733 enorme
1102 660 1229 733 incen-

163 785 255 861 lium
271 782 316 858 de
333 780 487 884 quadam
504 781 616 856 domo
635 784 802 882 protinus
819 783 960 882 erupit,
981 797 1018 854 et
1037 782 1230 857 immensos

163 901 384 976 lammarum
398 897 526 1000 globos
541 900 739 991 eructavit,
758 924 998 1000 magnamque
1010 914 1150 997 partem
1164 898 1231 971 Ca·

162 1020 334 1096 losnensis
366 1017 473 1119 burgi
503 1017 675 1092 damnose
705 1019 848 1091 invasit.
882 1016 1015 1091 Omnes
1048 1016 1158 1117 igitur
1188 1016 1232 1088 ad

164 1160 279 1238 gnem
299 1134 616 1234 comprimendum
635 1136 757 1211 clerici
771 1163 853 1211 cum
865 1135 966 1209 laicis
977 1152 1230 1209 cucurrerunt.

163 1253 231 1329 toti
243 1276 334 1328 vero
349 1253 520 1327 monachi
534 1270 699 1354 coeptum
711 1255 869 1328 officium
885 1253 1181 1351 compleverunt,
1196 1269 1233 1325 et

163 1397 256 1448 omo
284 1376 343 1468 (ι)
368 1372 465 1472 regis
491 1372 536 1445 ad
566 1370 811 1448 coenobialem
835 1371 1018 1444 basilicam
1046 1369 1235 1468 psallentes

164 1488 421 1590 perduxerunt.

203 1608 372 1709 Denique
387 1606 431 1681 ad
440 1607 685 1708 sepeliendum
696 1608 894 1682 maximum
906 1608 1035 1681 ducem
1047 1622 1083 1679 et
1094 1622 1236 1706 patrem

164 1727 286 1827 pstriae
321 1727 532 1827 congregati
561 1745 648 1801 sunt
674 1752 799 1801 omnes
831 1727 988 1827 episcopi
1020 1741 1057 1800 et
1091 1724 1237 1797 abbates

164 1845 396 1922 Normanniae
415 1874 426 1919 ε
444 1845 636 1948 exquibus
653 1846 697 1919 ad
716 1847 885 1919 notitiam
902 1861 1134 1943 posterorum
1147 1842 1238 1916 libet

164 1960 335 2064 quosdam
362 1962 571 2051 nominare,
596 1980 635 2036 et
655 1963 825 2063 praesenti
851 1962 1013 2037 breviter
1041 1961 1078 2032 in
1107 1960 1235 2060 pagina

164 2075 347 2153 lenotare.
383 2076 599 2152 Guillelmus
622 2078 897 2178 Rotomagensis
927 2076 1235 2175 archiepiscopus,

164 2192 239 2270 odo
263 2193 465 2294 Bajocensis
491 2196 699 2294 episcopus,
733 2194 956 2269 Gislebertus
982 2192 1237 2279 Ebroicensis,

165 2306 385 2385 Gislebertus
404 2311 626 2387 Maminotus
651 2314 898 2401 Lemniensis,
919 2311 1073 2386 Michael
1095 2308 1239 2383 Abrin-

165 2428 331 2519 ntensis,
348 2428 553 2503 Goislredus
572 2430 914 2522 constantiniensis,
933 2448 970 2505 et
982 2429 1158 2506 Giranlus
1174 2429 1240 2501 Sa-

165 2545 306 2645 giensis.
324 2544 483 2619 Abbates
495 2573 639 2648 quoque
653 2547 689 2622 hi
704 2565 789 2622 sunt
805 2579 814 2622 ε
831 2550 1024 2624 Anselmus
1035 2548 1239 2638 Beccensis,

165 2660 377 2737 Guillelmus
393 2661 438 2736 de
454 2663 527 2737 Ros
547 2664 816 2755 Fiscannensis,
833 2665 1033 2741 Gerbertus
1047 2664 1242 2740 Fontinel-

165 2779 290 2869 lentis,
308 2779 516 2854 Guntardus
529 2781 785 2856 Gemeticensis
794 2837 805 2871 ,
828 2784 1025 2856 Mainerius
1040 2781 1238 2868 Uticensis,

166 2896 275 2972 l'ttloo
291 2897 473 2987 Diversis,
493 2897 686 2971 Durandus
698 2900 955 2990 Troarnensis,
972 2898 1244 2975 RodbertusSa·

166 3014 315 3113 gieusis,
346 3013 529 3088 Osbernus
554 3016 817 3108 Bernaicensis,
844 3019 1021 3119 Rogerius
1047 3018 1093 3093 de
1117 3017 1244 3091 Monte

166 3131 285 3207 Sancti
317 3130 503 3204 Michaelis
536 3133 573 3204 in
609 3133 772 3232 periculo
805 3136 932 3228 maris,
966 3136 1245 3233 Rotomagenses

166 3245 459 3323 archimandritae
477 3278 485 3320 :
502 3247 535 3319 N
539 3248 671 3322 icolaus
681 3249 726 3324 de
737 3251 870 3326 Sancto
883 3251 1080 3342 Audoeno,
1092 3267 1129 3324 et
1138 3248 1245 3322 Gaul·

166 3365 278 3439 terius
291 3362 336 3436 de
349 3363 476 3437 Monte
493 3363 633 3438 Sanctae
646 3367 854 3459 Trinitatis,
873 3369 982 3441 etalii
997 3368 1137 3467 plures,
1154 3390 1246 3466 quos

166 3481 385 3556 nominatim
400 3482 566 3580 prolerre
582 3482 803 3584 perlongum
820 3502 885 3558 est.
905 3486 1037 3559 Omnes
1053 3484 1090 3558 hi
1105 3483 1150 3556 ad
1167 3508 1246 3557 exe-

167 3597 271 3699 quias
288 3596 414 3669 famosi
432 3596 582 3671 baronis
600 3619 870 3692 convenerunt,
891 3603 1078 3702 ipsumque
1091 3601 1129 3674 in
1140 3626 1242 3700 pres·

166 3712 308 3814 hyterio
323 3714 419 3786 inter
433 3712 585 3788 chorum
602 3731 639 3789 ct
654 3718 768 3792 altare
780 3720 1013 3817 sepelierunt.

212 3832 368 3931 Expleta
388 3835 512 3921 missa,
532 3860 615 3906 cum
627 3847 703 3934 jam
721 3836 943 3937 sarcofagum
966 3838 1003 3909 in
1027 3853 1122 3909 terra
1145 3835 1243 3908 loca-

167 3966 246 4024 tum
258 3968 350 4024 esset
359 4005 370 4038 ,
385 3950 446 4024 sed
461 3978 591 4051 corpus
603 3951 719 4026 adhuc
731 3954 770 4027 in
781 3955 916 4029 feretro
923 3957 1059 4056 jaceret
1068 4010 1079 4045 ,
1095 3981 1246 4054 magnus

207 4221 246 4287 (ι)
266 4217 302 4273 Le
319 4237 407 4292 corps.
