2872 4920
184 379 410 457 [loeo-105⁰]
586 375 702 456 nrm
722 376 880 438 sexsus.
1209 388 1258 442 ιιι

129 577 143 593 ,
180 510 327 585 multis
338 506 629 596 desolationibus,
643 534 729 608 quas
740 534 845 607 supra
860 511 993 598 notavi,
1009 509 1138 587 dirutae
1148 531 1263 603 erant,

179 641 422 701 restauraret
423 621 1263 729 ,etadtamlaudabilestudiumomncingenium

177 768 305 817 suum
317 767 399 813 cum
411 755 484 812 totu
496 736 728 838 possibilitate
738 757 773 812 et
783 740 977 814 substantia
988 742 1194 817 medullitus
1205 773 1265 844 ap-

173 857 365 970 plicaret.
388 857 455 942 Hic
473 857 643 933 nimirum
661 856 843 932 basilicam
861 875 1018 931 veterem
1036 863 1147 936 sancti
1167 863 1262 936 Petri

180 961 353 1074 apostoli
375 975 534 1087 propriis
554 973 753 1073 sumptibus
772 977 970 1074 reparavit,
993 977 1124 1078 talique
1147 981 1264 1055 studio

187 1075 626 1193 cunctipoten'temlleum
637 1091 703 1165 sibi
715 1092 1089 1191 placeredesideravit.
1102 1095 1262 1189 Quodam

189 1237 319 1302 mane,
333 1210 421 1285 dum
433 1208 610 1301 bubulcus
623 1211 697 1309 ejus
708 1209 817 1283 boves
830 1211 866 1283 in
880 1211 973 1285 colle
987 1237 1093 1311 super
1106 1212 1262 1287 rivulum

194 1327 415 1400 carentonae
433 1328 487 1425 (1)
507 1326 719 1415 custodiret,
740 1343 775 1398 et
793 1327 886 1399 inter
903 1328 1094 1424 parietinas
1111 1327 1173 1401 ubi
1190 1332 1264 1403 soe-

196 1443 352 1519 eundior
366 1443 475 1518 herba
490 1459 579 1517 esset
591 1442 800 1532 excubaret,
821 1470 901 1517 ecce
916 1447 1126 1544 peregrinus
1139 1448 1170 1518 ei
1184 1448 1264 1546 qui·

199 1560 276 1634 darn
294 1563 427 1649 astitit,
448 1559 569 1661 ibique
581 1561 679 1660 quasi
696 1559 819 1635 labore
837 1562 975 1634 itineris
991 1564 1097 1635 lessus
1113 1563 1259 1651 resedit,

198 1694 337 1753 etcum
358 1677 484 1753 eodem
505 1677 712 1778 aliquandiu
730 1678 951 1752 corrsabulari
975 1680 1101 1778 coepit.
1127 1683 1261 1754 Celeri-

198 1815 257 1885 ter,
271 1796 404 1896 inquit,
418 1796 471 1868 ad
485 1798 717 1870 Guazsonem
730 1797 837 1885 vade,
855 1814 888 1869 et
899 1797 962 1870 dic
976 1801 1011 1869 ei
1024 1814 1062 1869 ut
1073 1803 1262 1897 corffestim

198 1914 383 1988 ueniatad
391 1941 457 1986 me.
469 1912 821 2014 Cumquebuhulcus
830 1913 874 1986 ad
886 1914 1010 1987 berum
1022 1943 1124 1989 suum
1138 1943 1262 1990 cucur·

196 2031 308 2115 risset,
323 2047 360 2102 et
373 2032 555 2128 peregrini
571 2029 676 2103 rerba
688 2031 896 2118 intimasset,
913 2031 973 2102 ille
983 2032 1128 2130 pigritia
1139 2030 1263 2107 deten-

197 2165 261 2236 tus,
276 2149 383 2248 jussis
397 2176 470 2221 non
485 2147 759 2235 obsecundavit,
777 2147 838 2220 sed
851 2151 1085 2249 peregrinum
1097 2175 1184 2223 mox
1196 2175 1262 2248 per

194 2264 415 2341 famulumad
425 2292 461 2338 se
471 2266 595 2340 venire
605 2266 790 2364 praecepit.
802 2266 959 2339 lllevero
969 2267 1100 2338 iterum
1108 2269 1260 2341 ettertio

194 2382 363 2457 clientem
372 2382 517 2474 direxit,
528 2382 588 2456 sed
597 2381 797 2458 obstinatus
808 2382 912 2458 beros
920 2385 990 2481 (a),
1001 2385 1121 2456 nescio
1131 2384 1261 2485 quibus

194 2517 398 2598 occupatus,
414 2526 490 2573 non
505 2502 582 2573 ivit.
600 2501 762 2601 Cumque
779 2500 956 2576 bubulcus
971 2502 1078 2575 tertio
1094 2501 1241 2576 redisset
1247 2557 1258 2591 ,

193 2615 452 2717 dominumque
477 2644 581 2690 suum
608 2617 707 2692 nolle
736 2619 859 2691 venire
886 2619 1108 2706 nunciasset,
1141 2621 1257 2708 Veni,

195 2734 311 2835 inquit
326 2735 466 2823 senior,
491 2751 525 2807 et
542 2735 734 2833 diligenter
754 2735 902 2806 intende
922 2762 1004 2835 quer
1024 2736 1164 2834 loquor.
1184 2736 1261 2808 Hic

195 2849 293 2924 locus
309 2874 337 2923 a
345 2853 470 2952 prr'sco
486 2867 642 2951 tempore
655 2850 781 2922 diuina
794 2849 1041 2922 benedictione
1053 2848 1260 2947 sanctificu-

196 2985 244 3040 tus
265 2986 340 3057 est,
364 2986 398 3043 et
419 2969 659 3042 sanctissimis
678 2967 840 3067 reliquiis
862 2966 1061 3039 ditissimus
1085 2984 1147 3039 est.
1173 2966 1260 3039 Haec

194 3085 325 3178 dicens,
341 3084 509 3161 candidus
520 3086 656 3159 relator
667 3086 835 3171 surrexit,
854 3086 890 3160 iu
902 3081 1022 3156 medio
1036 3109 1128 3156 areae
1138 3081 1258 3157 sedem

197 3204 311 3279 altaris
325 3220 457 3278 sanctae
475 3204 538 3278 Dei
562 3203 745 3304 genitricis
761 3203 886 3275 Mariae
904 3200 1080 3288 ostendit,
1103 3203 1260 3299 itemque

198 3346 288 3397 aram
299 3337 434 3399 saneta
447 3338 483 3394 et
495 3319 688 3395 individuae
701 3320 889 3392 Trinitatis
901 3317 945 3392 ad
959 3317 1143 3392 Orientem
1157 3344 1260 3392 mou·

200 3441 315 3513 stravit
333 3441 404 3537 (ὅ)
428 3436 565 3512 Deinde
589 3438 796 3538 obstupenti
819 3437 978 3512 bubulco
1003 3424 1192 3535 adjunxit:
1216 3436 1262 3508 St'

201 3553 360 3629 dontinus
379 3572 459 3626 tuus
473 3556 528 3626 ad
538 3582 594 3627 me
608 3558 779 3643 currisset,
797 3552 994 3624 ‹tmnmodo
1012 3556 1133 3651 tyrsum
1144 3577 1214 3647 per
1227 3569 1260 3620 te

228 3801 262 3870 (ι)
272 3801 307 3854 la
315 3799 524 3866 Charentonne,
533 3800 582 3872 qui
591 3799 659 3853 n’est
668 3816 768 3853 encore
776 3799 862 3871 qu'un
873 3799 997 3851 ruisseau
1006 3795 1075 3850 dans
1083 3814 1115 3850 ce
1122 3796 1256 3869 quartier.

229 3889 262 3958 (a)
274 3888 313 3942 Ce
327 3898 387 3942 nrot
398 3895 441 3941 cst
453 3886 579 3959 employe
594 3887 629 3940 ici
642 3885 710 3940 ‹lans
723 3884 749 3939 le
762 3903 824 3940 sens
837 3884 872 3938 tle
886 3884 979 3939 barus.
1255 3934 1258 3939 ι

229 3973 262 4048 β)
278 3977 303 4032 ll
321 3977 403 4050 s'agit
417 3979 453 4031 ici
470 3977 505 4031 de
521 3975 624 4050 l'eglise
636 3975 709 4030 batic
722 3993 758 4028 en
773 3972 921 4029 l’bonueur
934 3974 969 4028 de
984 3974 1010 4029 la
1025 3974 1135 4030 Saiutc·
1138 3972 1256 4045 Vierge

206 4079 243 4131 par
251 4067 289 4122 les
301 4069 377 4122 solus
390 4067 425 4122 de
436 4067 462 4121 la
473 4066 550 4122 reine
566 4066 708 4131 Fallenbc,
723 4076 817 4140 etque
830 4083 899 4121 nous
910 4082 1062 4138 supposons
1071 4063 1145 4127 ιιιοίι·
1154 4064 1258 4133 occnpe

207 4150 409 4231 l'tuplaeeuaeut
423 4157 457 4213 dc
470 4158 571 4213 lllotrc·
574 4158 674 4212 Demc·
676 4155 730 4210 du·
733 4156 803 4213 llois.
