2888 4934
182 109 347 191 [ausu]
570 110 687 173 nunu
707 112 865 175 sursus.
1209 118 1245 174 ar

182 255 346 341 putaret,
372 240 513 327 timens.
524 264 571 315 ue
591 241 697 342 Ilugo
716 241 869 343 Magnus
884 242 1164 317 Aurelianorum
1180 242 1253 319 dux

183 356 416 432 Normaunos
439 354 642 458 adjuvaret,
671 357 816 432 oximos
842 375 878 432 et
901 359 1045 459 Bajooas
1070 386 1153 435 eum
1171 376 1257 435 toto

181 474 449 550 constantiensi
468 500 560 575 pago
574 474 741 576 usquead
759 477 921 550 Montem
936 478 1056 552 Sancti
1073 476 1257 552 Michaelis

186 592 222 667 in
234 590 403 666 Periculo
417 592 526 665 Maris
540 592 654 666 eidem
670 592 837 684 donavit,
857 611 892 668 et
910 596 1097 694 imperiose
1113 594 1258 677 manda-

186 711 240 783 vit
256 726 297 783 ut
316 707 430 783 ualida
448 737 558 783 manu
576 709 727 784 rebelles
744 711 975 786 Normannos
993 712 1200 813 impeteret,
1221 729 1258 786 et

186 825 321 927 oppida
331 851 458 901 eorum
471 826 539 900 sibi
552 844 696 902 strenue
711 827 893 928 subigeret
907 831 975 930 (1)
992 830 1095 923 Quod
1112 830 1257 904 audiens

187 943 338 1044 cupidus
364 945 524 1018 marchio
550 947 743 1033 exultavit,
771 946 905 1020 foedera
932 974 1014 1020 eum
1038 948 1259 1023 Normannis

187 1062 279 1137 olim
294 1079 396 1161 pacta
416 1061 571 1136 libenter
588 1065 688 1162 rupit
698 1119 709 1152 ,
734 1080 770 1136 et
795 1065 959 1164 regiones
982 1091 1109 1139 eorum
1125 1093 1258 1165 magno

189 1206 271 1253 cnm
295 1181 455 1254 exercitu
481 1179 658 1254 hostiliter
684 1182 811 1253 invasit
833 1183 901 1279 (2).
929 1181 1035 1282 Apud
1063 1183 1258 1259 Guaceium

189 1295 338 1394 propria
356 1322 439 1368 cum
455 1295 587 1369 familia
607 1300 680 1395 ipse
700 1296 773 1369 dux
793 1297 990 1397 hospitatus
1007 1314 1076 1390 est,
1097 1315 1134 1372 et
1149 1323 1260 1375 exer-

190 1414 281 1487 citus
304 1413 399 1487 illius
420 1414 550 1512 passim
571 1440 637 1513 por
660 1415 883 1513 provinciam
905 1413 1052 1489 diffusus
1071 1433 1136 1489 est.
1157 1418 1261 1491 Tunc

189 1531 385 1605 Herluinus
415 1531 645 1605 cancellarius
673 1531 796 1620 ducis,
828 1549 864 1604 et
894 1533 1064 1609 Radullus
1090 1535 1135 1608 de
1165 1536 1261 1609 Dra-

191 1648 294 1748 giaoo
317 1650 372 1744 (3)
396 1648 539 1722 Uticam
565 1647 808 1740 diverterunt,
833 1667 870 1724 et
897 1653 935 1725 in
958 1652 1129 1727 coenobio
1148 1655 1260 1725 sancti

191 1764 336 1841 Ebrulfi
357 1766 567 1841 confessoris
591 1765 758 1867 hospitati
782 1786 877 1841 sunt.
903 1770 1020 1842 Erant
1044 1769 1150 1843 ambo
1173 1770 1262 1849 reli-

193 1884 303 1981 giosi,
325 1883 417 1957 etin
437 1884 567 1967 timore
584 1886 646 1971 Dei
665 1885 826 1958 studiosi.
849 1888 1049 1963 Tantorum
1069 1888 1186 1986 itaque
1204 1886 1263 1959 vi-

195 2027 320 2081 rorum
333 2000 490 2077 adventu
502 2003 680 2102 simplices
690 2003 857 2077 monachi
873 2004 981 2078 loetati
995 2021 1092 2092 sunt,
1106 2020 1143 2079 et
1155 2029 1264 2077 omne

197 2118 263 2205 illis
283 2119 443 2197 officium
464 2121 621 2193 caritatis
638 2146 706 2219 pro
729 2146 830 2220 posse
850 2149 915 2196 suo
935 2121 1139 2222 benigniter
1160 2121 1264 2195 exhi-

196 2234 368 2311 buerunt.
394 2239 463 2309 Per
487 2238 639 2338 capellas
660 2256 696 2313 et
717 2243 874 2314 oratoria
899 2267 958 2315 sua
981 2256 1087 2341 atque
1110 2243 1264 2340 privatas

199 2352 288 2431 edes
309 2380 369 2429 eos
384 2356 607 2429 familiariter
623 2355 867 2445 deduxerunt,
886 2357 1190 2460 phylacteriasque
1207 2360 1264 2455 (Δ)

210 2548 500 2558 -ι-ηο--ηω-...ο
506 2547 1044 2557 ..m-..mmmm-
1052 2549 1084 2556 κ.
1090 2549 1105 2556 .-
1111 2549 1134 2556 ..-
1140 2548 1257 2555 ..Μ

230 2653 271 2720 (ι)
288 2648 379 2704 Notre
393 2659 492 2704 auteur
510 2658 637 2704 remonte
654 2650 689 2703 ici
709 2647 864 2724 hl’epoque
876 2652 913 2705 οὺ
931 2650 956 2706 le
975 2652 1018 2706 roi
1032 2653 1102 2706 avait
1115 2653 1233 2725 propose'
1250 2654 1265 2705 a

202 2736 301 2812 Hngne
321 2736 358 2792 de
374 2754 403 2792 se
416 2747 546 2810 partager
557 2738 584 2793 la
599 2737 783 2802 Narmandie,
800 2736 974 2795 cest-adire
991 2758 1043 2794 aux
1054 2739 1183 2823 tierniers
1194 2740 1266 2795 mois

203 2824 231 2882 tle
241 2824 308 2901 943
323 2824 348 2881 Il
360 2827 468 2899 assigna
480 2846 536 2883 une
553 2826 639 2883 ‹Iuree
651 2827 686 2883 de
705 2829 775 2885 trois
793 2847 843 2883 ans
856 2831 871 2884 l
884 2828 911 2885 la
925 2830 1055 2903 captivite'
1073 2829 1109 2886 de
1121 2829 1262 2898 Richard,

202 2931 252 2988 que
269 2932 344 2971 nous
365 2915 537 2970 reduiwnsa
549 2915 680 2971 densans
697 2928 725 2971 et
736 2915 810 2972 demi
829 2935 866 2972 ou
882 2921 897 2972 a
912 2918 1041 2974 dix-huit
1059 2919 1142 2985 mois,
1158 2920 1266 2974 suivant

201 3005 283 3078 qo'on
293 3005 400 3060 voudn
412 3004 438 3060 la
450 3005 518 3061 laire
531 3005 620 3079 partir
632 3005 667 3059 de
681 3005 706 3060 la
724 3005 838 3061 victoira
849 3026 898 3061 sur
911 3007 1055 3064 Turmode
1068 3028 1105 3064 ou
1116 3008 1151 3063 d'e
1164 3008 1266 3081 l'expe·

202 3092 288 3151 ticon
300 3099 317 3151 a
329 3095 429 3151 Rauen
440 3095 475 3151 de
487 3101 549 3170 944.
564 3096 588 3151 ll
600 3115 618 3168 y
629 3106 679 3152 eut
692 3099 707 3150 a
720 3097 829 3170 Bayeux
841 3116 881 3152 nn
900 3099 988 3172 grand
1009 3117 1126 3172 carnage
1144 3098 1192 3153 des
1211 3101 1266 3152 sei-

203 3204 302 3259 gneurs
323 3186 456 3262 franceis,
477 3186 546 3242 dans
562 3185 653 3262 lequel
676 3187 794 3242 Herluin
815 3188 858 3242 lut
876 3188 1269 3261 enveloppe‚com1pe,ayaut
1371 3255 1375 3265 Ι

203 3275 273 3330 trahi
286 3276 327 3330 les
340 3276 455 3332 inte'rets
468 3277 516 3332 des
534 3274 691 3331 Narmands
703 3294 753 3347 par
766 3295 794 3331 sa
807 3278 975 3332 connivence
987 3296 1051 3332 avec
1070 3279 1096 3332 le
1110 3278 1151 3332 roi
1164 3287 1193 3332 et
1204 3296 1267 3332 avec

204 3366 320 3422 Araoul.

232 3458 274 3527 (a)
285 3458 367 3513 Cette
375 3457 499 3514 invasion
507 3457 543 3513 de
555 3457 581 3512 la
590 3455 761 3511 Normanelie
770 3457 1049 3530 Transsequanienne
1059 3456 1112 3513 dut
1120 3458 1199 3512 avoir
1209 3456 1265 3514 lieu

205 3564 235 3600 aa
255 3548 410 3620 printemps
426 3547 461 3603 de
477 3552 545 3622 944,
560 3547 684 3621 pendant
699 3564 755 3620 que
769 3546 796 3601 le
814 3548 856 3601 roi
869 3548 1036 3605 envahissait
1050 3548 1086 3604 (le
1102 3567 1152 3604 son
1165 3549 1227 3605 cota
1243 3548 1266 3602 la

204 3637 290 3707 partie
301 3635 338 3692 de
350 3635 377 3691 la
389 3637 561 3693 Narmandie
575 3640 664 3693 situee
676 3656 724 3693 sur
736 3637 762 3693 la
775 3638 835 3693 vrire
849 3637 941 3693 droise
955 3638 990 3693 de
1005 3639 1031 3695 la
1042 3640 1139 3705 Seine3
1156 3640 1267 3696 confor-

206 3726 324 3783 nement
338 3744 374 3781 au
387 3723 450 3798 plan
463 3730 592 3782 concerto
602 3727 671 3782 dans
682 3727 721 3782 les
732 3727 859 3782 derniers
871 3729 942 3783 suuis
952 3729 987 3785 (le
999 3727 1060 3801 943.

236 3812 277 3885 (5)
288 3813 504 3871 Probablement
517 3818 633 3884 Drachi,
654 3819 715 3889 pres
728 3817 864 3873 Soissons.

239 3904 277 3975 (4)
290 3903 473 3976 Reliquaires.
