2888 4934
78 427 282 502 [rosv-roas]
467 423 584 485 unt-:n
604 423 741 484 nouus.
1081 425 1142 484 sco

76 571 292 629 veneranter
305 571 497 653 coeperunt
514 557 631 628 colere
647 555 767 628 fideles
780 552 925 626 advenae
944 580 1027 626 cum
1045 554 1143 627 indi-

76 676 190 773 genis.
209 674 360 746 Divinae·
372 674 552 744 servitutis
578 674 685 744 series
710 670 899 770 insigniter
915 668 1056 742 Edessae
1074 694 1144 742 res·

76 807 212 862 taurata
232 807 283 863 est
293 845 304 879 ,
324 807 360 864 ct
373 789 489 865 multo
500 790 580 889 plus
597 788 942 889 incomparabiliter,
961 815 1069 888 quam
1085 789 1144 859 sti-

76 907 131 978 lus
143 924 267 979 noster
279 923 456 981 arrrrotare
469 923 606 1005 potest,
623 906 742 980 divina
757 907 867 1006 pietas
881 906 918 979 in
932 905 1067 1005 populo
1079 931 1143 979 suo

75 1023 291 1097 mirabiliter
310 1025 404 1096 intus
419 1041 455 1097 et
465 1027 621 1097 exterius
634 1041 778 1123 operata
797 1029 875 1122 est(
902 1025 929 1119 )

124 1140 317 1214 Balduinus
335 1142 472 1241 itaque,
490 1141 751 1241 multiplicibus
768 1141 922 1241 negotiis
941 1140 986 1213 ad
1005 1138 1141 1212 laudem

75 1257 207 1331 Christi
222 1276 415 1356 occupatus
429 1260 498 1356 (a),
514 1285 589 1333 non
604 1259 722 1357 potuit
734 1258 921 1359 suffragari
935 1255 1144 1328 Christianis

76 1375 306 1449 Antiochiam
335 1375 596 1449 obsidentibus.
624 1376 766 1449 Auditis
790 1393 910 1448 tamen
936 1372 1144 1448 rumoribus

74 1492 119 1566 de
141 1495 373 1592 oppressione
402 1495 533 1581 nimia,
561 1521 668 1594 quam
695 1492 829 1566 ibidem
859 1493 1016 1591 perpessi
1038 1506 1141 1577 sunt,

76 1611 150 1708 ipse
164 1627 200 1682 et
214 1610 477 1684 commilitones
494 1613 568 1711 ejus
584 1610 809 1683 Christicolis
819 1609 1049 1682 vehementer
1061 1633 1144 1681 con·

74 1727 284 1817 doluerunt,
297 1745 333 1800 et
343 1755 452 1829 quam
465 1730 569 1802 citius
579 1745 791 1827 potuerunt,
804 1727 912 1800 rebus
925 1728 996 1799 suis
1007 1726 1143 1824 optime

73 1842 270 1940 dispositis,
286 1843 329 1916 ad
348 1842 544 1916 subsidium
561 1869 687 1918 eorum
699 1845 971 1917 festinaverunt.
984 1842 1143 1914 lnterim

75 1963 160 2058 ipsi,
180 1961 375 2033 auxiliante
391 1962 551 2035 Domino
568 1963 674 2047 lesu,
693 1964 789 2034 victo
808 1959 1045 2033 Curbaranno
1061 1980 1143 2031 cum

74 2077 145 2146 suis
158 2077 312 2148 victores
330 2076 622 2175 triumpharunt,
637 2094 673 2150 et
690 2075 886 2149 Balduinus
902 2074 1060 2173 sociique
1070 2074 1143 2172 ejus

74 2192 212 2264 Turcos
221 2245 232 2278 ,
248 2190 292 2263 de
306 2192 504 2289 municipio
517 2189 742 2280 Antiochiae,
757 2207 798 2262 ut
809 2189 946 2263 dictum
960 2204 1030 2276 est,
1049 2213 1145 2260 rece·

109 2503 148 2573 (1)
161 2503 242 2557 Cette
254 2502 370 2559 relation
383 2503 453 2559 dela
465 2505 602 2580 conquete
614 2505 648 2560 de
662 2504 813 2559 l'Armc'nie
825 2504 869 2559 n'a
882 2504 962 2577 point
973 2505 1017 2558 ete
1027 2501 1145 2557 extraite

73 2589 108 2646 de
123 2591 264 2664 l’ouvrage
283 2592 317 2646 de
334 2592 452 2660 baudri,
476 2611 585 2647 comme
605 2611 725 2666 presque
744 2602 808 2647 tout
825 2593 851 2646 lc
871 2602 942 2646 reste
956 2590 994 2644 du
1012 2591 1094 2653 livre,
1113 2588 1143 2644 ui

73 2670 165 2734 meme
183 2679 218 2734 de
239 2680 310 2734 celui
330 2679 366 2734 de
386 2681 514 2736 Foucher
535 2681 570 2735 de
591 2682 738 2749 Clrartres,
760 2681 824 2754 qui,
845 2691 927 2752 ayant
947 2680 1016 2736 snivi
1033 2679 1143 2753 jusqu'h

73 2758 189 2838 Edesse,
209 2789 244 2824 cn
264 2769 370 2844 qualite
389 2770 424 2825 de
441 2771 602 2844 chapelaiu,
620 2771 807 2826 l’avcntureux
826 2770 977 2836 chevalier,
996 2769 1087 2824 aurait
1104 2787 1142 2841 pu

73 2859 183 2913 louruir
203 2862 218 2913 a
238 2871 320 2913 notre
338 2869 438 2914 auteur
457 2859 492 2914 de
512 2861 656 2933 beaucoup
676 2860 834 2915 meilleures
851 2859 974 2915 donuees
991 2877 1046 2933 quc
1063 2857 1144 2913 celles

72 2947 142 3022 qu’il
156 2948 195 3002 lui
211 2969 225 3003 a
240 2947 288 3021 plu
304 2947 457 3022 d'adopter.
473 2951 509 3004 Le
524 2949 629 3005 lecteur
642 2969 708 3004 aura
723 2969 761 3024 pu
773 2950 953 3024 s’apercevoir
965 2941 1000 3004 en
1014 2947 1078 3004 effet
1089 2967 1144 3022 quc

73 3056 105 3092 ce
120 3039 190 3092 recit
203 3049 245 3093 est
262 3038 406 3113 beaucoup
422 3038 485 3112 plus
502 3057 686 3113 romanesque
703 3040 918 3114 qu'historique.
936 3038 1143 3094 Malheureuse-

73 3139 152 3183 ment
166 3147 238 3202 pour
255 3129 279 3183 la
297 3128 384 3202 gleire
398 3129 433 3185 de
447 3128 608 3199 Bnudouin‚
628 3131 668 3186 les
680 3131 777 3186 choses
791 3150 819 3186 se
832 3133 975 3206 passereut
985 3130 1070 3184 d’uue
1083 3148 1144 3184 ma·
1179 3137 1180 3141 ’

74 3218 151 3272 niere
162 3218 307 3290 beaucoup
319 3218 380 3292 plus
392 3217 481 3291 lopale
493 3219 528 3274 de
540 3218 565 3273 la
576 3231 639 3293 part
651 3219 690 3275 du
704 3238 879 3295 gouvcmcur
888 3239 943 3295 que
952 3220 988 3275 de
999 3219 1025 3274 la
1036 3219 1141 3275 sienne.

73 3310 111 3362 Le
131 3311 211 3363 rieux
234 3311 347 3382 prime,
372 3311 451 3383 apres
474 3305 569 3365 l'avoir
591 3310 692 3384 adoptc
714 3311 940 3367 solennellement
960 3321 989 3366 et
1010 3328 1074 3364 avec
1094 3309 1143 3364 des

74 3398 176 3453 lor-mes
196 3417 268 3453 assez
289 3399 444 3467 curicuses,
465 3399 509 3454 sut
527 3401 639 3455 victime
661 3402 745 3455 d’uue
766 3401 884 3456 sedition
908 3398 1143 3474 populaire'dout

73 3488 218 3543 Baudouin
232 3491 275 3544 lut
287 3489 313 3544 le
325 3490 423 3558 heros,
439 3493 519 3546 sinon
533 3491 727 3565 l'instigateur,
744 3503 772 3547 ct
786 3493 869 3566 qu’au
880 3493 971 3547 moins
982 3490 1001 3546 il
1015 3509 1050 3545 ne
1061 3490 1142 3545 cher·

73 3580 124 3635 cha
137 3579 318 3636 nullementa
334 3583 479 3655 reprimer.
493 3583 533 3638 Ce
546 3601 581 3637 ne
599 3583 641 3636 sut
656 3585 736 3656 point
748 3586 763 3637 a
776 3601 804 3638 sa
818 3582 887 3651 fille,
906 3584 974 3637 mais
991 3585 1006 3636 a
1022 3580 1048 3636 la
1064 3580 1141 3635 niece

72 3670 140 3724 d'un
150 3670 246 3741 prince
257 3671 296 3724 du
307 3689 381 3742 pays,
396 3675 533 3737 nommee,
548 3673 653 3740 dit-ou,
670 3672 810 3745 Taphroc,
824 3690 879 3747 que
888 3671 1006 3727 s’alliale
1016 3689 1140 3727 nouveau

73 3758 226 3813 souverain.
238 3758 326 3830 Apres
336 3758 431 3813 l'avoir
441 3760 587 3834 repudiee,
600 3760 618 3815 il
630 3764 746 3834 epousa,
759 3779 794 3815 en
807 3777 888 3832 1102,
901 3759 1046 3823 Adela'ide‚
1057 3778 1141 3815 veuvc

72 3849 108 3903 de
127 3849 221 3920 Roger
235 3848 279 3914 l“,
300 3849 341 3902 roi
360 3848 395 3903 de
407 3849 504 3919 sicile,
523 3849 593 3906 dont
604 3850 628 3906 il
643 3869 672 3906 se
686 3854 781 3924 separa
798 3852 871 3906 aussi
888 3849 1010 3918 hiemet,
1025 3869 1140 3905 seusun

71 3940 135 3993 vain
149 3941 273 4010 pretexte
288 3938 323 3992 de
335 3941 459 4011 parente.

106 4027 146 4098 (α)
159 4025 305 4099 beaucoup
319 4027 408 4081 mous
422 4026 490 4082 aaut
503 4027 624 4085 iuvaret
640 4027 675 4085 ae
689 4029 716 4084 ra
732 4029 819 4103 grone
832 4029 867 4086 ae
879 4016 1071 4086 resuscitata
1084 4049 1139 4104 que

73 4114 141 4169 «lans
151 4113 221 4168 celui
231 4114 266 4168 ‹lc
275 4133 302 4168 sa
313 4134 415 4188 propre
425 4115 570 4172 ambition.
585 4118 625 4173 Cc
637 4118 681 4174 lut
691 4118 781 4176 meme
792 4137 826 4175 en
839 4121 900 4174 vain
912 4138 967 4194 qne
977 4119 1017 4174 les
1028 4120 1138 4192 princes

74 4203 175 4256 croiscs
184 4213 212 4257 ct
225 4201 262 4256 les
275 4201 376 4276 prelats
388 4203 470 4259 lirant
481 4223 519 4260 un
531 4204 610 4279 appel
622 4206 743 4263 solenucl
754 4211 768 4262 a
780 4225 822 4264 scs
831 4207 994 4263 sentiments
1005 4205 1139 4280 religieux

73 4300 100 4343 ct
116 4293 130 4344 a
145 4308 186 4345 ses
199 4301 346 4359 sumente,
361 4311 432 4364 pour
444 4292 469 4347 lc
483 4296 587 4349 retcnir
599 4311 662 4350 sons
676 4293 714 4350 lcs
727 4294 865 4368 drapeaur
878 4293 950 4349 dela
963 4293 1049 4349 croix.
