2872 4920
268 394 330 454 610
544 384 729 447 HISTORIA
751 380 1059 446 ncctsssltstlclt.
1095 386 1230 462 [1v01uu.
1244 389 1342 465 1099]

268 539 305 597 et
319 519 434 595 adhuc
451 521 488 590 in
509 517 573 590 itte
590 543 626 591 se
641 516 831 590 defendere
846 532 1168 617 praesnmpsernnt.
1185 517 1339 618 Magnos

268 643 400 712 iterum
414 638 566 734 impetus
578 634 788 708 Christianis
796 632 986 706 dederunt.
1002 633 1070 708 Sed
1083 648 1277 734 postquam
1290 637 1339 709 vi·

266 749 1337 850 derantnibilseprolecisse,gladiisprojectis‚necicollasub

265 874 408 945 misere.
420 870 620 942 Numerum
630 894 770 956 eorum,
782 868 844 968 qui
856 869 1033 967 perempti
1045 884 1145 958 sunt,
1160 894 1269 944 nemo
1279 897 1336 945 no·

264 989 330 1061 rit.
345 986 495 1087 Sanguis
507 1002 626 1058 autem
639 1010 787 1075 eorum,
799 985 861 1084 qui
874 1009 940 1082 per
952 985 1130 1084 templum
1142 984 1333 1075 delluebat,

264 1103 432 1205 usquead
446 1129 545 1175 suras
559 1099 822 1174 ambulantium
834 1100 1051 1201 attingebat,
1069 1119 1108 1174 et
1124 1102 1333 1176 cadaverum

265 1246 332 1321 per
353 1236 467 1293 totam
488 1218 667 1292 civitatem
690 1217 812 1317 magni
831 1218 947 1290 acervi
972 1216 1210 1318 augebantur,
1237 1245 1333 1320 quo·

265 1336 363 1408 niam
386 1334 539 1408 victores
563 1359 631 1407 nec
657 1333 774 1421 aetati,
802 1356 870 1405 neo
893 1334 1013 1422 sexui,
1037 1358 1107 1407 nec
1129 1333 1329 1423 nobilitati,

264 1477 332 1526 nec
348 1448 496 1526 cuilibet
514 1450 712 1524 conditioni
729 1448 1004 1523 miserebantur.
1023 1452 1143 1525 Tanto
1159 1451 1331 1552 siquidem

264 1569 350 1643 odio
372 1569 679 1670 persequebantur
704 1593 763 1641 eos
792 1584 828 1641 et
857 1566 1102 1667 perimebant,
1128 1571 1213 1669 quia
1241 1586 1330 1643 tem-

263 1687 365 1785 plum
378 1687 524 1759 Domini
539 1701 575 1759 et
590 1686 709 1758 Sancti
727 1685 888 1782 Sepulcri
906 1684 1089 1758 basilicam
1107 1688 1327 1787 polluerant,

264 1818 300 1875 et
317 1804 493 1900 templum
512 1802 733 1891 Salomonis,
756 1802 913 1902 aliasque
937 1801 1100 1875 ecclesias
1124 1805 1196 1876 suis
1216 1805 1330 1877 usibus

265 1916 399 1990 illicitis
410 1917 688 2014 peculiaverant,
705 1943 745 1989 ac
762 1916 971 1989 indecenter
984 1920 1327 1992 contaminaverant.

264 2035 379 2134 Super
408 2034 608 2108 Salomonis
638 2034 815 2132 templum
847 2033 994 2134 quidam
1021 2032 1269 2134 diffugerant,
1299 2052 1330 2108 et

264 2154 406 2252 signum
421 2150 597 2225 Tancredi
615 2166 848 2250 rogaverant,
867 2167 908 2222 ut
923 2152 1049 2224 saltem
1064 2152 1116 2225 sic
1134 2153 1330 2227 liberaren-

266 2283 326 2338 tur
334 2295 345 2355 ς
361 2293 435 2366 quo
447 2283 611 2364 accepto,
625 2268 809 2339 fortunam
823 2265 1022 2367 quamlibet
1035 2268 1329 2366 opperiebantur.

265 2382 334 2455 Sed
363 2408 493 2480 parum
523 2383 581 2454 vel
608 2381 699 2454 nihil
726 2385 776 2455 sic
801 2385 1056 2482 proiecerunt,
1080 2388 1164 2486 quia
1191 2412 1261 2460 nec
1288 2389 1332 2460 eis

265 2496 458 2571 Christiani
483 2515 748 2598 pepercerunt:
766 2517 916 2599 excepto
937 2500 1055 2600 quod,
1078 2502 1141 2601 qui
1167 2520 1333 2576 mortuos

265 2615 460 2704 efferrent,
492 2616 630 2716 aliquos
659 2616 704 2689 ad
733 2631 873 2715 tempus
904 2619 1005 2691 vivos
1035 2637 1329 2709 reservaverunt,

265 2758 355 2833 quos
369 2731 524 2831 denique
538 2732 796 2821 vendiderunt,
812 2735 868 2806 vel
884 2761 903 2806 a
920 2736 1057 2834 superis
1070 2736 1329 2810 alienaverunt.

265 2848 470 2923 Tancredus
494 2849 577 2922 inde
595 2851 751 2924 multum
775 2853 1005 2926 contristatus
1027 2870 1100 2940 est,
1126 2880 1193 2928 nec
1217 2872 1329 2927 tamen

264 2993 372 3066 super
390 2966 459 3041 hoc
476 2981 603 3041 contra
621 2967 756 3042 sodales
772 2994 853 3041 suos
872 2968 1038 3042 efferatus
1056 2987 1111 3042 est
1129 2973 1199 3068 (r).
1219 2973 1329 3044 ΤοΙο-

264 3110 368 3157 sanus
380 3099 497 3156 autem
512 3109 631 3157 comes
642 3085 899 3174 Admiralium,
916 3087 978 3187 qui
992 3087 1023 3160 ei
1036 3112 1072 3160 se
1085 3090 1328 3175 commiserat,

263 3218 300 3277 et
311 3228 431 3276 arcem
441 3202 555 3275 David
565 3201 781 3295 reddiderat,
795 3205 954 3305 aliosque
964 3207 1027 3306 qui
1039 3232 1124 3279 cum
1136 3206 1201 3281 illo
1212 3222 1329 3293 erant,

263 3321 394 3394 illaesos
422 3319 603 3421 usquead
631 3319 846 3395 Ascalonem
876 3322 1028 3396 conduci
1060 3325 1249 3423 praecepit.
1283 3328 1328 3396 lta

263 3439 360 3512 enim
377 3438 428 3512 eis
447 3438 651 3538 pepigerat,
669 3454 884 3540 pactumque
907 3466 1011 3513 suum
1038 3438 1221 3514 illibatum
1243 3466 1330 3514 con-

263 3556 430 3629 servavit.
456 3554 621 3628 Victores
647 3571 765 3629 autem
789 3556 968 3630 ciuitatem
999 3554 1101 3630 illam
1129 3584 1208 3633 non
1234 3584 1330 3632 more

298 3808 336 3876 (1)
352 3808 380 3864 Si
398 3807 453 3864 l'ou
469 3826 505 3865 en
521 3810 627 3882 croyait
639 3809 736 3865 Pierre
749 3808 917 3877 Tudebode,
931 3808 971 3864 les
984 3809 1082 3865 choses
1094 3828 1124 3864 se
1137 3814 1260 3867 seraieut
1273 3829 1329 3885 pas·

262 3898 320 3951 sees
337 3895 420 3952 d'une
439 3901 561 3954 maniere
579 3899 722 3973 beaucoup
740 3900 831 3954 moins
847 3899 1002 3955 bonorable
1019 3917 1090 3972 pour
1104 3900 1131 3955 lc
1144 3904 1284 3957 caractere
1299 3901 1331 3955 dr

262 3986 420 4053 Tancrede,
434 4001 462 4044 et
477 3990 542 4045 c‘est
555 3990 699 4045 lui-meme
710 3991 760 4065 qui
772 3992 862 4046 aurait
877 3990 927 4046 fait
939 3990 1050 4063 publier
1066 3989 1092 4045 le
1109 3992 1218 4047 samedi
1233 3994 1328 4049 oratio.

261 4095 312 4149 par
328 4095 367 4130 un
394 4076 487 4131 crieur
502 4078 610 4150 public,
631 4098 686 4153 que
703 4080 861 4154 quicunque
886 4079 990 4135 voulait
1007 4089 1071 4135 tuor
1091 4079 1141 4134 des
1162 4082 1330 4138 Musulmaru

262 4167 361 4220 n'arait
375 4167 438 4240 qu’i
452 4184 480 4223 se
492 4167 593 4224 rendre
606 4172 621 4223 a
635 4169 659 4223 la
674 4173 804 4246 tuosquee
815 4170 853 4226 du
867 4171 972 4245 temple
983 4171 1018 4226 de
1030 4170 1173 4226 Salomon.
