<?xml version="1.0" encoding="UTF-8"?>
<!DOCTYPE html PUBLIC "-//W3C//DTD XHTML 1.0 Transitional//EN"
    "http://www.w3.org/TR/xhtml1/DTD/xhtml1-transitional.dtd">
<html xmlns="http://www.w3.org/1999/xhtml" xml:lang="en" lang="en">
 <head>
  <title>
</title>
<meta http-equiv="Content-Type" content="text/html;charset=utf-8" />
  <meta name='ocr-system' content='tesseract 3.04.00' />
  <meta name='ocr-capabilities' content='ocr_page ocr_carea ocr_par ocr_line ocrx_word'/>
</head>
<body>
  <div class='ocr_page' id='page_1' title='image "./ordericivitalis05deligoog/ordericivitalis05deligoog_0570.png"; bbox 0 0 2888 4934; ppageno 0'>
   <div class='ocr_carea' id='block_1_1' title="bbox 111 409 1172 491">
    <p class='ocr_par' dir='ltr' id='par_1_1' title="bbox 111 409 1172 491">
     <span class='ocr_line' id='line_1_1' title="bbox 111 409 1172 491; baseline 0.001 -19"><span class='ocrx_word' id='word_1_1' title='bbox 111 412 232 491; x_wconf 74' lang='lat' dir='ltr'><strong>[trrrvtno</strong></span> <span class='ocrx_word' id='word_1_2' title='bbox 247 433 322 474; x_wconf 81' lang='lat' dir='ltr'><strong>tuuu</strong></span> <span class='ocrx_word' id='word_1_3' title='bbox 342 412 431 491; x_wconf 81' lang='lat'>1098]</span> <span class='ocrx_word' id='word_1_4' title='bbox 500 410 617 472; x_wconf 80' lang='lat' dir='ltr'>LIBER</span> <span class='ocrx_word' id='word_1_5' title='bbox 638 409 776 472; x_wconf 84' lang='lat' dir='ltr'><strong>NONUS.</strong></span> <span class='ocrx_word' id='word_1_6' title='bbox 1115 415 1172 475; x_wconf 82' lang='lat'><strong>561</strong></span> 
     </span>
    </p>
   </div>
   <div class='ocr_carea' id='block_1_2' title="bbox 110 540 1200 3914">
    <p class='ocr_par' dir='ltr' id='par_1_2' title="bbox 111 540 1177 643">
     <span class='ocr_line' id='line_1_2' title="bbox 111 540 1177 643; baseline 0.001 -28"><span class='ocrx_word' id='word_1_7' title='bbox 111 568 263 643; x_wconf 89' lang='lat' dir='ltr'><strong>corpora</strong></span> <span class='ocrx_word' id='word_1_8' title='bbox 279 541 503 641; x_wconf 82' lang='lat' dir='ltr'>repellebant</span> <span class='ocrx_word' id='word_1_9' title='bbox 518 540 746 641; x_wconf 84' lang='lat' dir='ltr'><strong>corporibus.</strong></span> <span class='ocrx_word' id='word_1_10' title='bbox 767 541 895 614; x_wconf 86' lang='lat' dir='ltr'><strong>Timor</strong></span> <span class='ocrx_word' id='word_1_11' title='bbox 912 551 1051 632; x_wconf 82' lang='lat' dir='ltr'><strong>tamen,</strong></span> <span class='ocrx_word' id='word_1_12' title='bbox 1069 568 1177 641; x_wconf 86' lang='lat' dir='ltr'><strong>super</strong></span> 
     </span>
    </p>

    <p class='ocr_par' dir='ltr' id='par_1_3' title="bbox 111 658 1178 757">
     <span class='ocr_line' id='line_1_3' title="bbox 111 658 1178 757; baseline 0.002 -28"><span class='ocrx_word' id='word_1_13' title='bbox 111 660 248 731; x_wconf 87' lang='lat' dir='ltr'><strong>Turcos</strong></span> <span class='ocrx_word' id='word_1_14' title='bbox 261 658 432 731; x_wconf 89' lang='lat' dir='ltr'><strong>divinitus</strong></span> <span class='ocrx_word' id='word_1_15' title='bbox 446 658 611 757; x_wconf 89' lang='lat' dir='ltr'><strong>illapsus,</strong></span> <span class='ocrx_word' id='word_1_16' title='bbox 631 682 691 731; x_wconf 90' lang='lat' dir='ltr'><strong>eos</strong></span> <span class='ocrx_word' id='word_1_17' title='bbox 705 658 903 746; x_wconf 84' lang='lat' dir='ltr'><strong>exterruit,</strong></span> <span class='ocrx_word' id='word_1_18' title='bbox 924 674 961 728; x_wconf 92' lang='lat' dir='ltr'><strong>et</strong></span> <span class='ocrx_word' id='word_1_19' title='bbox 978 661 1178 732; x_wconf 89' lang='lat' dir='ltr'><strong>constantia</strong></span> 
     </span>
    </p>

    <p class='ocr_par' dir='ltr' id='par_1_4' title="bbox 113 773 1178 873">
     <span class='ocr_line' id='line_1_4' title="bbox 113 773 1178 873; baseline -0.001 -23"><span class='ocrx_word' id='word_1_20' title='bbox 113 774 330 850; x_wconf 85' lang='lat' dir='ltr'><strong>invincibilis</strong></span> <span class='ocrx_word' id='word_1_21' title='bbox 353 776 433 848; x_wconf 90' lang='lat' dir='ltr'><strong>illos</strong></span> <span class='ocrx_word' id='word_1_22' title='bbox 448 775 618 849; x_wconf 86' lang='lat' dir='ltr'><strong>admirari</strong></span> <span class='ocrx_word' id='word_1_23' title='bbox 636 792 672 848; x_wconf 89' lang='lat' dir='ltr'><strong>et</strong></span> <span class='ocrx_word' id='word_1_24' title='bbox 695 773 945 873; x_wconf 76' lang='lat' dir='ltr'><strong>obstupescere</strong></span> <span class='ocrx_word' id='word_1_25' title='bbox 960 776 1062 863; x_wconf 83' lang='lat' dir='ltr'><strong>lecit,</strong></span> <span class='ocrx_word' id='word_1_26' title='bbox 1089 778 1178 849; x_wconf 88' lang='lat' dir='ltr'><strong>etin</strong></span> 
     </span>
    </p>

    <p class='ocr_par' dir='ltr' id='par_1_5' title="bbox 110 892 1179 992">
     <span class='ocr_line' id='line_1_5' title="bbox 110 892 1179 992; baseline 0.003 -28"><span class='ocrx_word' id='word_1_27' title='bbox 110 894 231 992; x_wconf 76' lang='lat' dir='ltr'><strong>lugam</strong></span> <span class='ocrx_word' id='word_1_28' title='bbox 260 893 388 991; x_wconf 78' lang='lat' dir='ltr'><strong>coegit.</strong></span> <span class='ocrx_word' id='word_1_29' title='bbox 419 894 529 991; x_wconf 77' lang='lat' dir='ltr'><strong>Legio</strong></span> <span class='ocrx_word' id='word_1_30' title='bbox 561 893 672 992; x_wconf 79' lang='lat' dir='ltr'><strong>igitur</strong></span> <span class='ocrx_word' id='word_1_31' title='bbox 701 908 773 965; x_wconf 85' lang='lat' dir='ltr'><strong>tota</strong></span> <span class='ocrx_word' id='word_1_32' title='bbox 799 893 914 990; x_wconf 89' lang='lat' dir='ltr'><strong>coepit</strong></span> <span class='ocrx_word' id='word_1_33' title='bbox 939 892 1079 981; x_wconf 88' lang='lat' dir='ltr'><strong>labare,</strong></span> <span class='ocrx_word' id='word_1_34' title='bbox 1112 917 1179 967; x_wconf 91' lang='lat' dir='ltr'><strong>nec</strong></span> 
     </span>
    </p>

    <p class='ocr_par' dir='ltr' id='par_1_6' title="bbox 113 1008 1181 1108">
     <span class='ocr_line' id='line_1_6' title="bbox 113 1008 1181 1108; baseline 0.003 -28"><span class='ocrx_word' id='word_1_35' title='bbox 113 1008 282 1096; x_wconf 89' lang='lat' dir='ltr'><strong>buccina,</strong></span> <span class='ocrx_word' id='word_1_36' title='bbox 305 1035 371 1082; x_wconf 89' lang='lat' dir='ltr'><strong>nee</strong></span> <span class='ocrx_word' id='word_1_37' title='bbox 396 1025 605 1107; x_wconf 76' lang='lat' dir='ltr'><strong>tympanum</strong></span> <span class='ocrx_word' id='word_1_38' title='bbox 624 1010 697 1107; x_wconf 81' lang='grc' dir='ltr'>(ι),</span> <span class='ocrx_word' id='word_1_39' title='bbox 725 1033 789 1082; x_wconf 90' lang='lat' dir='ltr'><strong>nec</strong></span> <span class='ocrx_word' id='word_1_40' title='bbox 816 1009 943 1097; x_wconf 90' lang='lat' dir='ltr'><strong>lituus,</strong></span> <span class='ocrx_word' id='word_1_41' title='bbox 970 1034 1036 1082; x_wconf 89' lang='lat' dir='ltr'><strong>nec</strong></span> <span class='ocrx_word' id='word_1_42' title='bbox 1059 1035 1181 1108; x_wconf 87' lang='lat' dir='ltr'><strong>praeco</strong></span> 
     </span>
    </p>

    <p class='ocr_par' dir='ltr' id='par_1_7' title="bbox 113 1125 1182 1224">
     <span class='ocr_line' id='line_1_7' title="bbox 113 1125 1182 1224; baseline 0.002 -28"><span class='ocrx_word' id='word_1_43' title='bbox 113 1141 255 1223; x_wconf 88' lang='lat' dir='ltr'><strong>poterat</strong></span> <span class='ocrx_word' id='word_1_44' title='bbox 270 1148 330 1197; x_wconf 90' lang='lat' dir='ltr'><strong>eos</strong></span> <span class='ocrx_word' id='word_1_45' title='bbox 347 1149 528 1198; x_wconf 88' lang='lat' dir='ltr'><strong>revocare.</strong></span> <span class='ocrx_word' id='word_1_46' title='bbox 553 1125 760 1224; x_wconf 81' lang='lat' dir='ltr'><strong>Fugitantes</strong></span> <span class='ocrx_word' id='word_1_47' title='bbox 777 1143 896 1197; x_wconf 90' lang='lat' dir='ltr'><strong>autem</strong></span> <span class='ocrx_word' id='word_1_48' title='bbox 914 1126 1023 1199; x_wconf 87' lang='lat' dir='ltr'><strong>Turci</strong></span> <span class='ocrx_word' id='word_1_49' title='bbox 1040 1125 1084 1197; x_wconf 87' lang='lat' dir='ltr'><strong>ad</strong></span> <span class='ocrx_word' id='word_1_50' title='bbox 1104 1142 1182 1199; x_wconf 89' lang='lat' dir='ltr'><strong>ten-</strong></span> 
     </span>
    </p>

    <p class='ocr_par' dir='ltr' id='par_1_8' title="bbox 113 1240 1183 1577">
     <span class='ocr_line' id='line_1_8' title="bbox 114 1240 1183 1342; baseline 0.001 -28"><span class='ocrx_word' id='word_1_51' title='bbox 114 1243 206 1314; x_wconf 91' lang='lat' dir='ltr'><strong>toria</strong></span> <span class='ocrx_word' id='word_1_52' title='bbox 224 1240 514 1333; x_wconf 81' lang='lat' dir='ltr'><strong>declinaverunt,</strong></span> <span class='ocrx_word' id='word_1_53' title='bbox 534 1241 597 1314; x_wconf 89' lang='lat' dir='ltr'><strong>ubi</strong></span> <span class='ocrx_word' id='word_1_54' title='bbox 615 1243 747 1315; x_wconf 88' lang='lat' dir='ltr'><strong>multos</strong></span> <span class='ocrx_word' id='word_1_55' title='bbox 764 1268 930 1332; x_wconf 85' lang='lat' dir='ltr'><strong>suorum,</strong></span> <span class='ocrx_word' id='word_1_56' title='bbox 950 1267 1040 1342; x_wconf 88' lang='lat' dir='ltr'><strong>quos</strong></span> <span class='ocrx_word' id='word_1_57' title='bbox 1060 1243 1109 1315; x_wconf 92' lang='lat' dir='ltr'><strong>ibi</strong></span> <span class='ocrx_word' id='word_1_58' title='bbox 1126 1241 1183 1315; x_wconf 86' lang='lat' dir='ltr'><strong>di-</strong></span> 
     </span>
     <span class='ocr_line' id='line_1_9' title="bbox 113 1359 1183 1459; baseline 0.004 -30"><span class='ocrx_word' id='word_1_59' title='bbox 113 1359 304 1448; x_wconf 82' lang='lat' dir='ltr'><strong>miserant,</strong></span> <span class='ocrx_word' id='word_1_60' title='bbox 322 1361 605 1432; x_wconf 87' lang='lat' dir='ltr'><strong>succenturiatos</strong></span> <span class='ocrx_word' id='word_1_61' title='bbox 622 1361 676 1456; x_wconf 85' lang='lat'><strong>(2)</strong></span> <span class='ocrx_word' id='word_1_62' title='bbox 692 1359 934 1448; x_wconf 79' lang='lat' dir='ltr'><strong>aestimabant3</strong></span> <span class='ocrx_word' id='word_1_63' title='bbox 956 1362 1036 1459; x_wconf 87' lang='lat' dir='ltr'><strong>qui,</strong></span> <span class='ocrx_word' id='word_1_64' title='bbox 1055 1376 1096 1432; x_wconf 91' lang='lat' dir='ltr'><strong>ut</strong></span> <span class='ocrx_word' id='word_1_65' title='bbox 1110 1360 1183 1433; x_wconf 92' lang='lat' dir='ltr'><strong>dic·</strong></span> 
     </span>
     <span class='ocr_line' id='line_1_10' title="bbox 114 1475 1178 1577; baseline 0.004 -31"><span class='ocrx_word' id='word_1_66' title='bbox 114 1493 192 1546; x_wconf 90' lang='lat' dir='ltr'><strong>tum</strong></span> <span class='ocrx_word' id='word_1_67' title='bbox 226 1492 295 1561; x_wconf 90' lang='lat' dir='ltr'><strong>est,</strong></span> <span class='ocrx_word' id='word_1_68' title='bbox 328 1475 402 1547; x_wconf 92' lang='lat' dir='ltr'><strong>istis</strong></span> <span class='ocrx_word' id='word_1_69' title='bbox 440 1475 658 1549; x_wconf 82' lang='lat' dir='ltr'><strong>certantibus</strong></span> <span class='ocrx_word' id='word_1_70' title='bbox 692 1478 775 1575; x_wconf 77' lang='lat' dir='ltr'><strong>igue</strong></span> <span class='ocrx_word' id='word_1_71' title='bbox 816 1502 965 1550; x_wconf 90' lang='lat' dir='ltr'><strong>accenso</strong></span> <span class='ocrx_word' id='word_1_72' title='bbox 999 1480 1178 1577; x_wconf 75' lang='lat' dir='ltr'><strong>fugerant.</strong></span> 
     </span>
    </p>

    <p class='ocr_par' dir='ltr' id='par_1_9' title="bbox 113 1592 1200 2737">
     <span class='ocr_line' id='line_1_11' title="bbox 113 1592 1183 1697; baseline 0.005 -34"><span class='ocrx_word' id='word_1_73' title='bbox 113 1593 275 1692; x_wconf 89' lang='lat' dir='ltr'><strong>Denique</strong></span> <span class='ocrx_word' id='word_1_74' title='bbox 292 1592 484 1665; x_wconf 83' lang='lat' dir='ltr'><strong>Christiani</strong></span> <span class='ocrx_word' id='word_1_75' title='bbox 503 1619 660 1694; x_wconf 79' lang='lat' dir='ltr'><strong>paganos</strong></span> <span class='ocrx_word' id='word_1_76' title='bbox 675 1594 848 1667; x_wconf 83' lang='lat' dir='ltr'><strong>atrociter</strong></span> <span class='ocrx_word' id='word_1_77' title='bbox 859 1592 1056 1668; x_wconf 91' lang='lat' dir='ltr'><strong>occidendo</strong></span> <span class='ocrx_word' id='word_1_78' title='bbox 1071 1621 1183 1697; x_wconf 88' lang='lat' dir='ltr'><strong>usque</strong></span> 
     </span>
     <span class='ocr_line' id='line_1_12' title="bbox 113 1708 1186 1810; baseline 0.006 -30"><span class='ocrx_word' id='word_1_79' title='bbox 113 1708 158 1780; x_wconf 87' lang='lat' dir='ltr'><strong>ad</strong></span> <span class='ocrx_word' id='word_1_80' title='bbox 165 1709 317 1782; x_wconf 89' lang='lat' dir='ltr'><strong>Pontem</strong></span> <span class='ocrx_word' id='word_1_81' title='bbox 326 1710 734 1809; x_wconf 82' lang='lat' dir='ltr'><strong>Ferreumsugaverunt,</strong></span> <span class='ocrx_word' id='word_1_82' title='bbox 747 1710 1186 1810; x_wconf 85' lang='lat' dir='ltr'><strong>etpassimobtruncando</strong></span> 
     </span>
     <span class='ocr_line' id='line_1_13' title="bbox 115 1825 1184 1926; baseline 0.006 -29"><span class='ocrx_word' id='word_1_83' title='bbox 115 1851 226 1926; x_wconf 84' lang='lat' dir='ltr'><strong>usque</strong></span> <span class='ocrx_word' id='word_1_84' title='bbox 252 1825 296 1898; x_wconf 90' lang='lat' dir='ltr'><strong>ad</strong></span> <span class='ocrx_word' id='word_1_85' title='bbox 314 1826 491 1900; x_wconf 86' lang='lat' dir='ltr'><strong>Tuncredi</strong></span> <span class='ocrx_word' id='word_1_86' title='bbox 518 1828 702 1900; x_wconf 88' lang='lat' dir='ltr'><strong>castellum</strong></span> <span class='ocrx_word' id='word_1_87' title='bbox 731 1830 906 1926; x_wconf 86' lang='lat' dir='ltr'><strong>persecuti</strong></span> <span class='ocrx_word' id='word_1_88' title='bbox 932 1845 1027 1901; x_wconf 93' lang='lat' dir='ltr'><strong>sunt.</strong></span> <span class='ocrx_word' id='word_1_89' title='bbox 1046 1828 1184 1903; x_wconf 87' lang='lat' dir='ltr'><strong>Deinde</strong></span> 
     </span>
     <span class='ocr_line' id='line_1_14' title="bbox 114 1939 1186 2042; baseline 0.007 -31"><span class='ocrx_word' id='word_1_90' title='bbox 114 1939 157 2012; x_wconf 93' lang='lat' dir='ltr'><strong>ad</strong></span> <span class='ocrx_word' id='word_1_91' title='bbox 186 1939 309 2016; x_wconf 88' lang='lat' dir='ltr'><strong>tendas</strong></span> <span class='ocrx_word' id='word_1_92' title='bbox 330 1968 457 2015; x_wconf 87' lang='lat' dir='ltr'><strong>eorum</strong></span> <span class='ocrx_word' id='word_1_93' title='bbox 483 1942 687 2030; x_wconf 89' lang='lat' dir='ltr'><strong>redierunt,</strong></span> <span class='ocrx_word' id='word_1_94' title='bbox 707 1960 744 2016; x_wconf 88' lang='lat' dir='ltr'><strong>ut</strong></span> <span class='ocrx_word' id='word_1_95' title='bbox 760 1941 936 2042; x_wconf 90' lang='lat' dir='ltr'><strong>quidquid</strong></span> <span class='ocrx_word' id='word_1_96' title='bbox 955 1961 1033 2016; x_wconf 90' lang='lat' dir='ltr'><strong>erat</strong></span> <span class='ocrx_word' id='word_1_97' title='bbox 1054 1970 1186 2018; x_wconf 91' lang='lat' dir='ltr'><strong>coneu-</strong></span> 
     </span>
     <span class='ocr_line' id='line_1_15' title="bbox 113 2056 1200 2161; baseline 0.006 -33"><span class='ocrx_word' id='word_1_98' title='bbox 113 2057 276 2154; x_wconf 88' lang='lat' dir='ltr'><strong>piscibile</strong></span> <span class='ocrx_word' id='word_1_99' title='bbox 293 2056 536 2156; x_wconf 88' lang='lat' dir='ltr'><strong>diripuerunt.</strong></span> <span class='ocrx_word' id='word_1_100' title='bbox 555 2058 663 2131; x_wconf 85' lang='lat' dir='ltr'><strong>Gazas</strong></span> <span class='ocrx_word' id='word_1_101' title='bbox 681 2057 926 2147; x_wconf 89' lang='lat' dir='ltr'><strong>omnimodas,</strong></span> <span class='ocrx_word' id='word_1_102' title='bbox 942 2084 1026 2148; x_wconf 69' lang='lat' dir='ltr'><strong>oves</strong></span> <span class='ocrx_word' id='word_1_103' title='bbox 1044 2061 1200 2161; x_wconf 74' lang='lat' dir='ltr'><strong>lanige-‘</strong></span> 
     </span>
     <span class='ocr_line' id='line_1_16' title="bbox 116 2176 1187 2279; baseline 0.007 -35"><span class='ocrx_word' id='word_1_104' title='bbox 116 2181 191 2262; x_wconf 88' lang='lat' dir='ltr'><strong>ras,</strong></span> <span class='ocrx_word' id='word_1_105' title='bbox 218 2176 379 2274; x_wconf 89' lang='lat' dir='ltr'><strong>jumenta</strong></span> <span class='ocrx_word' id='word_1_106' title='bbox 406 2177 614 2263; x_wconf 86' lang='lat' dir='ltr'><strong>innumera,</strong></span> <span class='ocrx_word' id='word_1_107' title='bbox 641 2176 810 2248; x_wconf 85' lang='lat' dir='ltr'><strong>alimenta</strong></span> <span class='ocrx_word' id='word_1_108' title='bbox 836 2178 997 2275; x_wconf 87' lang='lat' dir='ltr'><strong>copiosa,</strong></span> <span class='ocrx_word' id='word_1_109' title='bbox 1020 2191 1057 2251; x_wconf 90' lang='lat' dir='ltr'><strong>et</strong></span> <span class='ocrx_word' id='word_1_110' title='bbox 1082 2204 1187 2279; x_wconf 88' lang='lat' dir='ltr'><strong>quae-</strong></span> 
     </span>
     <span class='ocr_line' id='line_1_17' title="bbox 115 2291 1186 2392; baseline 0.007 -29"><span class='ocrx_word' id='word_1_111' title='bbox 115 2317 268 2392; x_wconf 87' lang='lat' dir='ltr'><strong>cumque</strong></span> <span class='ocrx_word' id='word_1_112' title='bbox 295 2291 537 2392; x_wconf 76' lang='lat' dir='ltr'><strong>indigentibus</strong></span> <span class='ocrx_word' id='word_1_113' title='bbox 561 2309 666 2367; x_wconf 89' lang='lat' dir='ltr'><strong>erant</strong></span> <span class='ocrx_word' id='word_1_114' title='bbox 693 2295 906 2384; x_wconf 89' lang='lat' dir='ltr'><strong>necessaria,</strong></span> <span class='ocrx_word' id='word_1_115' title='bbox 938 2295 975 2368; x_wconf 92' lang='lat' dir='ltr'><strong>in</strong></span> <span class='ocrx_word' id='word_1_116' title='bbox 1003 2297 1186 2371; x_wconf 85' lang='lat' dir='ltr'><strong>civitatem</strong></span> 
     </span>
     <span class='ocr_line' id='line_1_18' title="bbox 113 2406 1185 2513; baseline 0.008 -34"><span class='ocrx_word' id='word_1_117' title='bbox 113 2406 323 2482; x_wconf 90' lang='lat' dir='ltr'><strong>detulerunt</strong></span> <span class='ocrx_word' id='word_1_118' title='bbox 336 2438 419 2484; x_wconf 89' lang='lat' dir='ltr'><strong>cum</strong></span> <span class='ocrx_word' id='word_1_119' title='bbox 437 2411 659 2511; x_wconf 88' lang='lat' dir='ltr'><strong>jocunditate</strong></span> <span class='ocrx_word' id='word_1_120' title='bbox 676 2437 820 2511; x_wconf 78' lang='lat' dir='ltr'><strong>magna.</strong></span> <span class='ocrx_word' id='word_1_121' title='bbox 840 2411 920 2485; x_wconf 87' lang='lat' dir='ltr'><strong>Mos</strong></span> <span class='ocrx_word' id='word_1_122' title='bbox 938 2413 1036 2486; x_wconf 88' lang='lat' dir='ltr'><strong>euim</strong></span> <span class='ocrx_word' id='word_1_123' title='bbox 1061 2417 1185 2513; x_wconf 83' lang='lat' dir='ltr'><strong>genti-</strong></span> 
     </span>
     <span class='ocr_line' id='line_1_19' title="bbox 116 2525 1185 2630; baseline 0.007 -33"><span class='ocrx_word' id='word_1_124' title='bbox 116 2525 204 2599; x_wconf 91' lang='lat' dir='ltr'><strong>lium</strong></span> <span class='ocrx_word' id='word_1_125' title='bbox 220 2545 290 2616; x_wconf 89' lang='lat' dir='ltr'><strong>est,</strong></span> <span class='ocrx_word' id='word_1_126' title='bbox 317 2529 354 2601; x_wconf 94' lang='lat' dir='ltr'><strong>iu</strong></span> <span class='ocrx_word' id='word_1_127' title='bbox 380 2529 519 2603; x_wconf 88' lang='lat' dir='ltr'><strong>hostem</strong></span> <span class='ocrx_word' id='word_1_128' title='bbox 537 2531 698 2629; x_wconf 88' lang='lat' dir='ltr'><strong>copiosas</strong></span> <span class='ocrx_word' id='word_1_129' title='bbox 722 2555 808 2627; x_wconf 86' lang='lat' dir='ltr'><strong>opes</strong></span> <span class='ocrx_word' id='word_1_130' title='bbox 830 2527 989 2618; x_wconf 76' lang='lat' dir='ltr'><strong>deferre,</strong></span> <span class='ocrx_word' id='word_1_131' title='bbox 1014 2556 1124 2630; x_wconf 85' lang='lat' dir='ltr'><strong>equos</strong></span> <span class='ocrx_word' id='word_1_132' title='bbox 1148 2548 1185 2605; x_wconf 90' lang='lat' dir='ltr'><strong>et</strong></span> 
     </span>
     <span class='ocr_line' id='line_1_20' title="bbox 114 2643 1181 2737; baseline 0.006 -24"><span class='ocrx_word' id='word_1_133' title='bbox 114 2643 230 2715; x_wconf 90' lang='lat' dir='ltr'><strong>asinos</strong></span> <span class='ocrx_word' id='word_1_134' title='bbox 247 2661 283 2715; x_wconf 88' lang='lat' dir='ltr'><strong>et</strong></span> <span class='ocrx_word' id='word_1_135' title='bbox 299 2644 452 2717; x_wconf 90' lang='lat' dir='ltr'><strong>camelos</strong></span> <span class='ocrx_word' id='word_1_136' title='bbox 464 2644 509 2717; x_wconf 90' lang='lat' dir='ltr'><strong>ad</strong></span> <span class='ocrx_word' id='word_1_137' title='bbox 525 2643 796 2717; x_wconf 86' lang='lat' dir='ltr'><strong>subvehendum</strong></span> <span class='ocrx_word' id='word_1_138' title='bbox 809 2644 1016 2718; x_wconf 90' lang='lat' dir='ltr'><strong>clitellarios</strong></span> <span class='ocrx_word' id='word_1_139' title='bbox 1030 2644 1181 2737; x_wconf 89' lang='lat' dir='ltr'><strong>ducere,</strong></span> 
     </span>
    </p>

    <p class='ocr_par' dir='ltr' id='par_1_10' title="bbox 113 2756 1184 2975">
     <span class='ocr_line' id='line_1_21' title="bbox 114 2756 1184 2847; baseline 0.005 -19"><span class='ocrx_word' id='word_1_140' title='bbox 114 2781 197 2829; x_wconf 85' lang='lat' dir='ltr'><strong>oves</strong></span> <span class='ocrx_word' id='word_1_141' title='bbox 214 2772 251 2827; x_wconf 92' lang='lat' dir='ltr'><strong>et</strong></span> <span class='ocrx_word' id='word_1_142' title='bbox 274 2756 382 2831; x_wconf 89' lang='lat' dir='ltr'><strong>boves</strong></span> <span class='ocrx_word' id='word_1_143' title='bbox 400 2757 444 2830; x_wconf 86' lang='lat' dir='ltr'><strong>ad</strong></span> <span class='ocrx_word' id='word_1_144' title='bbox 472 2757 731 2833; x_wconf 86' lang='lat' dir='ltr'><strong>comedendum</strong></span> <span class='ocrx_word' id='word_1_145' title='bbox 758 2756 910 2847; x_wconf 88' lang='lat' dir='ltr'><strong>habere,</strong></span> <span class='ocrx_word' id='word_1_146' title='bbox 939 2785 1122 2833; x_wconf 88' lang='lat' dir='ltr'><strong>annonam</strong></span> <span class='ocrx_word' id='word_1_147' title='bbox 1147 2778 1184 2833; x_wconf 91' lang='lat' dir='ltr'><strong>et</strong></span> 
     </span>
     <span class='ocr_line' id='line_1_22' title="bbox 113 2874 1182 2975; baseline 0.005 -30"><span class='ocrx_word' id='word_1_148' title='bbox 113 2874 265 2947; x_wconf 80' lang='lat' dir='ltr'><strong>lerinam</strong></span> <span class='ocrx_word' id='word_1_149' title='bbox 272 2931 282 2963; x_wconf 92' lang='lat'><strong>,</strong></span> <span class='ocrx_word' id='word_1_150' title='bbox 303 2875 418 2948; x_wconf 82' lang='lat' dir='ltr'><strong>labam</strong></span> <span class='ocrx_word' id='word_1_151' title='bbox 435 2893 471 2949; x_wconf 90' lang='lat' dir='ltr'><strong>et</strong></span> <span class='ocrx_word' id='word_1_152' title='bbox 491 2877 630 2965; x_wconf 89' lang='lat' dir='ltr'><strong>oleum,</strong></span> <span class='ocrx_word' id='word_1_153' title='bbox 649 2877 846 2975; x_wconf 75' lang='lat' dir='ltr'><strong>vinumque</strong></span> <span class='ocrx_word' id='word_1_154' title='bbox 866 2901 939 2949; x_wconf 91' lang='lat' dir='ltr'><strong>uon</strong></span> <span class='ocrx_word' id='word_1_155' title='bbox 958 2878 1182 2974; x_wconf 67' lang='lat' dir='ltr'><strong>praetermit-</strong></span> 
     </span>
    </p>

    <p class='ocr_par' dir='ltr' id='par_1_11' title="bbox 115 2991 1182 3068">
     <span class='ocr_line' id='line_1_23' title="bbox 115 2991 1182 3068; baseline 0.007 -7"><span class='ocrx_word' id='word_1_156' title='bbox 115 3006 204 3063; x_wconf 90' lang='lat' dir='ltr'><strong>tere.</strong></span> <span class='ocrx_word' id='word_1_157' title='bbox 232 2992 425 3065; x_wconf 87' lang='lat' dir='ltr'><strong>Christiani</strong></span> <span class='ocrx_word' id='word_1_158' title='bbox 450 3009 568 3067; x_wconf 85' lang='lat' dir='ltr'><strong>autem</strong></span> <span class='ocrx_word' id='word_1_159' title='bbox 595 2992 650 3065; x_wconf 91' lang='lat' dir='ltr'><strong>his</strong></span> <span class='ocrx_word' id='word_1_160' title='bbox 670 2991 839 3066; x_wconf 90' lang='lat' dir='ltr'><strong>omnibus</strong></span> <span class='ocrx_word' id='word_1_161' title='bbox 856 2993 1082 3067; x_wconf 89' lang='lat' dir='ltr'><strong>abundanter</strong></span> <span class='ocrx_word' id='word_1_162' title='bbox 1099 3022 1182 3068; x_wconf 91' lang='lat' dir='ltr'><strong>cum</strong></span> 
     </span>
    </p>

    <p class='ocr_par' dir='ltr' id='par_1_12' title="bbox 114 3109 1182 3211">
     <span class='ocr_line' id='line_1_24' title="bbox 114 3109 1182 3211; baseline 0.006 -33"><span class='ocrx_word' id='word_1_163' title='bbox 114 3124 239 3205; x_wconf 90' lang='lat' dir='ltr'><strong>optato</strong></span> <span class='ocrx_word' id='word_1_164' title='bbox 270 3109 455 3208; x_wconf 88' lang='lat' dir='ltr'><strong>triumpho</strong></span> <span class='ocrx_word' id='word_1_165' title='bbox 480 3109 583 3182; x_wconf 89' lang='lat' dir='ltr'><strong>ditati</strong></span> <span class='ocrx_word' id='word_1_166' title='bbox 607 3127 710 3198; x_wconf 90' lang='lat' dir='ltr'><strong>sunt,</strong></span> <span class='ocrx_word' id='word_1_167' title='bbox 741 3125 777 3182; x_wconf 88' lang='lat' dir='ltr'><strong>et</strong></span> <span class='ocrx_word' id='word_1_168' title='bbox 801 3109 988 3211; x_wconf 81' lang='lat' dir='ltr'><strong>condignis</strong></span> <span class='ocrx_word' id='word_1_169' title='bbox 1017 3110 1182 3185; x_wconf 87' lang='lat' dir='ltr'><strong>laudibus</strong></span> 
     </span>
    </p>

    <p class='ocr_par' dir='ltr' id='par_1_13' title="bbox 114 3222 1184 3445">
     <span class='ocr_line' id='line_1_25' title="bbox 114 3222 1184 3326; baseline 0.008 -33"><span class='ocrx_word' id='word_1_170' title='bbox 114 3223 229 3295; x_wconf 91' lang='lat' dir='ltr'><strong>Deum</strong></span> <span class='ocrx_word' id='word_1_171' title='bbox 241 3222 517 3315; x_wconf 79' lang='lat' dir='ltr'><strong>benedixerunt,</strong></span> <span class='ocrx_word' id='word_1_172' title='bbox 532 3251 685 3326; x_wconf 88' lang='lat' dir='ltr'><strong>eumque</strong></span> <span class='ocrx_word' id='word_1_173' title='bbox 698 3227 750 3298; x_wconf 90' lang='lat' dir='ltr'><strong>sui</strong></span> <span class='ocrx_word' id='word_1_174' title='bbox 768 3242 1014 3325; x_wconf 88' lang='lat' dir='ltr'><strong>protectorem</strong></span> <span class='ocrx_word' id='word_1_175' title='bbox 1028 3253 1184 3326; x_wconf 77' lang='lat' dir='ltr'><strong>praesen·</strong></span> 
     </span>
     <span class='ocr_line' id='line_1_26' title="bbox 115 3341 1183 3445; baseline 0.009 -35"><span class='ocrx_word' id='word_1_176' title='bbox 115 3341 248 3414; x_wconf 87' lang='lat' dir='ltr'><strong>tialitcr</strong></span> <span class='ocrx_word' id='word_1_177' title='bbox 272 3361 541 3442; x_wconf 80' lang='lat' dir='ltr'><strong>cognoverunt,</strong></span> <span class='ocrx_word' id='word_1_178' title='bbox 561 3344 782 3445; x_wconf 77' lang='lat' dir='ltr'><strong>hymnosque</strong></span> <span class='ocrx_word' id='word_1_179' title='bbox 799 3346 1023 3444; x_wconf 78' lang='lat' dir='ltr'><strong>gratulanter</strong></span> <span class='ocrx_word' id='word_1_180' title='bbox 1041 3347 1077 3418; x_wconf 93' lang='lat' dir='ltr'><strong>in</strong></span> <span class='ocrx_word' id='word_1_181' title='bbox 1103 3371 1183 3420; x_wconf 86' lang='lat' dir='ltr'><strong>coe-</strong></span> 
     </span>
    </p>

    <p class='ocr_par' dir='ltr' id='par_1_14' title="bbox 113 3446 1050 3536">
     <span class='ocr_line' id='line_1_27' title="bbox 113 3446 1050 3536; baseline 0.011 -7"><span class='ocrx_word' id='word_1_182' title='bbox 113 3457 189 3530; x_wconf 93' lang='lat' dir='ltr'><strong>lum</strong></span> <span class='ocrx_word' id='word_1_183' title='bbox 202 3452 422 3536; x_wconf 89' lang='lat' dir='ltr'><strong>extulerunt.</strong></span> <span class='ocrx_word' id='word_1_184' title='bbox 1048 3446 1050 3451; x_wconf 17' lang='grc'>1</span> 
     </span>
    </p>

    <p class='ocr_par' dir='ltr' id='par_1_15' title="bbox 114 3575 1182 3914">
     <span class='ocr_line' id='line_1_28' title="bbox 162 3575 1181 3678; baseline 0.009 -33"><span class='ocrx_word' id='word_1_185' title='bbox 162 3575 240 3672; x_wconf 81' lang='lat' dir='ltr'><strong>Syri</strong></span> <span class='ocrx_word' id='word_1_186' title='bbox 249 3594 285 3648; x_wconf 90' lang='lat' dir='ltr'><strong>et</strong></span> <span class='ocrx_word' id='word_1_187' title='bbox 295 3577 473 3668; x_wconf 84' lang='lat' dir='ltr'><strong>Armenii,</strong></span> <span class='ocrx_word' id='word_1_188' title='bbox 486 3578 642 3678; x_wconf 77' lang='lat' dir='ltr'><strong>regionis</strong></span> <span class='ocrx_word' id='word_1_189' title='bbox 654 3578 747 3650; x_wconf 91' lang='lat' dir='ltr'><strong>illius</strong></span> <span class='ocrx_word' id='word_1_190' title='bbox 761 3578 905 3668; x_wconf 88' lang='lat' dir='ltr'><strong>iucolae,</strong></span> <span class='ocrx_word' id='word_1_191' title='bbox 918 3578 1079 3653; x_wconf 88' lang='lat' dir='ltr'><strong>videntes</strong></span> <span class='ocrx_word' id='word_1_192' title='bbox 1088 3582 1181 3654; x_wconf 86' lang='lat' dir='ltr'><strong>Tur·</strong></span> 
     </span>
     <span class='ocr_line' id='line_1_29' title="bbox 114 3692 1181 3794; baseline 0.009 -32"><span class='ocrx_word' id='word_1_193' title='bbox 114 3716 173 3763; x_wconf 92' lang='lat' dir='ltr'><strong>cos</strong></span> <span class='ocrx_word' id='word_1_194' title='bbox 201 3692 529 3794; x_wconf 87' lang='lat' dir='ltr'><strong>irrecuperabiliter</strong></span> <span class='ocrx_word' id='word_1_195' title='bbox 556 3696 593 3768; x_wconf 91' lang='lat' dir='ltr'><strong>in</strong></span> <span class='ocrx_word' id='word_1_196' title='bbox 619 3695 718 3767; x_wconf 90' lang='lat' dir='ltr'><strong>bello</strong></span> <span class='ocrx_word' id='word_1_197' title='bbox 744 3696 877 3785; x_wconf 83' lang='lat' dir='ltr'><strong>victos,</strong></span> <span class='ocrx_word' id='word_1_198' title='bbox 904 3712 1181 3771; x_wconf 88' lang='lat' dir='ltr'><strong>montanearum</strong></span> 
     </span>
     <span class='ocr_line' id='line_1_30' title="bbox 115 3811 1182 3914; baseline 0.011 -35"><span class='ocrx_word' id='word_1_199' title='bbox 115 3823 219 3881; x_wconf 87' lang='lat' dir='ltr'><strong>notos</strong></span> <span class='ocrx_word' id='word_1_200' title='bbox 233 3811 410 3883; x_wconf 75' lang='lat' dir='ltr'><strong>anfractus</strong></span> <span class='ocrx_word' id='word_1_201' title='bbox 426 3812 657 3911; x_wconf 89' lang='lat' dir='ltr'><strong>oppilabant,</strong></span> <span class='ocrx_word' id='word_1_202' title='bbox 677 3827 713 3885; x_wconf 89' lang='lat' dir='ltr'><strong>et</strong></span> <span class='ocrx_word' id='word_1_203' title='bbox 734 3812 839 3885; x_wconf 87' lang='lat' dir='ltr'><strong>calles</strong></span> <span class='ocrx_word' id='word_1_204' title='bbox 856 3829 1024 3912; x_wconf 80' lang='lat' dir='ltr'><strong>angustos</strong></span> <span class='ocrx_word' id='word_1_205' title='bbox 1037 3842 1182 3914; x_wconf 89' lang='lat' dir='ltr'><strong>praeoc-</strong></span> 
     </span>
    </p>
   </div>
   <div class='ocr_carea' id='block_1_3' title="bbox 149 4091 668 4344">
    <p class='ocr_par' dir='ltr' id='par_1_16' title="bbox 149 4091 668 4344">
     <span class='ocr_line' id='line_1_31' title="bbox 149 4091 387 4161; baseline 0.017 -18"><span class='ocrx_word' id='word_1_206' title='bbox 149 4091 187 4161; x_wconf 79' lang='grc' dir='ltr'><strong>(ι)</strong></span> <span class='ocrx_word' id='word_1_207' title='bbox 202 4091 237 4144; x_wconf 88' lang='lat' dir='ltr'><strong>Le</strong></span> <span class='ocrx_word' id='word_1_208' title='bbox 250 4091 387 4147; x_wconf 87' lang='lat' dir='ltr'><strong>tambuur.</strong></span> 
     </span>
     <span class='ocr_line' id='line_1_32' title="bbox 149 4179 668 4255; baseline 0.008 -23"><span class='ocrx_word' id='word_1_209' title='bbox 149 4182 189 4250; x_wconf 79' lang='lat'><strong>(2)</strong></span> <span class='ocrx_word' id='word_1_210' title='bbox 202 4179 353 4253; x_wconf 74' lang='lat' dir='ltr'><strong>Organises</strong></span> <span class='ocrx_word' id='word_1_211' title='bbox 365 4201 400 4235; x_wconf 86' lang='lat' dir='ltr'><strong>cu</strong></span> <span class='ocrx_word' id='word_1_212' title='bbox 413 4201 492 4255; x_wconf 87' lang='lat' dir='ltr'><strong>corps</strong></span> <span class='ocrx_word' id='word_1_213' title='bbox 505 4182 538 4237; x_wconf 89' lang='lat' dir='ltr'><strong>de</strong></span> <span class='ocrx_word' id='word_1_214' title='bbox 553 4185 668 4238; x_wconf 76' lang='lat' dir='ltr'><strong>reservo.</strong></span> 
     </span>
     <span class='ocr_line' id='line_1_33' title="bbox 188 4295 244 4344; baseline -0.071 0"><span class='ocrx_word' id='word_1_215' title='bbox 188 4295 244 4344; x_wconf 89' lang='lat' dir='ltr'><strong>ltt.</strong></span> 
     </span>
    </p>
   </div>
   <div class='ocr_carea' id='block_1_4' title="bbox 0 0 1449 4934">
    <p class='ocr_par' dir='ltr' id='par_1_17' title="bbox 0 0 1449 4934">
     <span class='ocr_line' id='line_1_34' title="bbox 0 0 1449 4934; baseline 0 0"><span class='ocrx_word' id='word_1_216' title='bbox 0 0 1449 4934; x_wconf 95' lang='lat' dir='ltr'><strong> </strong></span> 
     </span>
    </p>
   </div>
  </div>
 </body>
</html>
