2888 4934
183 117 349 194 [soi-cor]
541 109 657 172 mauu
675 108 875 170 summos
1125 141 1131 150 ‚
1178 115 1234 173 rsa

182 242 401 319 monachum
419 237 683 340 philosophum.
701 239 769 334 Qui
785 238 980 313 Gerbertus
992 241 1160 341 magister
1170 243 1238 315 luit

183 356 359 433 liodberti
376 355 489 455 regis,
507 353 571 426 filii
591 354 687 427 istius
702 355 881 454 Hugonis,
898 370 936 429 et
949 354 1072 430 domni
1090 355 1238 430 leothe-

186 475 251 549 rici
263 472 536 572 archiepiscopi,
556 474 761 546 successoris
778 471 990 545 venerabilis
1005 473 1150 546 Sewini.
1167 472 1237 546 Ar-

186 592 327 667 nulsum
356 606 473 663 autem
500 589 583 661 secit
608 590 802 688 mancipari
825 587 1012 676 custodite,
1040 589 1238 662 Aurelianis

187 707 341 782 civitate.
370 702 591 778 Venerabilis
617 706 735 805 itaque
766 705 926 781 Sewinus
956 703 1238 804 archiepiscopus

188 848 262 898 nou
280 822 457 896 consensit
475 822 510 893 in
529 817 779 919 degradatione
799 820 963 909 Amulli,
979 846 1093 920 neque
1119 823 1155 893 in
1173 846 1239 893 or-

186 939 369 1015 dinatione
392 935 572 1011 Gerberti.
592 937 708 1011 Jussio
725 952 844 1008 autem
861 939 953 1036 regis
982 937 1143 1036 urgebat.
1165 936 1237 1009 Alii

188 1079 276 1128 vero
300 1056 474 1153 episcopi,
502 1054 584 1125 licet
610 1053 730 1142 inriti,
755 1069 871 1126 tamen
897 1070 1046 1152 propter
1072 1054 1238 1127 timorem

189 1171 300 1272 regis,
318 1169 600 1271 degradaverunt
615 1168 821 1256 Arnullum,
835 1185 870 1241 et
883 1168 1141 1243 ordinaverunt
1154 1169 1242 1242 Ger·

189 1287 347 1379 bertum,
362 1289 520 1364 sewinus
531 1302 663 1376 autem,
676 1286 755 1384 plus
766 1289 893 1359 timens
905 1288 1038 1377 Deum,
1054 1313 1162 1388 quam
1173 1302 1241 1360 ter·

190 1431 319 1481 renum
335 1429 476 1504 regem,
496 1404 613 1477 noluit
631 1404 831 1477 consentire
855 1404 948 1502 regis
969 1405 1161 1504 nequitiae,
1181 1401 1241 1476 sed

188 1522 298 1623 magis
310 1522 527 1620 inquantum
539 1521 657 1618 potuit
666 1519 848 1619 redarguit
859 1520 974 1619 ipsum
983 1546 1119 1622 regem„
1131 1546 1241 1619 prop·

189 1652 243 1713 ter
258 1664 365 1738 quam
383 1663 519 1710 causam
537 1636 588 1708 ira
601 1638 693 1736 regis
709 1652 833 1710 contra
854 1662 936 1709 eum
952 1638 1131 1711 efferbuit.
1152 1639 1241 1710 Cum

191 1779 322 1855 magno
339 1756 455 1854 itaque
468 1751 638 1826 dedecore
656 1754 783 1851 expelli
798 1755 901 1852 jussit
913 1780 977 1827 rex
995 1755 1187 1826 Arnulsum
1198 1753 1242 1826 de

192 1868 334 1943 ecclesia
351 1869 466 1940 Beatae
487 1868 551 1941 Dei
577 1867 758 1966 genitricis
778 1868 900 1940 Mariae
919 1869 1119 1957 Remensis,
1142 1869 1243 1941 etsie

192 1985 374 2085 alligatum
386 1983 521 2057 retrudi
541 1985 577 2056 iu
595 2009 786 2057 carcerem.
800 1983 974 2083 Alligatus
988 2001 1105 2058 autem
1117 1986 1153 2058 in
1170 2011 1245 2058 car·

194 2127 272 2176 cere
288 2101 489 2174 Aurelianis
507 2099 667 2201 civitate,
695 2100 756 2172 ubi
782 2100 1009 2175 detinebatur
1035 2128 1145 2200 nepos
1172 2102 1244 2201 ejus

193 2215 345 2290 Karolus
354 2270 365 2302 ‚
383 2216 513 2286 mansit
531 2212 580 2286 ihi
596 2217 699 2287 annis
713 2214 837 2288 tribus.
853 2216 1073 2289 Nuntiantur
1085 2217 1246 2289 lraeeom·

191 2334 250 2407 uia
263 2333 407 2433 praesuli
422 2332 598 2404 Romano.
616 2331 683 2423 Qui
702 2332 802 2403 valde
817 2329 1020 2429 indignatus
1036 2357 1141 2430 super
1155 2331 1242 2418 hoc,

191 2449 378 2523 interdixit
393 2473 516 2522 omnes
533 2449 734 2547 episcopos,
749 2449 809 2547 qui
827 2448 1020 2520 Arnullum
1031 2448 1243 2546 dejecerant,

192 2566 454 2641 etGerbertum
469 2565 734 2639 ordinaverant.
753 2565 851 2636 Misit
866 2590 1007 2664 quoque
1023 2566 1178 2637 Leonem
1188 2562 1247 2634 ab·

192 2681 346 2757 butema
365 2680 444 2755 sede
464 2682 655 2780 apostolica
673 2679 716 2752 ad
733 2679 905 2754 domnum
925 2683 1105 2758 Sewiuum
1126 2680 1248 2754 archi-

195 2799 400 2901 episcopum
417 2799 516 2871 urbis
540 2800 744 2886 Senonicae,
760 2801 913 2898 quirice
934 2827 993 2872 sua
1018 2801 1053 2872 in
1075 2799 1164 2872 urbe
1177 2800 1250 2872 Re-

196 2917 308 2989 mensi
342 2915 515 3012 synodum
549 2933 800 3016 congregaret3
833 2916 1002 2990 mandans
1026 2918 1076 2990 illi
1111 2935 1151 2988 ut
1175 2918 1250 2989 sine

197 3028 367 3103 dilatione
379 3046 563 3103 revocaret
578 3029 622 3103 de
639 3056 779 3104 carcere
796 3030 1006 3120 Arnullum,
1025 3049 1061 3103 et
1077 3029 1251 3128 degrada-

200 3161 255 3219 ret
287 3143 516 3217 Gerbertum.
544 3145 702 3219 Collecto
730 3147 839 3245 igitur
863 3146 1033 3234 concilio,
1062 3147 1192 3216 iterum
1215 3145 1252 3216 in

199 3260 290 3335 urbe
305 3262 467 3334 Remensi
486 3287 527 3333 ex
541 3263 696 3366 jussione
711 3263 900 3360 apostolica
912 3277 1095 3334 revocatus
1113 3277 1166 3334 est
1179 3259 1254 3332 Ar-

202 3378 318 3452 uulsus
333 3379 377 3452 de
392 3378 570 3464 custodia,
590 3395 626 3450 et
642 3407 725 3452 cum
741 3379 878 3453 honore
895 3405 1026 3478 magno
1041 3395 1202 3478 receptus
1216 3380 1252 3451 in

204 3494 348 3592 propria
374 3493 465 3567 sede.
489 3493 685 3566 Gerbertus
713 3511 832 3567 autem
856 3495 1059 3594 intelligens
1079 3495 1175 3596 quod
1194 3496 1254 3566 in-

202 3610 290 3707 juste
309 3610 549 3708 pontificalem
575 3610 784 3711 dignitatem
803 3614 1023 3710 suscepisset,
1043 3611 1255 3711 poenitentia

207 3724 329 3799 duetus
343 3744 408 3798 est.
434 3726 715 3802 Altercationem
736 3754 822 3802 vero
844 3728 1009 3805 Gerherti
1029 3726 1209 3829 pontificis
1222 3743 1257 3800 et

208 3842 332 3916 honis
345 3842 496 3934 abbatis,
509 3844 609 3917 valde
621 3847 758 3934 utilem,
779 3848 916 3943 plenius
932 3847 1088 3919 invenies
1101 3846 1136 3915 in
1154 3844 1260 3940 gestis
