2888 4934
570 405 686 466 ciana
706 405 891 466 ocrsvus.
1072 386 1073 390 '
1206 411 1266 469 ess

202 557 296 628 tem,
316 540 502 626 excitavit,
521 539 624 637 eique
649 535 813 608 hostilem
831 535 1028 609 discursum
1050 561 1114 634 per
1133 554 1268 610 terram

199 683 305 730 suam
315 655 510 728 nunciavit.
527 653 591 724 llle
607 677 706 740 vero,
724 650 926 751 utjacebat,
938 653 1092 751 impiger
1101 659 1267 742 surrexit,

200 788 333 846 etmox
343 794 538 869 praecones,
549 767 1025 867 adcongregandumagmen
1034 786 1269 860 armatorum,

200 914 271 988 per
291 904 404 961 totam
427 887 611 986 regionem
643 885 787 957 direxit.
815 885 930 958 Porro
953 887 1025 983 ipse
1047 913 1130 959 cum
1151 891 1271 984 paucis

200 1001 438 1078 bellatoribus
462 1004 654 1101 imparatus
678 1000 825 1073 Guallos
847 1018 1053 1099 prosecutus
1078 1020 1148 1091 est,
1169 1020 1206 1076 et
1227 1005 1270 1078 de

202 1122 340 1193 vertice
369 1119 502 1192 montis
529 1117 785 1205 Hormahevae,
813 1118 875 1216 qui
907 1119 1013 1189 nimis
1042 1117 1173 1191 arduus
1198 1138 1268 1211 est,

201 1236 363 1333 captivos
385 1262 404 1305 a
431 1235 554 1332 piratis
578 1234 694 1333 ligari,
719 1234 812 1305 etin
839 1257 944 1303 naves
971 1259 1053 1305 cum
1081 1237 1270 1333 pecoribus

202 1353 313 1452 praeci
317 1354 423 1450 pitari
434 1353 633 1450 speculatus
644 1367 708 1423 cst.
716 1348 820 1422 Unde
827 1347 1032 1439 marchisus,
1042 1352 1154 1425 audax
1167 1368 1207 1424 ut
1215 1354 1271 1427 leo

204 1469 356 1560 nobilis,
378 1469 609 1543 vehementer
636 1470 839 1561 infremuit,
864 1469 1096 1569 hominesque
1119 1498 1267 1569 paucos,

202 1588 267 1687 qui
287 1613 406 1660 secum
423 1588 576 1660 inermes
599 1603 718 1673 erant,
740 1602 797 1675 ut,
816 1601 1007 1684 antequam
1032 1604 1137 1659 oestus
1162 1591 1271 1661 maris

202 1703 356 1793 rediret,
375 1731 483 1803 super
499 1705 645 1778 Guallos
658 1704 696 1776 in
709 1705 803 1777 sicco
816 1704 937 1776 littore
952 1706 1133 1778 irruerent
1151 1708 1271 1780 admo-

202 1820 297 1894 nuit.
313 1822 369 1894 llli
390 1847 477 1895 vero
493 1821 724 1921 praetendunt
742 1847 889 1894 suorum
904 1822 1141 1920 paucitatem,
1153 1840 1190 1895 et
1205 1849 1270 1923 per

200 1939 304 2012 ardui
327 1942 461 2013 montis
483 1941 722 2040 praecipitium
746 1938 982 2012 descendendi
1009 1938 1266 2013 difficultatem.

200 2058 365 2157 Denique
377 2057 594 2147 Rodbertus,
604 2055 839 2129 dumrideret
850 2057 1035 2129 inimicum
1047 2084 1174 2155 agmen
1189 2086 1271 2131 cum

201 2172 325 2272 praeda
348 2200 409 2246 sua
435 2174 634 2272 praestolari
655 2171 811 2244 reditum
830 2171 957 2259 maris,
976 2196 1049 2271 quo
1068 2175 1269 2272 aufugeret,

202 2291 311 2363 nimis
320 2290 449 2374 doluit,
458 2291 716 2390 impatiensque
728 2314 853 2373 morae,
865 2287 1116 2386 perdifficilem
1129 2291 1273 2365 descen·

199 2431 280 2480 sum
297 2407 372 2478 sine
391 2407 515 2495 lorica,
535 2431 617 2478 cum
632 2430 707 2477 uno
725 2405 859 2491 milite,
879 2405 1027 2478 nomine
1044 2403 1208 2479 Osberno
1225 2405 1270 2478 dc

200 2523 377 2623 Orgeriis,
393 2522 437 2596 ad
451 2524 569 2597 hostes
582 2523 776 2596 descendit.
793 2522 908 2615 Quem
923 2549 1004 2594 cum
1020 2522 1182 2595 viderent
1194 2525 1271 2597 solo

199 2638 575 2737 clypeolprotectum,
606 2654 643 2712 et
670 2663 745 2710 uno
769 2654 909 2708 tantum
935 2637 1051 2709 milite
1079 2639 1267 2736 stipatum,

198 2778 327 2828 omnes
348 2756 484 2853 pariter
504 2757 540 2827 in
567 2755 669 2826 illum
686 2753 828 2826 missilia
853 2752 1051 2840 destinant,
1075 2769 1111 2825 et
1131 2768 1269 2826 scutum

197 2871 275 2972 ejus
284 2872 409 2972 jaculis
426 2870 704 2945 intolerabiliter
719 2885 890 2958 onerant,
912 2885 949 2942 et
965 2871 1271 2970 egregiummili-

200 3003 277 3062 tem
288 2987 468 3062 lethaliter
478 2991 687 3062 vulnerant,
698 2988 826 3060 Nullus
838 3003 957 3059 tamen
970 2987 1142 3086 quamdiu
1158 2990 1269 3077 stetit,

199 3120 240 3179 et
264 3130 429 3204 parmam
459 3107 593 3195 tenuit,
623 3105 667 3178 ad
690 3130 773 3178 eum
806 3105 968 3178 cominus
1001 3105 1184 3194 accedere,
1214 3107 1270 3179 vel

201 3246 288 3300 eum
304 3247 388 3296 ense
404 3224 576 3322 impetere
587 3224 779 3296 aususluit.
792 3220 950 3295 Tandem
965 3220 1155 3294 bellicosus
1167 3221 1272 3296 heros

194 3338 351 3475 officialis
375 3342 556 3414 confossus
578 3366 692 3441 genua
715 3339 833 3428 flexit,
852 3355 888 3412 et
915 3356 1056 3412 scutum
1079 3340 1271 3412 missilibus

190 3454 316 3543 :uinis
330 3473 512 3546 onustum,
537 3456 674 3529 viribus
690 3456 852 3544 effoetus,
871 3456 1024 3543 dimisit,
1044 3457 1271 3558 animamque

141 3566 306 3696 ,μω
317 3572 409 3664 Deo,
430 3589 631 3674 sanctaque
643 3574 708 3646 Dei
720 3572 885 3673 genitrici
901 3573 1024 3644 Mariae
1039 3571 1272 3645 commcnda-

284 3680 548 3779 'limtcomnes
540 3718 575 3763 m
589 3692 715 3765 illum'
709 3707 869 3777 irruunt,
883 3706 919 3763 et
932 3692 967 3762 in
982 3705 1175 3798 conspectu
1186 3718 1273 3765 suo-

315 3823 408 3909 aput
423 3809 496 3908 ejus
512 3807 745 3897 abscindunt,
767 3836 807 3880 ac
824 3834 930 3906 super
945 3807 1077 3878 malum
1094 3809 1192 3879 navis
1204 3837 1272 3907 pro

343 3922 498 3998 ''letoriae
521 3924 753 4022 suspendunt.
778 3927 856 3996 Hoc
877 3924 998 4022 plures
1021 3921 1065 3994 de
1090 3928 1273 3999 cacumine

375 4062 448 4135 mm
469 4042 606 4142 ingenti
624 4041 711 4114 lletu
733 4059 769 4114 et
791 4042 962 4114 moestitia
981 4040 1192 4130 cernebant,
1213 4045 1272 4116 sed

379 4182 592 4233 ¹rttccurrere
604 4187 676 4233 non
691 4159 866 4233 valebunt.
884 4160 1021 4233 Deinde
1038 4163 1271 4256 comprovin-
