2888 4934
193 444 250 499 180
464 437 650 496 ttts't'ottlt
672 435 977 499 Etcttstasssct.
1044 432 1066 539 J
1145 437 1264 521 [toutl

187 588 222 642 et
231 571 421 643 confortati
431 585 527 654 sunt,
540 585 575 639 et
587 569 734 639 inantea
747 572 937 669 progressi,
949 570 1112 670 Pelasgos
1122 571 1269 644 acriter·

188 686 429 784 irnpulerunt;
458 711 613 785 quorum
642 685 776 782 impetu
800 684 927 759 Achivi
949 702 1097 784 repente
1120 686 1262 785 repulsi

185 821 285 889 sunt,
301 818 337 874 et
352 817 663 941 terpmvertentes,
684 802 796 899 spolia
813 803 926 875 multa
941 800 1186 903 indigentibus
1202 828 1274 902 pe-

187 921 340 1018 regrinis
356 917 572 991 dimiserunt
589 920 657 1016 (ι).

233 1040 424 1139 Regressus
435 1038 480 1111 de
495 1038 635 1126 Tuscia,
651 1036 861 1110 Wiscardus
871 1065 952 1112 suos
965 1037 1030 1112 hac
1042 1038 1196 1114 victoria
1207 1054 1271 1112 sat

183 1154 313 1227 hilares
329 1155 479 1226 invenit.
498 1154 576 1251 lpse
594 1178 739 1253 quoque
759 1170 831 1226 tam
846 1153 959 1226 nobili
975 1151 1135 1253 tripudio
1152 1153 1268 1226 exul-

184 1290 284 1361 tans,
302 1272 378 1345 Deo
399 1272 530 1370 gratias
549 1271 636 1369 egit.
655 1270 906 1342 Bnamundurn
921 1295 1026 1360 vero,
1042 1272 1105 1370 qni
1126 1269 1258 1344 vulue-

183 1406 279 1462 ratus
289 1391 403 1461 luerat
416 1390 451 1459 in
465 1387 682 1476 certamine,
698 1405 738 1459 ut
756 1404 957 1477 curaretur,
973 1389 1071 1459 misit
1084 1385 1130 1459 ad
1146 1385 1256 1461 medi-

183 1534 242 1581 cos
270 1506 480 1595 Psalerniae,
505 1531 661 1606 quorum
688 1506 779 1577 lama
807 1531 873 1605 per
900 1504 1026 1579 orbem
1056 1503 1251 1579 admodum

181 1624 361 1723 divulgata
378 1639 430 1695 est
443 1622 653 1695 excellentia
671 1621 890 1695 medicinalis
904 1623 1072 1721 peritiae(
1097 1624 1129 1722 ).

230 1742 345 1815 Porro
369 1740 567 1837 Dyraceni,
594 1738 681 1811 dum
707 1739 937 1839 Normannos
961 1737 1195 1839 perpendunt
1219 1739 1251 1811 iu

182 1860 388 1957 Bulgariam
406 1859 512 1957 longe
532 1882 738 1956 progressos
747 1912 757 1946 ,
781 1859 973 1957 pluresque
991 1857 1195 1955 provincias
1209 1853 1252 1927 de

184 1976 334 2072 imperio
356 1977 532 2072 Byzanteo
553 1975 702 2046 militari
722 2001 832 2046 manu
850 1974 1013 2073 adeptos,
1036 1998 1184 2074 seseque
1206 1970 1250 2045 ab

183 2092 315 2164 auxilio
341 2090 541 2180 Thracum,
561 2117 622 2163 seu
646 2089 901 2178 Macedonum,
921 2091 1157 2191 omniumque
1174 2090 1252 2162 affi-

184 2210 286 2280 nium
303 2234 450 2282 suorum
464 2209 608 2306 penitus
621 2224 798 2297 remotos,
812 2206 1009 2280 diffidentes
1019 2222 1147 2280 mutuo
1161 2229 1254 2305 saepe

185 2340 358 2411 tractant,
375 2325 530 2424 qualiter
546 2323 613 2396 sibi
636 2324 743 2397 nimis
760 2324 797 2396 in
812 2340 913 2397 arcto
927 2325 1032 2422 positi
1050 2324 1252 2397 consulant.

184 2440 348 2513 Tandem
377 2441 603 2539 procaciores
628 2438 714 2540 quid
740 2457 848 2539 agant
872 2441 1026 2513 vicissim
1051 2438 1253 2525 diffiniunt,

185 2559 320 2659 legatos
344 2557 387 2630 ad
413 2555 541 2631 ducem
566 2559 659 2631 clam
686 2559 854 2647 mittunt,
877 2583 1002 2656 pacem
1029 2571 1204 2656 poscunt,
1221 2571 1258 2629 et

66 2706 69 2711 ·
187 2675 284 2777 quod
309 2675 446 2772 azylum
465 2673 564 2746 urbis
589 2673 801 2747 satellitibus
828 2677 901 2773 ejus
921 2673 1064 2746 tradant
1084 2673 1261 2745 veraciter

187 2792 420 2889 promittunt.
465 2791 514 2863 At
549 2792 609 2863 ille
646 2790 744 2891 quod
783 2791 965 2888 postulant
1003 2786 1192 2876 concedit,
1227 2802 1263 2860 et

189 2934 247 2980 occ
261 2909 392 2980 milites
403 2907 448 2979 ad
461 2906 701 3005 recipiendam
718 2907 847 2980 urbem
862 2907 989 2978 mittit.
1007 2904 1127 2978 Noctu
1144 2904 1263 3003 itaque

192 3023 416 3097 venientibus
435 3024 657 3096 Normannis
675 3025 798 3096 civitas
814 3040 934 3121 aperta
955 3039 1026 3110 est,
1046 3019 1180 3121 quibus
1202 3044 1263 3094 ne-

193 3142 304 3240 ceptis
316 3167 385 3238 pax
398 3141 493 3211 inter
510 3158 702 3239 utrosque,
721 3157 757 3213 et
773 3142 941 3212 securitas
955 3138 1094 3211 lirmata
1109 3154 1164 3212 est
1176 3137 1244 3234 (3).

227 3350 237 3418 l
244 3348 266 3418 ι)
285 3346 351 3401 Coei
367 3355 408 3398 est
429 3343 455 3399 le
476 3345 662 3418 contre-pied
679 3346 714 3399 de
732 3346 756 3399 la
777 3346 872 3400 verite.
895 3344 1050 3412 Boemond,
1069 3345 1261 3419 vainqueuri

194 3438 299 3502 latrina,
309 3437 370 3509 puis
383 3438 398 3489 al
410 3435 488 3497 Arta,
498 3434 557 3489 linit
570 3454 620 3508 par
632 3436 715 3490 etrele
727 3435 895 3490 demi-battu
909 3439 923 3489 a
935 3436 959 3490 la
972 3433 1083 3489 bataille
1092 3432 1127 3489 de
1139 3435 1261 3500 larium

195 3528 257 3601 puis
276 3525 370 3598 oblige
387 3523 422 3579 de
438 3542 561 3597 repaeser
573 3544 607 3578 en
623 3524 702 3579 ltalie
714 3543 763 3598 par
777 3526 849 3579 suite
862 3525 911 3578 des
924 3525 1088 3579 mutioeries
1100 3523 1137 3578 de
1151 3541 1195 3579 set
1207 3521 1263 3578 sot·

196 3617 272 3682 dats,
288 3615 447 3689 impatiente
459 3614 494 3669 de
508 3615 600 3669 revoir
613 3615 674 3668 leur
689 3633 763 3686 pays.
780 3615 877 3684 Enlrn,
889 3616 968 3688 apris
983 3612 1264 3687 condeprecantur

196 3707 263 3760 erait
280 3707 373 3758 tertre
385 3703 453 3757 dans
465 3705 600 3758 Castorie.

234 3801 273 3861 (a)
286 3795 361 3848 C’est
373 3796 388 3847 a
399 3793 425 3846 la
435 3793 474 3847 lin
486 3792 521 3848 de
538 3793 618 3859 1084,
632 3793 711 3864 apres
721 3810 775 3846 une
787 3792 902 3847 victoire
914 3790 1007 3846 navale
1019 3809 1067 3845 sur
1080 3789 1120 3844 les
1132 3789 1223 3845 Grees
1235 3797 1263 3842 et

199 3882 238 3936 les
250 3880 411 3947 Venitiens,
423 3898 478 3953 que
492 3879 632 3935 Boernoud
645 3880 689 3934 lut
697 3878 790 3952 obllge
801 3878 897 3934 d’aller
910 3878 1046 3933 clrercher
1055 3877 1095 3932 les
1106 3892 1220 3932 secours
1227 3874 1263 3929 de

197 3972 260 4026 l’art
272 3987 307 4023 en
320 3967 409 4023 ltalie.

234 4057 273 4127 (5)
286 4057 374 4111 Notre
383 4067 482 4111 auteur
494 4075 627 4130 suppose,
638 4071 734 4114 contre
747 4069 825 4115 tonte
837 4059 937 4121 serite,
953 4076 1008 4132 que
1021 4057 1061 4111 les
1073 4055 1218 4111 habitante
1230 4052 1265 4109 de

199 4150 323 4202 Durazzo
342 4145 449 4199 avaient
471 4155 536 4199 tenu
555 4146 612 4200 bon
631 4147 788 4220 jusque-la,
811 4146 901 4201 landis
925 4164 980 4218 que
1001 4143 1062 4198 leur
1082 4143 1265 4216 capitulatim

201 4246 325 4293 remonte
335 4252 370 4288 au
387 4234 417 4289 18
429 4234 528 4289 lerrier
543 4234 618 4290 1082.
