2888 4934
439 383 496 445 iso
529 394 532 407 ·
714 377 898 438 ιιιιιοιιιι
920 377 1224 439 uuusususuics.
1291 384 1444 459 [ms-1

380 535 384 541 ·
436 505 610 611 ergastuli
638 511 877 600 substinebat,
908 526 984 583 tam
1003 514 1151 605 fortiter
1170 520 1370 612 percussit,
1403 544 1444 618 qs

426 631 604 733 fissuram
617 634 654 703 iu
669 655 712 701 ea
727 656 798 701 non
811 627 1116 728 modicamfitcit,
1136 656 1182 702 ac
1195 631 1243 704 de
1256 640 1375 708 sonitu
1389 652 1431 711 ta

432 750 677 848 percussionis
704 748 867 817 exterriti
890 745 1077 833 custodes,
1106 750 1173 846 qui
1194 774 1306 850 super
1325 751 1411 824 sola

428 863 629 964 jacebant,
649 888 772 935 omnes
784 861 945 958 evigilati
956 879 1052 933 sunt.
1073 852 1166 961 Qui,
1186 867 1346 939 timentes
1350 863 1425 966 fu

435 984 595 1068 uinctos,
621 984 784 1053 accensis
802 978 1231 1077 luminibusfesstnamer
1249 981 1303 1054 ad
1318 1009 1431 1058 carce

435 1113 679 1173 cucurrerunt.
702 1098 924 1170 Invenientes
945 1112 1068 1169 autem
1084 1104 1178 1171 ostia
1194 1104 1340 1198 penitus
1361 1104 1375 1172 i
1401 1164 1402 1168 ,
1429 1138 1444 1193 1

435 1245 482 1291 ac
490 1218 663 1318 firmata,
691 1213 866 1288 adhibitis
888 1214 1048 1287 clavibus
1067 1217 1302 1289 intrauerunt.
1325 1218 1368 1288 V
1366 1221 1382 1290 i
1386 1254 1395 1280 ι
1415 1252 1433 1281 ιι

435 1362 520 1409 uero
538 1335 659 1423 iilum,
679 1359 784 1434 quern
802 1332 956 1429 ligatum
974 1334 1167 1423 miserant,
1186 1332 1364 1423 solutum,
1384 1362 1438 1408 m1

434 1455 559 1525 mirati
573 1467 668 1523 sunt.
688 1450 741 1522 Et
757 1449 1064 1549 interrogantibus
1080 1450 1126 1522 de
1143 1466 1245 1524 tauto
1259 1453 1380 1524 sonitu
1398 1478 1423 1553 q

434 1571 646 1658 audierant,
664 1566 726 1640 vel
740 1569 822 1667 quis
834 1563 1091 1665 coruscasset,
1111 1570 1177 1667 qui
1189 1571 1301 1640 etiarn
1318 1595 1364 1642 co
1403 1606 1421 1635 ,t
1438 1621 1444 1631 ,

433 1704 506 1758 turn
517 1684 691 1774 solvisset,
705 1685 803 1756 alius
813 1683 981 1782 quidam,
996 1686 1035 1755 in
1047 1710 1285 1759 caroerecum
1294 1711 1336 1758 eo
1347 1685 1420 1784 tig
1442 1726 1444 1736 ι

435 1803 499 1875 iilo
530 1819 669 1874 tacente
698 1800 884 1900 respondit
912 1830 920 1871 .·
950 1801 1080 1875 Nescio
1111 1828 1192 1902 quae
1226 1828 1391 1902 persona
1431 1838 1444 1868 ι

434 1920 592 1992 maximo
617 1918 754 1991 lumine
779 1943 961 1991 carcerem
989 1919 1237 2010 intraverunt,
1266 1936 1303 1993 et
1326 1946 1412 1994 cum

433 2038 531 2112 socio
548 2062 631 2111 meo
649 2037 754 2136 plura
775 2035 886 2111 locuti
906 2036 1086 2123 sunu-Sed
1107 2036 1196 2137 quid
1213 2040 1245 2111 ei
1268 2036 1434 2111 dicerent

432 2156 608 2245 iacerent,
631 2154 747 2251 ipsum
765 2154 827 2253 qui
844 2153 971 2226 melius
988 2154 1056 2226 scit
1073 2156 1306 2254 interrogate.
1331 2156 1444 2235 Canu

432 2271 488 2345 ati
500 2270 615 2360 illurn,
631 2270 825 2342 dicerunt:
836 2269 1118 2371 Dicguobisquid
1131 2270 1273 2360 audisti,
1290 2272 1346 2347 vei
1360 2272 1411 2345 ι’·
1442 2329 1444 2332 ι

432 2391 485 2461 Et
498 2390 559 2460 itte
574 2417 584 2459 :
602 2389 763 2478 Sanctus,
777 2391 907 2487 inquit,
924 2387 1150 2479 Benedictus,
1168 2416 1252 2463 cum
1264 2404 1385 2462 sancta
1441 2426 1444 2478 g

431 2502 534 2578 drida
550 2519 587 2576 et
603 2518 728 2577 sorore
744 2530 805 2577 sua
826 2503 1027 2605 Sexhurgu,
1052 2504 1112 2578 hic
1128 2504 1327 2595 affuerunt,
1348 2521 1387 2578 et
1411 2540 1438 2569 ιι

432 2620 538 2721 pedes
559 2620 603 2694 de
624 2620 774 2720 pedibus
795 2623 884 2695 meis
902 2622 1141 2695 abstulerunt.
1159 2623 1196 2694 si
1218 2648 1306 2696 vero
1326 2647 1402 2695 non

432 2738 515 2814 ditis
532 2738 639 2830 mihi,
659 2739 715 2813 vel
733 2739 846 2813 oculis
867 2740 993 2811 vestris
1012 2738 1159 2812 credite.
1180 2740 1249 2812 Illi
1265 2756 1407 2827 auam,

433 2857 631 2947 miraculo,
651 2882 718 2929 nec
736 2855 822 2928 iude
839 2855 1067 2945 dubitantes,
1089 2853 1311 2956 manejacto
1328 2857 1389 2928 Mt

434 2974 569 3065 reginae
584 2972 659 3068 (1),
679 2997 762 3071 quse
778 2971 974 3069 tuncsorte
989 2976 1027 3043 in
1046 2972 1174 3043 eadem
1188 2988 1266 3045 erat
1285 2971 1390 3059 urbe,
1409 2998 1444 3043 ux

434 3084 624 3155 tiaucrunt.
645 3087 701 3156 At
721 3086 786 3158 itta
811 3085 1014 3185 Radulsum
1041 3088 1219 3177 Bassum,
1250 3088 1316 3185 qui
1340 3112 1387 3158 ou
1432 3121 1440 3144 ι

432 3200 605 3273 Bricstau
631 3201 873 3302 praejudicari
889 3203 1077 3302 jusserat,
1108 3222 1142 3276 et
1166 3206 1237 3277 boc
1248 3201 1405 3302 jactum
1439 3242 1444 3265 ι

433 3317 584 3416 magica
594 3334 786 3416 peractum
801 3318 926 3392 adbuc
943 3320 1108 3410 dicebat,
1127 3320 1183 3394 ad
1198 3346 1382 3394 carcerem
1443 3366 1444 3372 ι

342 3454 347 3459 ·
438 3434 515 3534 Qui
528 3438 676 3511 ueniens
693 3437 797 3527 illuc,
818 3440 929 3536 quasi
944 3440 1122 3526 irrisorie,
1141 3444 1233 3511 sicut
1250 3434 1444 3536 dudurnj

434 3569 505 3642 rat,
519 3581 601 3625 cum
614 3557 773 3655 eocoepit
785 3554 886 3655 loqui
896 3584 905 3626 :
921 3554 1015 3647 Quid
1026 3557 1113 3655 agis,
1128 3551 1311 3629 Bricstuni
1322 3554 1437 3629 Num

433 3695 498 3766 per
512 3671 656 3770 angelos
670 3698 751 3745 suos
766 3670 831 3744 tibi
848 3672 988 3745 locutus
1005 3689 1058 3744 est
1072 3668 1190 3745 Deus?
1207 3669 1394 3770 Numquid
1411 3696 1444 3741 ar

469 3977 507 4044 (ι)
523 3975 657 4032 Mathiide
671 3965 811 4046 d’Ecosse,
827 3977 881 4032 fille
895 3978 930 4034 de
944 3977 1071 4049 uialsolm
1086 3979 1129 4032 ΙΙΙ
1142 3978 1217 4032 etde
1230 3975 1416 4048 Marguerite,

434 4065 574 4139 d’Edgard
590 4066 740 4140 Atheiing,
756 4070 858 4140 e'pousa
876 4069 963 4124 lieuri
981 4070 1014 4123 l“
1026 4087 1060 4123 uu
1079 4069 1149 4124 mois
1165 4067 1199 4122 de
1215 4066 1440 4123 decembrem·

434 4167 548 4211 mourut
562 4154 588 4210 lu
604 4165 638 4208 1‘r
652 4158 705 4212 mai
722 4157 796 4212 1118.
1322 4165 1324 4169 ’
