<?xml version="1.0" encoding="UTF-8"?>
<!DOCTYPE html PUBLIC "-//W3C//DTD XHTML 1.0 Transitional//EN"
    "http://www.w3.org/TR/xhtml1/DTD/xhtml1-transitional.dtd">
<html xmlns="http://www.w3.org/1999/xhtml" xml:lang="en" lang="en">
 <head>
  <title>
</title>
<meta http-equiv="Content-Type" content="text/html;charset=utf-8" />
  <meta name='ocr-system' content='tesseract 3.04.00' />
  <meta name='ocr-capabilities' content='ocr_page ocr_carea ocr_par ocr_line ocrx_word'/>
</head>
<body>
  <div class='ocr_page' id='page_1' title='image "./ordericivitalis05deligoog/ordericivitalis05deligoog_0314.png"; bbox 0 0 2888 4934; ppageno 0'>
   <div class='ocr_carea' id='block_1_1' title="bbox 83 334 1148 427">
    <p class='ocr_par' dir='ltr' id='par_1_1' title="bbox 83 334 1148 427">
     <span class='ocr_line' id='line_1_1' title="bbox 83 334 1148 427; baseline 0.005 -21"><span class='ocrx_word' id='word_1_1' title='bbox 83 341 192 426; x_wconf 70' lang='lat' dir='ltr'>[roes]</span> <span class='ocrx_word' id='word_1_2' title='bbox 427 334 565 427; x_wconf 13' lang='lat' dir='ltr'>*tlssuu</span> <span class='ocrx_word' id='word_1_3' title='bbox 586 344 786 405; x_wconf 67' lang='lat' dir='ltr'>ocultus:</span> <span class='ocrx_word' id='word_1_4' title='bbox 1088 345 1148 411; x_wconf 78' lang='lat'>303</span> 
     </span>
    </p>
   </div>
   <div class='ocr_carea' id='block_1_2' title="bbox 83 473 1153 3974">
    <p class='ocr_par' dir='ltr' id='par_1_2' title="bbox 83 473 1153 1983">
     <span class='ocr_line' id='line_1_2' title="bbox 83 473 1149 576; baseline 0.004 -26"><span class='ocrx_word' id='word_1_5' title='bbox 83 473 286 550; x_wconf 76' lang='lat' dir='ltr'>exeruebat.</span> <span class='ocrx_word' id='word_1_6' title='bbox 312 473 404 547; x_wconf 87' lang='lat' dir='ltr'>Nam</span> <span class='ocrx_word' id='word_1_7' title='bbox 428 475 507 565; x_wconf 89' lang='lat' dir='ltr'>ille,</span> <span class='ocrx_word' id='word_1_8' title='bbox 527 477 588 576; x_wconf 92' lang='lat' dir='ltr'>qui</span> <span class='ocrx_word' id='word_1_9' title='bbox 607 500 698 574; x_wconf 90' lang='lat' dir='ltr'>pene</span> <span class='ocrx_word' id='word_1_10' title='bbox 717 500 841 549; x_wconf 89' lang='lat' dir='ltr'>omnes</span> <span class='ocrx_word' id='word_1_11' title='bbox 864 478 1149 576; x_wconf 88' lang='lat' dir='ltr'>comprimebat,</span> 
     </span>
     <span class='ocr_line' id='line_1_3' title="bbox 83 591 1152 695; baseline 0.006 -30"><span class='ocrx_word' id='word_1_12' title='bbox 83 617 208 666; x_wconf 89' lang='lat' dir='ltr'>omnes</span> <span class='ocrx_word' id='word_1_13' title='bbox 223 591 460 667; x_wconf 87' lang='lat' dir='ltr'>nibilominus</span> <span class='ocrx_word' id='word_1_14' title='bbox 476 591 681 683; x_wconf 81' lang='lat' dir='ltr'><strong>metuebat,</strong></span> <span class='ocrx_word' id='word_1_15' title='bbox 702 591 852 695; x_wconf 90' lang='lat' dir='ltr'>ideoque</span> <span class='ocrx_word' id='word_1_16' title='bbox 867 594 1054 692; x_wconf 90' lang='lat' dir='ltr'>publicum</span> <span class='ocrx_word' id='word_1_17' title='bbox 1065 611 1152 671; x_wconf 81' lang='lat' dir='ltr'>&#39;cer-</span> 
     </span>
     <span class='ocr_line' id='line_1_4' title="bbox 83 708 1149 810; baseline 0.004 -27"><span class='ocrx_word' id='word_1_18' title='bbox 83 725 311 783; x_wconf 89' lang='lat' dir='ltr'>tamencum</span> <span class='ocrx_word' id='word_1_19' title='bbox 340 708 441 782; x_wconf 89' lang='lat' dir='ltr'>hoste</span> <span class='ocrx_word' id='word_1_20' title='bbox 475 711 638 784; x_wconf 89' lang='lat' dir='ltr'>cominus</span> <span class='ocrx_word' id='word_1_21' title='bbox 665 737 772 810; x_wconf 85' lang='lat' dir='ltr'>agere</span> <span class='ocrx_word' id='word_1_22' title='bbox 806 738 881 785; x_wconf 90' lang='lat' dir='ltr'>non</span> <span class='ocrx_word' id='word_1_23' title='bbox 912 712 1079 786; x_wconf 81' lang='lat' dir='ltr'>audebat.</span> <span class='ocrx_word' id='word_1_24' title='bbox 1108 717 1149 787; x_wconf 91' lang='grc' dir='ltr'>Ιιι</span> 
     </span>
     <span class='ocr_line' id='line_1_5' title="bbox 83 827 1152 930; baseline 0.006 -31"><span class='ocrx_word' id='word_1_25' title='bbox 83 827 345 901; x_wconf 82' lang='lat' dir='ltr'>munitionibus</span> <span class='ocrx_word' id='word_1_26' title='bbox 364 829 474 928; x_wconf 93' lang='lat' dir='ltr'>igitur</span> <span class='ocrx_word' id='word_1_27' title='bbox 486 830 558 900; x_wconf 89' lang='lat' dir='ltr'>suis</span> <span class='ocrx_word' id='word_1_28' title='bbox 575 829 701 902; x_wconf 85' lang='lat' dir='ltr'>callide</span> <span class='ocrx_word' id='word_1_29' title='bbox 715 828 894 919; x_wconf 80' lang='lat' dir='ltr'>latitabat,</span> <span class='ocrx_word' id='word_1_30' title='bbox 914 847 950 903; x_wconf 88' lang='lat' dir='ltr'>et</span> <span class='ocrx_word' id='word_1_31' title='bbox 963 832 1152 930; x_wconf 85' lang='lat' dir='ltr'>praedones</span> 
     </span>
     <span class='ocr_line' id='line_1_6' title="bbox 83 943 1150 1047; baseline 0.005 -30"><span class='ocrx_word' id='word_1_32' title='bbox 83 943 283 1019; x_wconf 73' lang='lat' dir='ltr'>discurrere</span> <span class='ocrx_word' id='word_1_33' title='bbox 296 971 363 1045; x_wconf 90' lang='lat' dir='ltr'>per</span> <span class='ocrx_word' id='word_1_34' title='bbox 379 946 467 1018; x_wconf 88' lang='lat' dir='ltr'>lines</span> <span class='ocrx_word' id='word_1_35' title='bbox 482 965 563 1019; x_wconf 85' lang='lat' dir='ltr'>suos</span> <span class='ocrx_word' id='word_1_36' title='bbox 578 947 791 1047; x_wconf 88' lang='lat' dir='ltr'>plerumque</span> <span class='ocrx_word' id='word_1_37' title='bbox 807 973 969 1020; x_wconf 88' lang='lat' dir='ltr'>moerens</span> <span class='ocrx_word' id='word_1_38' title='bbox 990 948 1150 1041; x_wconf 87' lang='lat' dir='ltr'>sinebat,</span> 
     </span>
     <span class='ocr_line' id='line_1_7' title="bbox 83 1057 1153 1161; baseline 0.005 -29"><span class='ocrx_word' id='word_1_39' title='bbox 83 1083 149 1132; x_wconf 85' lang='lat' dir='ltr'>neo</span> <span class='ocrx_word' id='word_1_40' title='bbox 175 1057 321 1133; x_wconf 77' lang='lat' dir='ltr'>obviam</span> <span class='ocrx_word' id='word_1_41' title='bbox 351 1059 567 1158; x_wconf 78' lang='lat' dir='ltr'><strong>procedere,</strong></span> <span class='ocrx_word' id='word_1_42' title='bbox 591 1063 753 1161; x_wconf 88' lang='lat' dir='ltr'>quamvis</span> <span class='ocrx_word' id='word_1_43' title='bbox 778 1063 919 1135; x_wconf 86' lang='lat' dir='ltr'>militiae</span> <span class='ocrx_word' id='word_1_44' title='bbox 942 1064 1153 1137; x_wconf 76' lang='lat' dir='ltr'>fortissimus</span> 
     </span>
     <span class='ocr_line' id='line_1_8' title="bbox 83 1176 1151 1277; baseline 0.002 -27"><span class='ocrx_word' id='word_1_45' title='bbox 83 1191 189 1267; x_wconf 78' lang='lat' dir='ltr'>esset,</span> <span class='ocrx_word' id='word_1_46' title='bbox 208 1176 461 1275; x_wconf 86' lang='lat' dir='ltr'>praesumebat.</span> <span class='ocrx_word' id='word_1_47' title='bbox 488 1176 645 1250; x_wconf 84' lang='lat' dir='ltr'>Callidus</span> <span class='ocrx_word' id='word_1_48' title='bbox 668 1179 765 1250; x_wconf 90' lang='lat' dir='ltr'>enim</span> <span class='ocrx_word' id='word_1_49' title='bbox 793 1178 1019 1277; x_wconf 73' lang='lat' dir='ltr'>precavebat</span> <span class='ocrx_word' id='word_1_50' title='bbox 1034 1205 1102 1269; x_wconf 90' lang='lat' dir='ltr'>ne,</span> <span class='ocrx_word' id='word_1_51' title='bbox 1122 1183 1151 1252; x_wconf 90' lang='lat' dir='ltr'>si</span> 
     </span>
     <span class='ocr_line' id='line_1_9' title="bbox 83 1292 1152 1394; baseline 0.004 -29"><span class='ocrx_word' id='word_1_52' title='bbox 83 1292 374 1394; x_wconf 86' lang='lat' dir='ltr'>progrederetur,</span> <span class='ocrx_word' id='word_1_53' title='bbox 397 1294 634 1368; x_wconf 87' lang='lat' dir='ltr'>adomestieis</span> <span class='ocrx_word' id='word_1_54' title='bbox 652 1295 722 1367; x_wconf 88' lang='lat' dir='ltr'>suis</span> <span class='ocrx_word' id='word_1_55' title='bbox 745 1296 782 1367; x_wconf 92' lang='lat' dir='ltr'>in</span> <span class='ocrx_word' id='word_1_56' title='bbox 804 1295 970 1368; x_wconf 75' lang='lat' dir='ltr'>matribus</span> <span class='ocrx_word' id='word_1_57' title='bbox 992 1295 1152 1370; x_wconf 89' lang='lat' dir='ltr'>bostium</span> 
     </span>
     <span class='ocr_line' id='line_1_10' title="bbox 83 1410 1152 1511; baseline 0.004 -29"><span class='ocrx_word' id='word_1_58' title='bbox 83 1410 360 1511; x_wconf 77' lang='lat' dir='ltr'>relinqueretur.</span> <span class='ocrx_word' id='word_1_59' title='bbox 375 1412 432 1485; x_wconf 89' lang='lat' dir='ltr'>Sic</span> <span class='ocrx_word' id='word_1_60' title='bbox 452 1413 557 1511; x_wconf 91' lang='lat' dir='ltr'>longa</span> <span class='ocrx_word' id='word_1_61' title='bbox 581 1412 624 1483; x_wconf 92' lang='lat' dir='ltr'>lis</span> <span class='ocrx_word' id='word_1_62' title='bbox 640 1413 735 1484; x_wconf 90' lang='lat' dir='ltr'>inter</span> <span class='ocrx_word' id='word_1_63' title='bbox 756 1412 845 1486; x_wconf 90' lang='lat' dir='ltr'>duos</span> <span class='ocrx_word' id='word_1_64' title='bbox 864 1429 1030 1510; x_wconf 90' lang='lat' dir='ltr'>potentes</span> <span class='ocrx_word' id='word_1_65' title='bbox 1049 1442 1152 1487; x_wconf 90' lang='lat' dir='ltr'>mar-</span> 
     </span>
     <span class='ocr_line' id='line_1_11' title="bbox 83 1525 1149 1626; baseline 0.005 -26"><span class='ocrx_word' id='word_1_66' title='bbox 83 1525 209 1601; x_wconf 82' lang='lat' dir='ltr'>ubisios</span> <span class='ocrx_word' id='word_1_67' title='bbox 231 1527 460 1626; x_wconf 78' lang='lat' dir='ltr'>perduravit,</span> <span class='ocrx_word' id='word_1_68' title='bbox 482 1545 517 1601; x_wconf 89' lang='lat' dir='ltr'>et</span> <span class='ocrx_word' id='word_1_69' title='bbox 538 1530 651 1601; x_wconf 79' lang='lat' dir='ltr'>multu</span> <span class='ocrx_word' id='word_1_70' title='bbox 669 1527 820 1603; x_wconf 89' lang='lat' dir='ltr'>subditis</span> <span class='ocrx_word' id='word_1_71' title='bbox 844 1528 1060 1604; x_wconf 87' lang='lat' dir='ltr'>detrimenta</span> <span class='ocrx_word' id='word_1_72' title='bbox 1079 1559 1149 1605; x_wconf 86' lang='lat' dir='ltr'>cae-</span> 
     </span>
     <span class='ocr_line' id='line_1_12' title="bbox 83 1645 1152 1748; baseline 0.004 -29"><span class='ocrx_word' id='word_1_73' title='bbox 83 1645 211 1748; x_wconf 79' lang='lat' dir='ltr'>desque</span> <span class='ocrx_word' id='word_1_74' title='bbox 230 1648 426 1746; x_wconf 86' lang='lat' dir='ltr'>generavit.</span> <span class='ocrx_word' id='word_1_75' title='bbox 446 1648 515 1719; x_wconf 91' lang='lat' dir='ltr'>Par</span> <span class='ocrx_word' id='word_1_76' title='bbox 533 1646 699 1748; x_wconf 88' lang='lat' dir='ltr'>equidem</span> <span class='ocrx_word' id='word_1_77' title='bbox 716 1648 896 1721; x_wconf 87' lang='lat' dir='ltr'>malorum</span> <span class='ocrx_word' id='word_1_78' title='bbox 922 1648 1035 1722; x_wconf 86' lang='lat' dir='ltr'>lomes</span> <span class='ocrx_word' id='word_1_79' title='bbox 1056 1651 1152 1723; x_wconf 91' lang='lat' dir='ltr'>inter</span> 
     </span>
     <span class='ocr_line' id='line_1_13' title="bbox 83 1762 1147 1865; baseline 0.003 -28"><span class='ocrx_word' id='word_1_80' title='bbox 83 1762 166 1838; x_wconf 79' lang='lat' dir='ltr'>ilios</span> <span class='ocrx_word' id='word_1_81' title='bbox 182 1789 352 1863; x_wconf 79' lang='lat' dir='ltr'><strong>proceres</strong></span> <span class='ocrx_word' id='word_1_82' title='bbox 378 1763 537 1865; x_wconf 89' lang='lat' dir='ltr'>undique</span> <span class='ocrx_word' id='word_1_83' title='bbox 563 1789 630 1863; x_wconf 89' lang='lat' dir='ltr'>per</span> <span class='ocrx_word' id='word_1_84' title='bbox 652 1764 914 1838; x_wconf 85' lang='lat' dir='ltr'>Normanuiam</span> <span class='ocrx_word' id='word_1_85' title='bbox 937 1766 1147 1865; x_wconf 81' lang='lat' dir='ltr'>pullulavit,</span> 
     </span>
     <span class='ocr_line' id='line_1_14' title="bbox 83 1881 999 1983; baseline 0.002 -29"><span class='ocrx_word' id='word_1_86' title='bbox 83 1896 116 1954; x_wconf 83' lang='lat' dir='ltr'>et</span> <span class='ocrx_word' id='word_1_87' title='bbox 129 1905 323 1971; x_wconf 83' lang='lat' dir='ltr'><strong>enormem</strong></span> <span class='ocrx_word' id='word_1_88' title='bbox 340 1881 515 1981; x_wconf 88' lang='lat' dir='ltr'>tragoedis</span> <span class='ocrx_word' id='word_1_89' title='bbox 533 1884 749 1983; x_wconf 79' lang='lat' dir='ltr'>farraginem</span> <span class='ocrx_word' id='word_1_90' title='bbox 769 1886 999 1983; x_wconf 71' lang='lat' dir='ltr'>preparavit.</span> 
     </span>
    </p>

    <p class='ocr_par' dir='ltr' id='par_1_3' title="bbox 83 1998 1151 3974">
     <span class='ocr_line' id='line_1_15' title="bbox 125 1998 1151 2102; baseline 0.003 -28"><span class='ocrx_word' id='word_1_91' title='bbox 125 1999 193 2074; x_wconf 82' lang='lat' dir='ltr'>Vl.</span> <span class='ocrx_word' id='word_1_92' title='bbox 212 1998 425 2073; x_wconf 89' lang='lat' dir='ltr'>Perturbata</span> <span class='ocrx_word' id='word_1_93' title='bbox 444 2000 604 2102; x_wconf 91' lang='lat' dir='ltr'>undique</span> <span class='ocrx_word' id='word_1_94' title='bbox 622 2027 815 2100; x_wconf 83' lang='lat' dir='ltr'>procerum</span> <span class='ocrx_word' id='word_1_95' title='bbox 835 2001 985 2102; x_wconf 83' lang='lat' dir='ltr'>turgidis</span> <span class='ocrx_word' id='word_1_96' title='bbox 1001 2002 1151 2079; x_wconf 88' lang='lat' dir='ltr'>seditio-</span> 
     </span>
     <span class='ocr_line' id='line_1_16' title="bbox 83 2114 1151 2221; baseline 0.005 -32"><span class='ocrx_word' id='word_1_97' title='bbox 83 2114 187 2190; x_wconf 87' lang='lat' dir='ltr'>nibus</span> <span class='ocrx_word' id='word_1_98' title='bbox 205 2117 370 2190; x_wconf 89' lang='lat' dir='ltr'>Neustria</span> <span class='ocrx_word' id='word_1_99' title='bbox 393 2117 460 2191; x_wconf 93' lang='lat' dir='ltr'>sub</span> <span class='ocrx_word' id='word_1_100' title='bbox 484 2119 586 2191; x_wconf 91' lang='lat' dir='ltr'>molli</span> <span class='ocrx_word' id='word_1_101' title='bbox 604 2120 787 2219; x_wconf 87' lang='lat' dir='ltr'>principe,</span> <span class='ocrx_word' id='word_1_102' title='bbox 805 2118 1033 2221; x_wconf 85' lang='lat' dir='ltr'>pacificisque</span> <span class='ocrx_word' id='word_1_103' title='bbox 1055 2122 1151 2196; x_wconf 91' lang='lat' dir='ltr'>inter</span> 
     </span>
     <span class='ocr_line' id='line_1_17' title="bbox 83 2235 1150 2338; baseline 0.007 -32"><span class='ocrx_word' id='word_1_104' title='bbox 83 2235 245 2310; x_wconf 80' lang='lat' dir='ltr'>incendia</span> <span class='ocrx_word' id='word_1_105' title='bbox 274 2236 488 2338; x_wconf 86' lang='lat' dir='ltr'>crebrasque</span> <span class='ocrx_word' id='word_1_106' title='bbox 513 2235 797 2335; x_wconf 73' lang='lat' dir='ltr'>depredationes</span> <span class='ocrx_word' id='word_1_107' title='bbox 818 2238 1045 2337; x_wconf 81' lang='lat' dir='ltr'>gementibus</span> <span class='ocrx_word' id='word_1_108' title='bbox 1067 2239 1150 2313; x_wconf 90' lang='lat' dir='ltr'>filiis</span> 
     </span>
     <span class='ocr_line' id='line_1_18' title="bbox 83 2352 1150 2454; baseline 0.003 -27"><span class='ocrx_word' id='word_1_109' title='bbox 83 2352 268 2444; x_wconf 79' lang='lat' dir='ltr'>Euclesiae,</span> <span class='ocrx_word' id='word_1_110' title='bbox 283 2355 579 2428; x_wconf 87' lang='lat' dir='ltr'>elementissimus</span> <span class='ocrx_word' id='word_1_111' title='bbox 590 2356 731 2454; x_wconf 89' lang='lat' dir='ltr'>generis</span> <span class='ocrx_word' id='word_1_112' title='bbox 745 2355 892 2429; x_wconf 91' lang='lat' dir='ltr'>hnmani</span> <span class='ocrx_word' id='word_1_113' title='bbox 906 2373 1028 2430; x_wconf 84' lang='lat' dir='ltr'>rector</span> <span class='ocrx_word' id='word_1_114' title='bbox 1039 2360 1150 2431; x_wconf 87' lang='lat' dir='ltr'>servis</span> 
     </span>
     <span class='ocr_line' id='line_1_19' title="bbox 83 2470 1149 2574; baseline 0.004 -30"><span class='ocrx_word' id='word_1_115' title='bbox 83 2470 151 2544; x_wconf 81' lang='lat' dir='ltr'>suis</span> <span class='ocrx_word' id='word_1_116' title='bbox 165 2471 373 2562; x_wconf 83' lang='lat' dir='ltr'>condoluit,</span> <span class='ocrx_word' id='word_1_117' title='bbox 393 2472 633 2573; x_wconf 86' lang='lat' dir='ltr'>emeritosque</span> <span class='ocrx_word' id='word_1_118' title='bbox 649 2470 823 2574; x_wconf 83' lang='lat' dir='ltr'>quosdam</span> <span class='ocrx_word' id='word_1_119' title='bbox 839 2471 884 2546; x_wconf 91' lang='lat' dir='ltr'>de</span> <span class='ocrx_word' id='word_1_120' title='bbox 899 2474 978 2547; x_wconf 89' lang='lat' dir='ltr'>lacu</span> <span class='ocrx_word' id='word_1_121' title='bbox 994 2476 1149 2548; x_wconf 87' lang='lat' dir='ltr'>miserioe</span> 
     </span>
     <span class='ocr_line' id='line_1_20' title="bbox 83 2587 1146 2686; baseline 0 -24"><span class='ocrx_word' id='word_1_122' title='bbox 83 2603 117 2662; x_wconf 82' lang='lat' dir='ltr'>et</span> <span class='ocrx_word' id='word_1_123' title='bbox 126 2587 292 2663; x_wconf 83' lang='lat' dir='ltr'>convalle</span> <span class='ocrx_word' id='word_1_124' title='bbox 304 2588 563 2686; x_wconf 77' lang='lat' dir='ltr'>laerymarum,</span> <span class='ocrx_word' id='word_1_125' title='bbox 579 2589 764 2662; x_wconf 85' lang='lat' dir='ltr'>consortio</span> <span class='ocrx_word' id='word_1_126' title='bbox 779 2590 991 2662; x_wconf 88' lang='lat' dir='ltr'>mortalium</span> <span class='ocrx_word' id='word_1_127' title='bbox 1001 2592 1146 2679; x_wconf 84' lang='lat' dir='ltr'>exemit,</span> 
     </span>
     <span class='ocr_line' id='line_1_21' title="bbox 83 2704 1149 2797; baseline -0.001 -17"><span class='ocrx_word' id='word_1_128' title='bbox 83 2721 115 2780; x_wconf 86' lang='lat' dir='ltr'>et</span> <span class='ocrx_word' id='word_1_129' title='bbox 126 2707 166 2779; x_wconf 91' lang='lat' dir='ltr'>in</span> <span class='ocrx_word' id='word_1_130' title='bbox 184 2707 394 2778; x_wconf 86' lang='lat' dir='ltr'>amoenitate</span> <span class='ocrx_word' id='word_1_131' title='bbox 406 2704 633 2779; x_wconf 88' lang='lat' dir='ltr'>desiderabili</span> <span class='ocrx_word' id='word_1_132' title='bbox 648 2704 822 2795; x_wconf 87' lang='lat' dir='ltr'>Paradisi,</span> <span class='ocrx_word' id='word_1_133' title='bbox 841 2722 881 2777; x_wconf 92' lang='lat' dir='ltr'>ut</span> <span class='ocrx_word' id='word_1_134' title='bbox 895 2732 1034 2797; x_wconf 86' lang='lat' dir='ltr'>remur,</span> <span class='ocrx_word' id='word_1_135' title='bbox 1054 2709 1149 2780; x_wconf 90' lang='lat' dir='ltr'>uotis</span> 
     </span>
     <span class='ocr_line' id='line_1_22' title="bbox 83 2819 1149 2919; baseline 0.003 -27"><span class='ocrx_word' id='word_1_136' title='bbox 83 2820 116 2894; x_wconf 90' lang='lat' dir='ltr'>in</span> <span class='ocrx_word' id='word_1_137' title='bbox 137 2821 317 2894; x_wconf 88' lang='lat' dir='ltr'>oonsimili</span> <span class='ocrx_word' id='word_1_138' title='bbox 332 2819 452 2894; x_wconf 90' lang='lat' dir='ltr'>studio</span> <span class='ocrx_word' id='word_1_139' title='bbox 470 2820 656 2919; x_wconf 82' lang='lat' dir='ltr'>religionis</span> <span class='ocrx_word' id='word_1_140' title='bbox 669 2819 976 2893; x_wconf 87' lang='lat' dir='ltr'>commilitonibus</span> <span class='ocrx_word' id='word_1_141' title='bbox 989 2821 1047 2919; x_wconf 94' lang='lat' dir='ltr'>pie</span> <span class='ocrx_word' id='word_1_142' title='bbox 1059 2848 1149 2895; x_wconf 86' lang='lat' dir='ltr'>asso-</span> 
     </span>
     <span class='ocr_line' id='line_1_23' title="bbox 83 2935 1150 3039; baseline 0.001 -28"><span class='ocrx_word' id='word_1_143' title='bbox 83 2938 199 3011; x_wconf 68' lang='lat' dir='ltr'>ciavit.</span> <span class='ocrx_word' id='word_1_144' title='bbox 213 2936 404 3010; x_wconf 87' lang='lat' dir='ltr'>Durandus</span> <span class='ocrx_word' id='word_1_145' title='bbox 416 2936 605 3038; x_wconf 90' lang='lat' dir='ltr'>siquidem,</span> <span class='ocrx_word' id='word_1_146' title='bbox 620 2935 857 3010; x_wconf 87' lang='lat' dir='ltr'>Troarnensis</span> <span class='ocrx_word' id='word_1_147' title='bbox 867 2936 978 3010; x_wconf 87' lang='lat' dir='ltr'>abbas</span> <span class='ocrx_word' id='word_1_148' title='bbox 987 2938 1150 3039; x_wconf 75' lang='lat' dir='ltr'>grandm-</span> 
     </span>
     <span class='ocr_line' id='line_1_24' title="bbox 83 3051 1148 3156; baseline 0.006 -32"><span class='ocrx_word' id='word_1_149' title='bbox 83 3079 159 3143; x_wconf 77' lang='lat' dir='ltr'>rus,</span> <span class='ocrx_word' id='word_1_150' title='bbox 174 3052 220 3126; x_wconf 88' lang='lat' dir='ltr'>ab</span> <span class='ocrx_word' id='word_1_151' title='bbox 233 3054 379 3127; x_wconf 80' lang='lat' dir='ltr'>infantia</span> <span class='ocrx_word' id='word_1_152' title='bbox 397 3051 610 3137; x_wconf 88' lang='lat' dir='ltr'>monachus,</span> <span class='ocrx_word' id='word_1_153' title='bbox 625 3053 802 3153; x_wconf 88' lang='lat' dir='ltr'>religione</span> <span class='ocrx_word' id='word_1_154' title='bbox 813 3071 850 3128; x_wconf 92' lang='lat' dir='ltr'>et</span> <span class='ocrx_word' id='word_1_155' title='bbox 861 3055 1031 3153; x_wconf 87' lang='lat' dir='ltr'>sapientia</span> <span class='ocrx_word' id='word_1_156' title='bbox 1049 3083 1148 3156; x_wconf 79' lang='lat' dir='ltr'>prae-</span> 
     </span>
     <span class='ocr_line' id='line_1_25' title="bbox 83 3170 1148 3274; baseline 0.004 -31"><span class='ocrx_word' id='word_1_157' title='bbox 83 3171 222 3270; x_wconf 81' lang='lat' dir='ltr'>eipuus,</span> <span class='ocrx_word' id='word_1_158' title='bbox 240 3171 463 3244; x_wconf 87' lang='lat' dir='ltr'>ecclesiastici</span> <span class='ocrx_word' id='word_1_159' title='bbox 485 3188 609 3244; x_wconf 87' lang='lat' dir='ltr'>cautus</span> <span class='ocrx_word' id='word_1_160' title='bbox 629 3189 666 3244; x_wconf 91' lang='lat' dir='ltr'>et</span> <span class='ocrx_word' id='word_1_161' title='bbox 682 3170 796 3245; x_wconf 86' lang='lat' dir='ltr'>divini</span> <span class='ocrx_word' id='word_1_162' title='bbox 821 3171 998 3274; x_wconf 87' lang='lat' dir='ltr'>dogmatis</span> <span class='ocrx_word' id='word_1_163' title='bbox 1019 3174 1148 3249; x_wconf 88' lang='lat' dir='ltr'>doctor</span> 
     </span>
     <span class='ocr_line' id='line_1_26' title="bbox 83 3287 1149 3390; baseline 0.003 -30"><span class='ocrx_word' id='word_1_164' title='bbox 83 3287 331 3388; x_wconf 86' lang='lat' dir='ltr'>peritissimus,</span> <span class='ocrx_word' id='word_1_165' title='bbox 351 3287 420 3361; x_wconf 91' lang='lat' dir='ltr'>sibi</span> <span class='ocrx_word' id='word_1_166' title='bbox 443 3287 555 3361; x_wconf 86' lang='lat' dir='ltr'>durus</span> <span class='ocrx_word' id='word_1_167' title='bbox 577 3289 753 3381; x_wconf 73' lang='lat' dir='ltr'>carnifex,</span> <span class='ocrx_word' id='word_1_168' title='bbox 781 3290 930 3390; x_wconf 89' lang='lat' dir='ltr'>aliisque</span> <span class='ocrx_word' id='word_1_169' title='bbox 954 3292 1052 3362; x_wconf 89' lang='lat' dir='ltr'>mitis</span> <span class='ocrx_word' id='word_1_170' title='bbox 1069 3293 1149 3390; x_wconf 88' lang='lat' dir='ltr'>opi-</span> 
     </span>
     <span class='ocr_line' id='line_1_27' title="bbox 83 3403 1148 3505; baseline 0 -25"><span class='ocrx_word' id='word_1_171' title='bbox 83 3403 151 3495; x_wconf 85' lang='lat' dir='ltr'>lex,</span> <span class='ocrx_word' id='word_1_172' title='bbox 165 3420 248 3505; x_wconf 87' lang='lat' dir='ltr'>post</span> <span class='ocrx_word' id='word_1_173' title='bbox 264 3406 398 3480; x_wconf 91' lang='lat' dir='ltr'>multos</span> <span class='ocrx_word' id='word_1_174' title='bbox 414 3407 451 3479; x_wconf 90' lang='lat' dir='ltr'>iu</span> <span class='ocrx_word' id='word_1_175' title='bbox 468 3406 532 3479; x_wconf 88' lang='lat' dir='ltr'>Dei</span> <span class='ocrx_word' id='word_1_176' title='bbox 552 3406 652 3479; x_wconf 88' lang='lat' dir='ltr'>cultu</span> <span class='ocrx_word' id='word_1_177' title='bbox 664 3405 824 3496; x_wconf 90' lang='lat' dir='ltr'>labores,</span> <span class='ocrx_word' id='word_1_178' title='bbox 845 3406 882 3478; x_wconf 91' lang='lat' dir='ltr'>in</span> <span class='ocrx_word' id='word_1_179' title='bbox 900 3407 1031 3479; x_wconf 87' lang='lat' dir='ltr'>lectum</span> <span class='ocrx_word' id='word_1_180' title='bbox 1045 3405 1148 3480; x_wconf 86' lang='lat' dir='ltr'>deeu-</span> 
     </span>
     <span class='ocr_line' id='line_1_28' title="bbox 83 3521 1147 3623; baseline 0 -27"><span class='ocrx_word' id='word_1_181' title='bbox 83 3523 178 3616; x_wconf 86' lang='lat' dir='ltr'>buit,</span> <span class='ocrx_word' id='word_1_182' title='bbox 197 3539 234 3597; x_wconf 89' lang='lat' dir='ltr'>et</span> <span class='ocrx_word' id='word_1_183' title='bbox 246 3522 356 3613; x_wconf 90' lang='lat' dir='ltr'>bene,</span> <span class='ocrx_word' id='word_1_184' title='bbox 373 3540 414 3597; x_wconf 92' lang='lat' dir='ltr'>ut</span> <span class='ocrx_word' id='word_1_185' title='bbox 431 3522 588 3623; x_wconf 89' lang='lat' dir='ltr'>prudens</span> <span class='ocrx_word' id='word_1_186' title='bbox 606 3540 643 3595; x_wconf 87' lang='lat' dir='ltr'>et</span> <span class='ocrx_word' id='word_1_187' title='bbox 662 3521 776 3596; x_wconf 87' lang='lat' dir='ltr'>fidelis</span> <span class='ocrx_word' id='word_1_188' title='bbox 790 3547 927 3611; x_wconf 86' lang='lat' dir='ltr'>servus,</span> <span class='ocrx_word' id='word_1_189' title='bbox 948 3523 1000 3596; x_wconf 86' lang='lat' dir='ltr'>ire</span> <span class='ocrx_word' id='word_1_190' title='bbox 1017 3521 1062 3596; x_wconf 90' lang='lat' dir='ltr'>ad</span> <span class='ocrx_word' id='word_1_191' title='bbox 1081 3551 1147 3596; x_wconf 90' lang='lat' dir='ltr'>cu-</span> 
     </span>
     <span class='ocr_line' id='line_1_29' title="bbox 83 3636 1147 3739; baseline -0.001 -26"><span class='ocrx_word' id='word_1_192' title='bbox 83 3641 171 3714; x_wconf 83' lang='lat' dir='ltr'>riam</span> <span class='ocrx_word' id='word_1_193' title='bbox 199 3639 336 3714; x_wconf 89' lang='lat' dir='ltr'>domini</span> <span class='ocrx_word' id='word_1_194' title='bbox 363 3641 415 3713; x_wconf 90' lang='lat' dir='ltr'>sui</span> <span class='ocrx_word' id='word_1_195' title='bbox 441 3657 603 3739; x_wconf 85' lang='lat' dir='ltr'>paratus,</span> <span class='ocrx_word' id='word_1_196' title='bbox 630 3655 688 3714; x_wconf 86' lang='lat'><strong>111⁰</strong></span> <span class='ocrx_word' id='word_1_197' title='bbox 717 3638 794 3711; x_wconf 91' lang='lat' dir='ltr'>idus</span> <span class='ocrx_word' id='word_1_198' title='bbox 817 3636 988 3710; x_wconf 75' lang='lat' dir='ltr'>februarii</span> <span class='ocrx_word' id='word_1_199' title='bbox 1013 3639 1068 3737; x_wconf 87' lang='grc' dir='ltr'>(ι)</span> <span class='ocrx_word' id='word_1_200' title='bbox 1102 3638 1147 3712; x_wconf 91' lang='lat' dir='ltr'>de</span> 
     </span>
     <span class='ocr_line' id='line_1_30' title="bbox 83 3755 1147 3858; baseline -0.001 -27"><span class='ocrx_word' id='word_1_201' title='bbox 83 3758 208 3832; x_wconf 80' lang='lat' dir='ltr'>taeeulo</span> <span class='ocrx_word' id='word_1_202' title='bbox 221 3759 402 3858; x_wconf 85' lang='lat' dir='ltr'>migravit.</span> <span class='ocrx_word' id='word_1_203' title='bbox 421 3759 462 3837; x_wconf 90' lang='lat' dir='ltr'>ln</span> <span class='ocrx_word' id='word_1_204' title='bbox 477 3760 549 3857; x_wconf 86' lang='lat' dir='ltr'>ejus</span> <span class='ocrx_word' id='word_1_205' title='bbox 566 3759 719 3829; x_wconf 90' lang='lat' dir='ltr'>transitu</span> <span class='ocrx_word' id='word_1_206' title='bbox 736 3781 792 3828; x_wconf 88' lang='lat' dir='ltr'>res</span> <span class='ocrx_word' id='word_1_207' title='bbox 809 3781 885 3830; x_wconf 90' lang='lat' dir='ltr'>non</span> <span class='ocrx_word' id='word_1_208' title='bbox 900 3755 1034 3828; x_wconf 82' lang='lat' dir='ltr'>silenda</span> <span class='ocrx_word' id='word_1_209' title='bbox 1052 3783 1147 3833; x_wconf 89' lang='lat' dir='ltr'>con-</span> 
     </span>
     <span class='ocr_line' id='line_1_31' title="bbox 83 3872 1147 3974; baseline 0.001 -28"><span class='ocrx_word' id='word_1_210' title='bbox 83 3875 172 3974; x_wconf 89' lang='lat' dir='ltr'>tigit.</span> <span class='ocrx_word' id='word_1_211' title='bbox 188 3877 230 3947; x_wconf 90' lang='lat' dir='ltr'>ln</span> <span class='ocrx_word' id='word_1_212' title='bbox 243 3900 396 3973; x_wconf 88' lang='lat' dir='ltr'>corpore</span> <span class='ocrx_word' id='word_1_213' title='bbox 408 3875 546 3974; x_wconf 85' lang='lat' dir='ltr'>praesati</span> <span class='ocrx_word' id='word_1_214' title='bbox 559 3876 689 3973; x_wconf 91' lang='lat' dir='ltr'>patris,</span> <span class='ocrx_word' id='word_1_215' title='bbox 705 3873 792 3947; x_wconf 81' lang='lat' dir='ltr'>(lum</span> <span class='ocrx_word' id='word_1_216' title='bbox 806 3873 938 3961; x_wconf 90' lang='lat' dir='ltr'>obiret,</span> <span class='ocrx_word' id='word_1_217' title='bbox 955 3872 1147 3973; x_wconf 87' lang='lat' dir='ltr'>bipartitus</span> 
     </span>
    </p>
   </div>
   <div class='ocr_carea' id='block_1_3' title="bbox 112 4138 456 4208">
    <p class='ocr_par' dir='ltr' id='par_1_4' title="bbox 112 4138 456 4208">
     <span class='ocr_line' id='line_1_32' title="bbox 112 4138 456 4208; baseline -0.003 -16"><span class='ocrx_word' id='word_1_218' title='bbox 112 4138 150 4208; x_wconf 83' lang='grc' dir='ltr'>(ι)</span> <span class='ocrx_word' id='word_1_219' title='bbox 164 4139 201 4193; x_wconf 85' lang='lat' dir='ltr'>Lo</span> <span class='ocrx_word' id='word_1_220' title='bbox 218 4158 245 4193; x_wconf 89' lang='grc' dir='ltr'>ιι</span> <span class='ocrx_word' id='word_1_221' title='bbox 264 4138 366 4193; x_wconf 80' lang='lat' dir='ltr'>leurier</span> <span class='ocrx_word' id='word_1_222' title='bbox 382 4139 456 4194; x_wconf 80' lang='lat'>1088.</span> 
     </span>
    </p>
   </div>
   <div class='ocr_carea' id='block_1_4' title="bbox 0 0 1448 4934">
    <p class='ocr_par' dir='ltr' id='par_1_5' title="bbox 0 0 1448 4934">
     <span class='ocr_line' id='line_1_33' title="bbox 0 0 1448 4934; baseline 0 0"><span class='ocrx_word' id='word_1_223' title='bbox 0 0 1448 4934; x_wconf 95' lang='lat' dir='ltr'> </span> 
     </span>
    </p>
   </div>
  </div>
 </body>
</html>
