2888 4934
72 391 180 468 [1097]
277 398 283 414 ·
468 390 585 451 tiana
606 391 743 455 uouus.
1078 395 1134 455 aar

71 521 182 601 Turci
205 522 242 594 in
260 519 479 594 Christianos
503 522 708 613 irruebant,
730 521 935 623 insidiisque
952 522 1141 622 indigena-

72 664 157 711 rum
185 639 291 712 multi
322 633 577 714 occubuerant.
610 641 806 740 Optimates
835 666 923 741 ergo
956 641 1139 715 christiani

73 752 324 844 condolentes,
351 757 478 829 Turcis
495 756 752 847 obviaverunt,
775 756 820 828 ad
846 756 1056 831 conllictum
1081 782 1141 830 ecs

72 891 381 972 provocaverunt,
403 874 504 946 etad
527 875 666 966 locum,
686 874 748 946 ubi
774 872 1042 948 Boammundus
1059 900 1141 946 cum

74 988 145 1062 suis
160 990 197 1061 in
211 989 346 1063 insidiis
354 990 513 1080 delituit,
527 995 647 1093 lugam
659 992 847 1093 lingentes,
864 993 1017 1066 scienter
1033 992 1141 1066 dccli-

74 1123 266 1183 naverunt.
279 1106 332 1178 lbi
345 1105 635 1181 Christianorum
646 1109 719 1183 duo
731 1109 844 1181 millia
858 1111 912 1205 (ι)
924 1109 1031 1182 occisi
1045 1124 1140 1180 sunt.

74 1222 194 1299 Porro
215 1224 462 1314 Boamundus,
486 1227 673 1325 praeliator
690 1228 922 1318 fortissimus,
946 1224 991 1299 de
1008 1224 1144 1298 insidiis

74 1343 235 1415 concitus
244 1344 412 1434 surrexit,
427 1360 463 1416 et
474 1345 611 1417 Turcos
623 1371 820 1445 aggressus,
831 1344 965 1417 multos
974 1343 1141 1442 peremit,

73 1475 110 1532 et
127 1459 299 1560 quosdam
318 1462 416 1534 vivos
433 1463 600 1550 retinuit,
619 1489 709 1563 quos
727 1478 811 1537 ante
833 1479 977 1560 portam
993 1459 1145 1533 civitatis

72 1577 284 1651 solemniter
300 1579 336 1651 in
351 1581 591 1678 spectaculum
608 1579 812 1655 decollavit.
830 1578 967 1653 Deinde
985 1596 1145 1653 castren-

73 1717 126 1766 ses
140 1719 246 1792 super
259 1698 430 1770 verticem
447 1697 599 1788 montis,
623 1700 684 1798 qui
707 1697 842 1772 dicitur
859 1696 1050 1798 Maregard
1068 1696 1143 1794 (a),

69 1811 259 1905 ,castellum
280 1813 567 1902 aedificaverunt,
586 1813 684 1916 quod
702 1842 769 1914 per
789 1814 930 1889 dierum
949 1814 1145 1889 successio-

73 1951 138 2001 ncs
155 1928 315 2001 lleroum
331 1931 573 2030 unusquisque
587 1932 623 2003 in
637 1930 766 2004 ordine
783 1932 870 2006 vicis
883 1958 955 2003 suae
972 1927 1147 2004 custodie·

74 2042 177 2120 bant.
213 2045 364 2118 lnterim
392 2062 571 2120 attenuata
596 2065 680 2121 sunt
704 2048 891 2136 victualia,
919 2048 1002 2147 quia
1030 2070 1146 2144 neque

75 2163 249 2235 cursitare
265 2162 462 2248 audebant,
480 2189 597 2265 neque
613 2181 812 2238 mercatum
831 2162 1026 2237 habebant.
1043 2159 1147 2255 Quod

74 2279 216 2352 veroin
240 2280 332 2352 valle
357 2281 599 2378 reperierant,
628 2282 814 2354 allluenter
837 2293 1144 2378 consumpserant.

75 2394 217 2468 Cibaria
237 2397 346 2496 igitur
363 2399 485 2471 omnia
498 2424 644 2497 percara
658 2415 781 2490 erant;
798 2401 907 2472 sames
925 2396 1150 2471 inhorresce-

75 2511 139 2589 bat
146 2569 158 2604 ,
171 2516 343 2614 quoniam
356 2515 487 2614 pabula
501 2519 622 2591 omnia
637 2516 750 2591 dedic
762 2517 799 2589 in
812 2517 909 2590 diem
918 2513 1145 2600 deficiebant,

75 2645 113 2704 et
129 2631 225 2704 intus
239 2629 429 2704 adversarii
448 2633 654 2706 cavillantes
670 2631 886 2734 gaudebant.

127 2747 1148 2838 AnnoabincarnationeDomiuiu⁰xc⁰vn⁰,indicticnev“‚

77 2864 255 2943 celebrata
279 2865 473 2940 Nativitate
495 2866 626 2939 Christi
655 2868 730 2966 (ὅ),
753 2863 986 2939 Buamundus
1003 2863 1094 2952 dux,
1114 2878 1152 2934 et

76 2981 530 3074 Flandreusisllodbertus,
542 3011 617 3059 non
626 2986 702 3057 sine
712 2981 1151 3079 remanentiumlacrymis

77 3282 166 3356 tigne.
182 3284 262 3339 Cettc
274 3285 352 3358 place
365 3286 433 3341 etait
447 3287 558 3342 tombee
570 3305 604 3341 au
614 3287 732 3361 pouvoir
743 3286 778 3342 de
787 3285 947 3354 Tancrbde,
958 3302 1022 3339 avec
1032 3299 1150 3355 presque

74 3379 138 3427 tout
153 3370 180 3426 le
197 3383 269 3428 reste
286 3372 322 3428 de
339 3373 364 3429 la
381 3375 494 3444 Cilicie,
510 3378 590 3451 apres
604 3394 653 3433 aon
667 3375 768 3450 depart
780 3375 816 3431 de
830 3374 998 3440 Malmistra;
1015 3371 1084 3426 mais
1097 3369 1150 3425 elle

75 3463 148 3519 avait
161 3465 206 3518 e'te
218 3464 325 3538 reprise
337 3485 387 3539 par
399 3466 439 3522 les
451 3467 634 3523 musulmans.

110 3552 150 3623 (ι)
158 3552 247 3608 Notre
259 3564 358 3610 auteur
368 3558 534 3613 commatici
546 3576 602 3612 une
613 3575 711 3612 erreur
722 3574 813 3630 grave,
826 3555 876 3630 qui
889 3553 930 3609 lui
943 3553 1103 3625 appartient
1113 3570 1149 3608 ea

75 3660 188 3716 propre.
208 3645 252 3698 Au
269 3643 326 3710 lieu
344 3646 379 3701 de
395 3665 440 3703 ces
454 3659 547 3703 mou:
563 3646 620 3703 duo
638 3648 752 3714 utiliter,
775 3648 824 3721 qui
843 3663 872 3700 sc
889 3653 1020 3698 trouvent
1036 3641 1105 3697 dans
1123 3641 1149 3698 le

75 3732 147 3786 recit
157 3731 193 3788 de
203 3732 322 3802 Bandri‚
337 3734 356 3789 il
365 3741 383 3790 'a
396 3737 467 3791 ecrit
480 3760 486 3790 ι
499 3736 556 3793 duo
566 3737 664 3792 nullia.
678 3736 789 3811 llycut
800 3735 881 3802 bien,
894 3737 910 3789 a
922 3752 953 3789 ce
965 3732 1034 3808 qu’il
1045 3732 1149 3807 paruit,

74 3822 148 3881 deux
160 3823 237 3880 mille
251 3825 377 3882 hommes
390 3826 426 3883 ‹lc
439 3830 516 3897 tues,
529 3829 599 3884 maia
611 3847 643 3883 ce
655 3828 699 3883 lut
711 3827 752 3883 du
765 3826 827 3883 cote
838 3826 888 3881 des
900 3823 1084 3881 Musulmans.

73 3956 77 3963 .
110 3914 150 3985 (a)
166 3915 248 3970 Cetto
263 3926 413 3990 montagne
430 3919 503 3973 avait
519 3921 565 3974 ete
581 3920 710 3974 nominee
726 3916 894 3992 Mauregard
908 3914 981 3987 (Mal
998 3913 1147 3988 Regnard)

74 4003 178 4077 parles
190 4006 306 4074 croives,
321 4009 493 4064 mecontents
507 4008 545 4063 dc
556 4027 588 4064 cc
597 4007 698 4083 qu'elle
711 4009 848 4064 dominait
860 4008 921 4064 leur
934 4024 1028 4078 camp,
1043 4015 1072 4061 ct
1084 4022 1149 4077 par·

75 4093 282 4152 ticulieremcnt
297 4096 516 4170 l'cmplaccmeut
528 4100 634 4172 occupd
648 4119 698 4172 par
712 4098 864 4156 llodmoud.

110 4181 151 4255 (ὅ)
164 4185 200 4241 Lo
213 4185 291 4243 lundi
307 4185 341 4243 28
354 4187 500 4245 de'crmbrc
518 4207 593 4264 ¹⁰97·
