2888 4934
181 402 288 480 [1097]
575 399 692 459 tiana
713 398 850 458 uorsus
1187 399 1245 459 tor

181 530 381 630 Stephanus
393 531 582 618 Blesensis,
599 546 634 601 et
647 529 850 602 Rodbertus
863 527 1103 616 flandrensis,
1117 529 1248 631 aliique

182 672 368 745 proceres,
388 648 449 746 qui
467 646 511 718 de
527 646 649 717 multis
666 646 864 744 provinciis
879 661 1146 743 processerant,
1162 649 1250 719 etin

181 763 282 835 ltalia
300 790 382 835 cum
399 763 549 834 catervis
564 762 634 833 suis
652 761 917 850 hiemaverant,
936 761 1103 834 alacriter
1118 762 1248 859 parati,

183 879 326 978 placido
342 905 425 951 vere
440 882 584 979 pelagus
598 880 773 951 sulcantes
791 878 1033 966 Adriaticum,
1050 881 1254 952 transfreta-
1269 975 1271 979 ι

183 1014 331 1082 rerunt,
352 1013 389 1068 et
405 997 528 1068 Marco
545 993 758 1068 Buamundo
777 996 812 1067 iu
832 993 1042 1068 Macedonia
1059 996 1113 1092 (ι)
1132 997 1253 1068 sociati

183 1129 279 1184 sunt.
293 1114 387 1186 Dum
401 1129 497 1185 tanta
513 1112 680 1186 nobilitas
693 1115 729 1185 in
743 1139 855 1184 unum
867 1113 1058 1199 convenit,
1073 1130 1108 1184 et
1124 1115 1257 1186 incom-

184 1229 353 1327 parabilis
370 1230 531 1328 probitas
549 1232 626 1302 sine
641 1229 786 1303 fictione
804 1229 847 1302 ad
864 1256 953 1328 opus
969 1231 1032 1302 Dei
1051 1255 1087 1302 se
1099 1229 1253 1318 obtulit,

164 1412 168 1419 .
186 1349 311 1446 ingens
319 1350 455 1421 cunctis
463 1347 806 1437 timentibusDeum,
816 1347 1046 1448 quiaderant,
1058 1348 1258 1447 tripudium

183 1464 263 1538 luit.
283 1466 428 1539 Alexius
445 1483 566 1538 autem
581 1469 790 1565 imperator,
812 1468 873 1566 qui
888 1464 1099 1563 jamdudum
1116 1468 1260 1566 Cisalpi-

188 1609 319 1655 norum
347 1611 445 1655 arma
473 1585 633 1684 graviter
662 1601 829 1683 expertus
858 1600 930 1674 est,
957 1583 1079 1656 audito
1102 1583 1260 1657 adventu

187 1717 370 1774 tantorum
399 1701 576 1775 baronum
608 1702 715 1774 nimis
741 1704 887 1774 territus
911 1719 981 1792 est,
1009 1718 1045 1774 ct
1073 1720 1256 1802 perspecta

186 1834 263 1891 arte
279 1844 345 1916 per
371 1846 478 1918 quam
497 1820 697 1918 periculum
720 1818 905 1907 evaderet,
935 1819 1003 1892 sub
1032 1821 1148 1919 specie
1164 1822 1261 1919 pacis

187 1959 247 2006 eos
264 1933 351 2007 dolo
379 1935 544 2032 decipere
568 1951 716 2008 conatus
735 1952 800 2006 est.
831 1936 921 2006 Erat
946 1936 1044 2007 enim
1062 1934 1209 2008 callidus
1227 1952 1264 2008 et

186 2052 375 2140 lacundus,
398 2054 535 2152 largus,
555 2070 592 2125 et
607 2051 750 2126 fallendi
769 2053 896 2126 artifex
913 2054 1129 2153 ingeniosus.
1149 2055 1263 2153 Lega-

188 2185 244 2241 tos
259 2170 371 2270 igitur
386 2171 430 2242 ad
448 2170 587 2243 nobiles
606 2172 817 2270 peregrinos
834 2173 950 2260 misit,
967 2189 1002 2244 et
1015 2196 1139 2270 pacem
1154 2171 1263 2245 abeis

190 2287 378 2361 humiliter
390 2289 593 2388 requisivit,
608 2288 836 2390 liberumque
848 2292 1039 2363 transitum
1049 2317 1115 2390 per
1128 2308 1263 2364 terram

189 2431 308 2496 suam,
337 2422 373 2478 et
400 2408 639 2478 necessarium
665 2409 854 2507 negotium
878 2426 985 2508 atque
1007 2408 1205 2482 subsidium
1228 2434 1264 2481 se

189 2521 260 2595 illis
276 2521 445 2595 daturum
460 2551 541 2595 cum
551 2525 760 2623 juramento
774 2527 953 2624 promisit.
973 2528 1054 2599 Dux
1069 2552 1156 2601 vero
1173 2529 1263 2600 Bua-

189 2639 361 2731 mundus,
380 2645 442 2740 qui
459 2641 599 2714 fraudes
616 2644 689 2742 ejus
705 2642 799 2716 bene
822 2643 959 2716 dudum
980 2660 1148 2743 expertus
1164 2661 1261 2733 crat,

125 2830 130 2836 .
188 2781 342 2859 eumque
354 2757 452 2833 bello
468 2758 523 2831 bis
538 2758 718 2833 devicerat
730 2761 804 2858 (a),
821 2761 995 2832 simulatis
1012 2759 1264 2859 sponsionibus

188 2908 264 2955 non
278 2882 478 2983 adquievit3
494 2883 555 2956 sed
568 2885 682 2958 socios
692 2910 774 2957 suos
786 2883 831 2956 ad
843 2882 1078 2962 obsidendam
1092 2885 1265 2956 Constan·
1328 2880 1333 2887 ’

189 3001 390 3099 tinopolim
410 3003 566 3074 viriliter
585 3002 766 3088 incitavit,
792 3019 828 3074 et
852 3001 976 3074 multis
1001 3029 1041 3074 ac
1059 3000 1264 3100 probabili-

186 3114 268 3205 bus,
286 3116 355 3192 hoc
368 3118 434 3191 sihi
448 3117 777 3192 commodissimum
791 3145 878 3211 esse,
893 3119 1168 3219 allegationibus
1184 3147 1264 3191 ma-

189 3233 314 3308 uilcste
328 3236 498 3309 ostendit.
518 3235 647 3310 Franci
666 3255 784 3310 autem
801 3236 972 3310 dixerunt
993 3268 1001 3309 :
1024 3238 1102 3311 Nos·
1116 3239 1264 3310 divitias

188 3369 335 3426 nostras
353 3355 629 3453 dereliquimus,
649 3373 683 3426 et
690 3359 1024 3456 peregrinationem
1045 3372 1172 3455 sponte
1188 3382 1263 3454 og-

185 3472 307 3567 gressi
322 3497 469 3559 samur,
490 3487 529 3541 ut
541 3498 610 3572 pro
628 3497 752 3542 amore
770 3471 1084 3571 Cln·irtipoganos
1103 3469 1262 3569 cordun-

181 3745 192 3765 ·
223 3732 264 3800 (ι)
279 3732 316 3785 Le
328 3729 382 3784 duc
395 3730 431 3784 de
444 3731 615 3785 Normaudie
630 3742 658 3785 et
669 3732 695 3785 le
710 3742 801 3785 comte
815 3731 849 3784 de
863 3731 936 3784 Blois
948 3749 983 3784 ne
998 3731 1263 3804 s’ernliarquerent'a

188 3818 307 3876 llriudes
317 3839 372 3894 que
385 3820 410 3875 lc
419 3822 486 3891 jour
496 3820 531 3876 de
545 3823 652 3894 l’alques
665 3819 698 3891 (5
710 3821 778 3876 avril
793 3827 886 3896 1097);
902 3822 935 3875 ils
948 3842 983 3876 ne
996 3822 1181 3894 rejoignirent
1194 3823 1261 3878 Boe'·

188 3907 275 3968 mund
295 3910 379 3983 qu’au
399 3911 473 3982 siege
497 3909 531 3964 de
550 3911 649 3974 Nicea,
671 3912 708 3963 oia
726 3910 759 3963 ils
774 3910 928 3963 animarent
941 3909 1009 3964 dans
1027 3911 1051 3964 la
1065 3912 1202 3983 premiere
1220 3929 1264 3964 se-

189 3999 281 4054 maiae
293 3997 329 4054 de
344 3999 417 4071 juin.
431 4030 468 4042 -
480 4000 612 4073 L’evdque
629 4000 663 4053 de
677 4001 785 4072 Baycux
801 4001 869 4055 etait
885 4012 959 4056 mort
974 4006 988 4055 a
1004 4001 1129 4058 Palerme
1142 4022 1175 4056 au
1192 4003 1263 4056 mois
1328 4028 1331 4033 >

186 4087 345 4157 deferrier,
357 4109 464 4145 comme
478 4110 548 4145 nous
562 4090 663 4144 l'avons
679 4111 714 4144 vu
731 4091 878 4146 ci·dessus.

224 4178 266 4249 (a)
279 4178 305 4233 A
317 4179 454 4233 Joanniua
465 4190 493 4234 et
505 4181 520 4232 ὲ
534 4179 618 4247 Arta,
631 4198 666 4233 eu
682 4177 760 4235 1083.

268 4294 324 4343 ιιι.
1068 4279 1111 4345 52
