2888 4934
192 382 249 443 aa
465 378 651 441 arsaoan
673 374 980 439 eccamtssrrcs.
1049 381 1293 460 [amusos.—

237 516 300 586 His
320 512 467 602 auditis,
487 513 739 611 magnanimus
762 511 869 623 heros
886 510 989 586 valde
1012 514 1184 589 anxiatus
1199 531 1293 593 αΙ

188 632 280 705 Nam
299 629 504 705 venerando
519 630 624 728 Papae
641 630 851 728 aprotervis
868 628 1032 703 leonibus
1048 629 1293 733 paofligau-

187 749 278 821 sicut
293 749 401 820 Petro
420 749 455 819 in
474 772 616 820 camere
639 746 812 835 Herodis,
835 772 1045 821 succurrere
1062 748 1293 847 desident,

186 882 224 940 et
239 867 437 940 exercitum
453 891 576 951 suum,
596 889 704 964 quem
724 889 878 939 numero
894 866 1153 964 paucissimum
1171 868 1289 945 inter

186 985 318 1058 multos
336 983 454 1057 hostes
475 998 512 1055 et
534 980 682 1055 callidos
708 998 815 1083 atque
834 998 972 1092 atroces
997 1000 1210 1083 computat,-
1227 985 1273 1063 iat

185 1116 280 1173 terra
308 1100 421 1174 aliena
440 1099 518 1172 sine
538 1097 629 1171 duce
652 1099 752 1171 velut
771 1124 881 1199 agnos
907 1100 1003 1171 inter
1024 1099 1132 1199 lupos
1148 1098 1257 1175 relin-

184 1243 296 1318 quere
313 1216 545 1292 vehementer
561 1215 714 1290 haesitat.
733 1214 894 1287 Tandem
914 1216 1042 1289 erectis
1061 1214 1254 1291 luminibu

183 1335 314 1408 mentis
330 1333 374 1406 ad
397 1333 614 1422 Dominum,
633 1360 652 1404 a
671 1357 745 1433 quo
774 1356 884 1405 omne
910 1330 1049 1404 bonum
1075 1330 1251 1431 procedit,

183 1452 388 1525 convocatis
410 1450 614 1552 agminibus
637 1452 707 1524 suis
735 1474 819 1523 cum
833 1447 1047 1523 Buamundo
1068 1448 1150 1525 fitia
1168 1476 1252 1539 suo,

184 1571 262 1642 aits
290 1570 441 1671 Semper
461 1568 711 1643 obsecundare
735 1568 836 1657 Deo,
860 1570 926 1668 qui
944 1593 1016 1669 per
1031 1594 1254 1643 wmmuteem

183 1685 363 1759 Ecclesiae
380 1685 575 1760 catholicae
586 1701 774 1773 pastorem
787 1686 991 1785 alloquitur
1003 1711 1070 1758 nos
1076 1742 1091 1775 ,
1107 1702 1253 1787 oportet.

184 1802 405 1877 Auxiliante
429 1803 528 1891 Deo,
548 1805 709 1903 jussioni
727 1805 848 1906 Papa
873 1801 1064 1893 obediam,
1084 1818 1120 1877 et
1147 1830 1255 1904 quarn

186 1919 294 1991 citius
312 1934 459 2018 potero,
490 1920 545 1991 ad
570 1946 636 1992 vos
670 1919 786 1993 redire
811 1935 995 2020 satagam.
1024 1927 1175 1995 Interea
1195 1946 1256 1995 aas

178 2036 382 2137 prudenter
397 2039 435 2109 in
451 2036 722 2137 bacprovincia
741 2039 972 2137 requiescite,
987 2056 1021 2112 et
1034 2041 1131 2111 inter
1140 2038 1256 2115 tusas

186 2153 349 2255 undique
376 2159 625 2254 circumspecti
653 2171 776 2228 estote.
809 2155 852 2227 Si
880 2157 960 2256 quas
982 2159 1258 2257 praesumpserit

185 2269 277 2344 bello
303 2298 370 2344 uos
399 2278 585 2373 impetere,
612 2274 650 2344 in
668 2275 802 2347 uirtute
819 2274 892 2346 Dei
919 2275 1073 2346 uiriliter
1088 2276 1252 2351 maistin.

187 2386 265 2459 Vos
283 2403 405 2460 tamea
418 2404 540 2460 cavete
554 2415 601 2459 ne
622 2388 757 2462 bellare
775 2391 980 2489 incipiatis,
999 2416 1068 2463 nec
1085 2392 1256 2465 occasio-

184 2527 265 2574 nem
306 2501 509 2603 proeliandi
542 2502 704 2576 hostibus
744 2505 857 2594 detis,
893 2531 1009 2603 neque
1038 2505 1253 2605 indigenas,

185 2632 372 2721 quousque
387 2645 569 2717 regressus
571 2617 700 2718 fuero,
722 2621 921 2696 lacessatis.
941 2623 1159 2722 Injunctam
1169 2621 1259 2695 mibi

184 2763 208 2809 a
218 2740 375 2811 Domino
392 2740 593 2813 servitutem
609 2738 727 2829 inibo,
742 2756 778 2813 et
789 2742 823 2812 si
830 2745 911 2814 ‘uita
926 2737 1189 2838 comessuerit,
1201 2767 1259 2815 ce·

183 2852 302 2928 Ieriter
315 2853 452 2927 redibo.
465 2855 543 2926 Per
557 2859 722 2929 animam
735 2857 922 2930 Tancredi
928 2860 1050 2958 patris
1069 2863 1145 2931 mei
1152 2862 1256 2961 juro,

184 2990 218 3043 et
232 2972 554 3072 bocjurojurando
572 2973 676 3046 oobis
684 2974 837 3069 firmiter
847 3001 983 3065 assero,
1001 2975 1119 3076 quod,
1138 2974 1259 3049 donee

185 3115 343 3163 reversus
361 3089 415 3160 ad
439 3087 643 3187 oosfuero,
668 3118 739 3162 non
766 3109 850 3164 utar
865 3091 1010 3181 balneo,
1031 3091 1154 3171 barba
1173 3116 1255 3167 mea

183 3232 257 3279 non
277 3205 441 3294 radetur,
456 3232 572 3304 neque
589 3214 756 3281 cesaries
774 3208 862 3282 mibi
881 3208 1145 3295 tonsurabitur.

231 3323 316 3398 Post
328 3321 406 3396 hoec
422 3322 534 3397 verba
549 3322 741 3401 bellicosus
752 3327 855 3399 miles
873 3353 956 3399 cum
970 3327 1092 3426 pausia
1104 3328 1255 3401 commi·

183 3441 355 3517 litonibus
371 3467 471 3515 mare
493 3468 576 3515 mox
596 3443 772 3544 ingressus
789 3461 859 3535 est,
877 3446 1025 3545 Deoque
1043 3443 1201 3519 ducente
1216 3445 1254 3517 in

183 3559 351 3658 Apuliam
373 3561 552 3659 profectus
565 3578 642 3653 est,
663 3562 800 3636 atinde
823 3565 1010 3661 assumptis
1025 3578 1252 3637 armatorum

183 3677 338 3750 coetibus
353 3679 506 3751 Romam
523 3704 705 3779 aggressus
723 3697 787 3752 est.
807 3681 925 3753 Porro
948 3682 1126 3753 Henricus
1141 3682 1252 3778 impe·

182 3990 290 4047 d'hiver
302 3991 337 4045 de
349 3990 489 4061 Ravenna,
500 4006 528 4050 et
541 3998 608 4051 &tait
619 4016 721 4052 maeno
735 3997 835 4052 devant
844 3997 933 4052 Rome
945 4015 1009 4052 avec
1020 3996 1146 4052 Guibert
1157 4006 1251 4053 ane

182 4083 274 4137 armbe
284 4083 465 4150 nombreuse;
480 4088 548 4141 mais
561 4086 587 4142 le
595 4089 671 4161 siege
683 4089 747 4142 n’en
760 4107 857 4161 aranea
872 4107 919 4161 pas
932 4087 1083 4161 davantage
1095 4105 1171 4161 pour
1182 4086 1248 4143 aeia.

184 4174 219 4227 La
234 4174 346 4229 retraite
357 4172 396 4228 du
410 4190 479 4248 pape
489 4194 524 4231 aa
536 4177 652 4232 cheteus
662 4178 837 4250 saint-Ange
849 4180 926 4234 n’eut
937 4179 992 4234 lieu
1002 4179 1086 4250 qu’en
1101 4174 1180 4235 τοῦδ.
