2888 4934
184 459 492 536 [ntio,tun1010l)7]
574 454 691 515 LIBER
712 455 852 516 NONUS.
1190 456 1251 522 5⁴9

183 587 435 661 subsannabat.
460 589 525 660 Ille
543 613 630 661 vero
650 589 825 687 perstitit,
851 605 885 662 et
904 590 1138 691 jurejurando
1153 594 1252 664 affir-

183 705 313 794 mavit,
339 705 564 803 populusque
583 703 726 777 tandem
739 706 877 805 juranti
895 705 1064 797 eredidit,
1088 708 1252 808 viresque

183 824 350 922 pristinas
365 825 402 895 in
420 821 613 895 tolerandis
626 824 746 922 poenis
763 826 965 923 resumpsit.

232 941 372 1013 lnterea
392 941 520 1027 Turci,
544 941 606 1040 qui
628 939 663 1012 iu
683 940 828 1014 castello
844 929 967 1032 erant,
994 941 1118 1014 scdulo
1138 940 1254 1013 Fran-

185 1085 245 1131 cos
263 1059 513 1145 incursabant,
534 1076 570 1131 et
588 1059 638 1130 illi
660 1082 680 1129 e
702 1075 828 1151 contra
854 1084 1043 1158 proposse
1064 1086 1129 1133 suo
1146 1060 1254 1133 resis-

185 1176 322 1248 tebant.
342 1180 383 1250 ln
401 1178 521 1275 primo
535 1176 707 1250 conllictu
722 1158 898 1277 ll'ogerius
913 1176 959 1251 de
974 1179 1177 1252 Barnevilla
1195 1206 1255 1252 oc-

183 1294 274 1365 cisus
293 1296 437 1393 est(1),
462 1310 498 1365 et
523 1320 541 1364 a
560 1293 771 1366 Christianis
795 1298 830 1365 in
849 1295 993 1367 ecclesia
1011 1295 1132 1368 Sancti
1157 1296 1254 1367 Petri

184 1436 265 1481 cum
283 1436 416 1509 magno
432 1411 532 1481 luctu
546 1411 704 1508 sepultus
719 1426 784 1483 est.
802 1411 894 1483 Erat
907 1413 1005 1484 enim
1019 1410 1152 1484 nobilis
1165 1411 1256 1486 Nor·

183 1554 356 1613 mannus,
377 1529 549 1628 milesque
579 1528 730 1626 pulcher
753 1545 789 1601 et
816 1527 1064 1628 probissimus.
1094 1528 1253 1623 Quadam

184 1643 241 1716 die
270 1647 379 1717 Turci
407 1662 479 1718 tres
497 1645 719 1719 Christianos
735 1647 772 1718 in
799 1645 954 1746 quadam
972 1663 1072 1720 turre
1098 1648 1253 1720 incluse-

184 1779 289 1849 runt,
309 1789 376 1835 nee
391 1762 534 1850 Franci,
553 1762 848 1836 tribulationibus
864 1764 1094 1852 tabescentes,
1112 1763 1256 1837 inclusis

184 1876 431 1952 adminiculari
450 1881 522 1952 ausi
539 1882 698 1953 luerunt.
718 1883 799 1955 Duo
814 1909 858 1955 ex
880 1883 929 1955 eis
942 1884 1102 1982 graviter
1121 1882 1255 1954 vulne-

184 1996 252 2065 rati
270 1997 437 2070 exierunt
453 1995 497 2069 de
518 2012 630 2070 turre.
646 1999 749 2082 Solus
762 2000 869 2098 Hugo
886 1998 1128 2073 Forsennatus
1137 2054 1147 2087 ,
1164 2027 1257 2099 prae·

184 2111 292 2185 liator
309 2114 522 2199 acerrimus,
538 2112 583 2186 de
597 2116 757 2187 exercitu
770 2112 961 2187 Godesredi
975 2115 1019 2187 de
1032 2116 1257 2188 Monte-Sca-

184 2228 307 2315 bioso,
324 2246 396 2302 tota
414 2229 472 2302 die
489 2231 645 2303 viriliter
661 2229 821 2303 defendit
835 2257 884 2304 se.
898 2233 1034 2304 Stravit
1046 2233 1154 2306 etiam
1167 2231 1257 2305 duos

184 2349 335 2433 Turcos,
350 2349 459 2420 nullis
477 2348 660 2448 coadjutus
676 2349 837 2439 auxiliis,
856 2349 917 2422 sed
928 2351 1000 2424 sola
1015 2377 1124 2423 manu
1141 2373 1257 2448 perse-

183 2467 373 2565 quentium
399 2466 539 2540 obstitit
565 2469 706 2539 turmis.
726 2467 820 2540 Vere
837 2469 905 2540 luit
928 2467 986 2540 hic
1011 2469 1069 2538 vir
1089 2467 1203 2539 audax
1221 2483 1258 2540 et
1358 2564 1361 2570 Ι

185 2587 448 2683 magnanimus,
465 2603 500 2656 et
515 2586 611 2656 inter
624 2611 749 2657 omnes
760 2584 950 2658 bellicosos
958 2587 1139 2684 praecipua
1154 2583 1256 2656 laude

183 2700 326 2799 dignus.
347 2702 476 2772 Nimiis
490 2701 750 2773 calamitatibus
768 2674 945 2775 noslrates
961 2717 1048 2773 tunc
1064 2702 1166 2774 lracti
1184 2700 1256 2774 sue·

184 2833 288 2905 runt,
309 2819 370 2917 qui
389 2844 500 2888 unum
519 2842 561 2890 ex
580 2818 650 2889 suis
667 2833 740 2890 tota
758 2816 816 2890 die
833 2813 1053 2917 pugnantem
1070 2815 1253 2906 viderunt,

185 2961 252 3006 uec
270 2952 545 3024 succurrerunt,
563 2937 777 3008 clamantem
791 2934 1001 3020 audierunt,
1018 2960 1086 3008 nec
1102 2960 1256 3035 respon-

184 3051 329 3124 derunt.
358 3054 450 3126 Cum
472 3054 578 3125 duces
601 3069 772 3126 vocarent
795 3054 945 3143 milites,
971 3080 1044 3127 non
1061 3054 1257 3127 convenie-

185 3170 292 3260 bant;
321 3197 401 3243 cum
428 3172 508 3243 litui
539 3172 765 3269 clangerent,
800 3173 835 3243 in
858 3170 1025 3245 domibus
1052 3169 1254 3244 latitabant.

183 3289 720 3378 lmmoinermesetexanimati,
736 3287 1256 3389 bellumdiurogatumabhor-

185 3405 333 3494 rebant;
346 3409 506 3507 jamque,
525 3407 624 3479 velut
641 3407 838 3496 exanimes,
856 3409 1002 3508 inglorii
1024 3423 1060 3480 et
1077 3406 1252 3495 imbelles,

184 3526 278 3597 mori
295 3525 561 3623 praeoptabant.

233 3642 494 3731 Buamundus,
512 3644 644 3741 aliique
667 3641 792 3729 duces,
810 3641 896 3714 dum
922 3641 1120 3714 exercitum
1148 3642 1256 3714 nimis

184 3757 350 3830 deiecisse
374 3756 556 3847 viderent,
579 3775 619 3830 ut
635 3785 694 3831 eos
723 3760 849 3831 saltem
875 3757 920 3830 ad
947 3785 1097 3830 murum
1122 3781 1253 3857 usque,

195 3963 293 3971 —-—--

223 4077 261 4148 (1)
270 4077 309 4131 Cc
320 4096 355 4130 nc
367 4077 461 4132 surcnt
473 4079 554 4151 point
566 4078 604 4133 les
616 4080 707 4134 Turcs
718 4079 752 4135 de
765 4080 790 4135 la
801 4080 937 4151 citadelle,
947 4082 1015 4136 mais
1026 4099 1094 4137 ceux
1104 4081 1144 4135 du
1153 4080 1255 4135 dehors

186 4167 235 4238 qui
250 4168 360 4221 tument
373 4168 467 4240 Rogcr
481 4167 516 4222 (le
529 4169 680 4224 barneville
693 4169 741 4226 (les
754 4170 780 4226 lc
796 4170 814 4226 6
831 4171 900 4241 mai,
919 4171 1129 4246 probablement
1146 4170 1215 4225 dans
1231 4169 1255 4223 le
1358 4187 1362 4198 ·

189 4258 287 4312 mutuis
301 4259 387 4312 roisin
401 4259 435 4312 dc
449 4259 472 4314 la
488 4270 568 4333 porte
580 4259 618 4316 du
633 4261 734 4317 Cluen.
