2872 4920
182 430 243 491 392
455 428 640 489 HISTORIA
662 427 969 491 ECCLESIASTICA.
1142 430 1244 507 [1108]

182 560 372 633 desursum
388 559 555 634 ardentes
572 560 739 634 candela
755 560 894 633 demitti
909 564 1002 632 visae
1017 575 1115 630 suut.
1139 559 1246 659 Quu-

181 675 269 747 dam
292 701 377 748 vero
395 675 706 766 sanctimonialis,
725 701 891 772 magna,
913 691 951 746 ut
969 673 1144 764 creditur,
1164 673 1246 746 reli-

87 837 90 844 ·
178 794 317 893 gionis,
345 793 441 866 bunc
465 794 658 867 ecclesiam
679 794 842 894 quotidie
849 794 1084 892 frequentat,
1110 807 1146 863 et
1163 790 1247 893 plu-

180 913 277 983 rima
298 911 545 1009 hujuscemodi
565 940 603 985 se
621 914 760 985 oitIisse
781 914 935 1012 sapius,
959 927 1122 984 enarrat.
1143 911 1196 982 Et
1213 925 1249 983 ut

180 1044 316 1100 certum
330 1033 512 1129 specimen
524 1056 601 1101 sua
610 1030 834 1102 narrationis
847 1027 1046 1118 exhiberet,
1062 1025 1248 1126 quondam

181 1141 270 1215 dum
289 1145 328 1216 in
345 1149 502 1219 oratorio
516 1146 598 1219 sola
616 1144 833 1234 excubaret,
851 1162 885 1216 et
902 1143 1098 1218 candelam
1117 1143 1248 1216 arden·

183 1277 250 1333 tem
265 1260 313 1335 de
328 1261 476 1335 sublimi
491 1266 571 1337 siue
585 1263 748 1336 bumana
765 1289 837 1364 ope
849 1264 985 1363 deponi
998 1261 1173 1352 uidisset,
1193 1287 1249 1335 m·

181 1396 339 1453 verenter
357 1381 412 1453 ad
432 1409 539 1455 aram
562 1383 736 1472 accessit,
759 1380 956 1454 caudelam
975 1380 1157 1470 extinxit,
1179 1379 1248 1452 lin·

181 1496 276 1569 teolo
309 1499 447 1572 mundo
477 1499 623 1574 involvit
634 1553 647 1586 ,
682 1514 716 1569 et
748 1499 786 1569 iu
818 1498 953 1571 scrinio
985 1522 1055 1569 suo
1089 1496 1247 1569 reclusit.

188 1612 354 1713 Cumque
365 1632 567 1718 opportuno
581 1632 751 1717 tempore,
768 1615 869 1715 quod
882 1613 1041 1704 viderat,
1059 1615 1247 1703 retulisset,

182 1746 217 1802 et
231 1733 407 1807 scrinium
424 1739 640 1837 aperuisset,
666 1751 705 1805 ut
722 1733 928 1833 depositum
944 1732 1166 1821 ostenderet,
1175 1731 1249 1831 fu·

77 1912 79 1917 ,
183 1847 303 1922 uillam
314 1850 539 1925 solummodo
545 1879 618 1954 pro
632 1851 772 1924 indicio
786 1853 1086 1924 concremationis
1100 1851 1249 1938 inueni&

182 1964 250 2038 sed
266 1981 379 2040 totam
393 1970 544 2067 penitus
559 1967 775 2057 candelam,
795 1970 873 2040 sine
890 1968 1027 2039 lasura
1045 1967 1246 2069 mappula,

184 2081 414 2185 aliarumque
438 2112 574 2175 rerum,
602 2111 684 2185 qua
714 2085 849 2157 ibidem
873 2100 995 2174 erant,
1026 2083 1248 2158 combustam

178 2207 387 2303 prospexit.

232 2319 367 2419 Nuper
377 2322 415 2393 in
429 2321 558 2396 eadem
575 2321 733 2395 basilica
741 2379 754 2412 ,
775 2321 863 2396 dum
875 2321 979 2424 plebs
998 2322 1072 2394 Dei
1071 2317 1249 2420 festivita·

160 2488 163 2495 ,
184 2454 254 2511 tem
273 2437 369 2512 beati
384 2440 490 2512 Petri
504 2439 662 2540 apostoli
679 2439 893 2526 celebraret,
914 2454 948 2511 et
964 2438 1083 2511 clerus
1100 2438 1158 2512 ad
1170 2462 1249 2512 oes-

77 2624 89 2639 ,
178 2555 397 2655 pertinalem
422 2558 596 2657 synaxim
623 2561 660 2627 iu
683 2556 793 2641 cboro
818 2553 1076 2629 celebrandam
1099 2568 1246 2645 astaret,

184 2686 253 2748 tres
275 2698 396 2745 cereos
418 2672 518 2745 clare
538 2671 706 2745 ardentes
727 2671 915 2744 desursum
935 2695 1047 2769 usque
1068 2669 1126 2742 ad
1142 2671 1248 2743 altare

184 2787 327 2863 demitti
338 2815 460 2862 omues
472 2789 644 2861 viderunt
651 2845 663 2878 ,
683 2804 717 2859 ct
730 2814 797 2886 pro
811 2813 849 2859 re
863 2785 1014 2858 insolita
1029 2784 1247 2858 admirantes

183 2904 453 3007 obstupuerunt.
478 2909 584 2981 Cerei
599 2924 719 2979 autem
738 2933 852 3004 usque
868 2904 1042 3005 adfinem
1063 2908 1247 2977 matutino-

184 3047 264 3095 rum
285 3041 470 3113 arserunt,
495 3040 529 3095 et
550 3039 638 3095 tunc
661 3020 717 3094 ad
736 3048 907 3094 auroram
931 3023 1141 3122 consumpti
1159 3034 1244 3093 sunt.

183 3148 229 3213 In
256 3167 340 3214 aere
366 3141 512 3241 quidem
538 3166 649 3241 super
674 3167 780 3212 aram
803 3139 972 3212 ordinate
995 3137 1167 3229 stabant,
1192 3133 1248 3210 sed

184 3276 303 3332 tamen
322 3259 451 3332 altaris
470 3259 684 3359 mappulam
703 3283 776 3329 non
794 3255 1005 3356 tangebant.
1026 3255 1180 3329 Medius
1195 3279 1246 3326 eo-

184 3406 262 3451 rum
285 3383 467 3451 maximus
487 3393 566 3450 erat
582 3393 616 3449 et
636 3376 839 3477 quadratus
848 3432 861 3464 ,
887 3374 957 3446 ulii
978 3401 1065 3447 uero
1089 3376 1164 3446 duo
1183 3397 1247 3445 me-

73 3527 78 3551 ·
182 3499 322 3573 dioeres
343 3515 447 3570 erant
468 3513 502 3570 et
528 3496 690 3570 rotundi.
713 3496 838 3567 Fama
866 3492 977 3594 liujus
1000 3495 1055 3565 rei
1071 3493 1248 3593 personuit

184 3620 223 3689 ia
237 3634 312 3689 tota
329 3616 430 3702 urbe,
451 3632 485 3688 et
496 3641 593 3718 pene
608 3641 732 3688 omnes
747 3613 871 3686 clerici
883 3628 917 3683 et
932 3611 1024 3683 laici
1029 3627 1121 3712 post
1135 3633 1248 3712 uespe-

183 3762 245 3810 ras
269 3735 323 3808 ad
343 3733 592 3834 spectaculum
618 3757 815 3804 occurrere.
844 3732 959 3801 Porro
987 3729 1113 3800 nullus
1138 3750 1247 3800 cereos

182 3881 296 3927 ausus
310 3849 395 3950 suit
425 3870 593 3952 tangere,
626 3850 693 3923 sed
720 3854 758 3920 in
786 3847 970 3948 quadrato
1002 3872 1104 3918 cereo
1135 3842 1250 3918 clerici

181 3973 402 4070 scripturam
413 3968 619 4070 hujusmodi
629 3968 759 4067 legere.
771 3973 816 4038 In
819 3967 941 4061 primo
954 3963 1068 4035 latere
1083 3991 1092 4034 :
1107 3960 1246 4045 Mando,

180 4087 300 4178 Petro,
315 4084 459 4158 iramde
473 4086 581 4159 coe10.
596 4091 642 4156 In
654 4081 815 4155 secundo
827 4107 836 4152 :
848 4078 1029 4177 Populum
1039 4079 1189 4151 tarisum
1200 4075 1247 4175 (ι)

216 4294 256 4367 (ι)
268 4294 308 4352 Ce
321 4302 381 4350 mot
398 4303 438 4348 est
455 4290 666 4365 inintelligible3
685 4290 754 4347 mais
766 4288 889 4364 l'iviuluc
908 4287 943 4344 de
957 4289 1116 4344 Coutauces
1135 4307 1165 4341 va
1186 4301 1247 4340 nous
