2888 4934
195 396 256 457 548
472 391 657 452 HISTORIA
679 390 986 454 Etcttstasrtca
1060 401 1270 478 [tan101098]

195 529 275 602 lites
285 524 446 612 haberet,
463 522 508 596 de
521 524 822 620 lerosolymitano
838 526 966 598 itinere
980 551 1054 601 non
1068 527 1268 602 recederet.

196 642 416 715 Christianos
445 665 534 738 ergo
563 639 639 711 lunc
668 640 855 739 inspiratio
888 641 1045 714 multum
1071 644 1268 733 animavit,

195 758 447 834 corroboravit
463 772 500 829 et
516 755 741 829 exhilaravit.

243 880 369 950 Petrus
383 874 583 964 Abraham,
599 873 745 976 quidam
760 875 910 949 clericus
921 875 966 949 de
978 877 1193 969 Provincia,
1211 906 1270 953 co·

193 994 342 1070 mitibus
359 995 429 1066 suis
446 991 620 1066 visionem
644 993 845 1092 hujusmodi
871 994 1024 1067 retulit:
1047 996 1146 1068 Cum
1168 997 1269 1071 obsi-

193 1115 351 1202 deretur,
372 1111 507 1211 inquit,
532 1111 755 1201 Antiochia,
767 1108 944 1212 forisque
957 1118 1063 1211 gravi
1073 1141 1269 1214 proruere-

192 1260 275 1303 mur
325 1232 518 1326 angustia,
562 1228 850 1328 multimodaque
886 1235 1067 1331 penuria,
1118 1250 1267 1305 sanctus

191 1349 364 1423 Andreas
391 1347 577 1447 apostolus
598 1345 688 1418 milti
715 1349 908 1445 apparuit,
930 1375 1136 1445 nomenque
1161 1378 1267 1423 sutun

192 1469 433 1566 interroganti
458 1467 653 1553 intimavit,
686 1482 719 1536 et
749 1467 788 1537 in
813 1465 1005 1538 ecclesiam
1032 1467 1168 1540 Sancti
1196 1472 1265 1542 Pe·

191 1588 241 1659 tri
257 1587 328 1681 (r),
348 1611 431 1684 quae
450 1585 488 1654 in
504 1582 576 1655 ltac
596 1582 681 1654 urbe
697 1599 751 1654 est
760 1642 771 1673 ‚
791 1583 1009 1657 introduxit.
1029 1584 1164 1685 Ibique
1180 1587 1268 1658 milii

190 1700 387 1800 quemdam
411 1699 530 1770 locunt
548 1697 824 1788 derrronstrans,
844 1699 942 1771 discit
962 1729 972 1770 .·
994 1700 1152 1774 Noveris
1182 1704 1264 1776 volo

189 1817 385 1916 quoniam,
404 1830 595 1913 postquam
612 1812 704 1886 hanc
721 1813 852 1888 urbem
875 1816 1084 1905 intraveris,
1105 1816 1168 1891 hic
1185 1819 1262 1892 lan-

189 1960 287 2007 ceam
310 1930 486 2019 invenies,
504 1957 586 2032 quae
604 1932 694 2003 latus
714 1933 861 2006 Domini
884 1934 1080 2007 Salvatoris
1099 1938 1137 2007 in
1160 1963 1263 2009 cruce

188 2048 397 2148 perforavit.
416 2048 493 2121 Hoc
511 2047 698 2120 munimen
714 2066 979 2121 sacrosanctum
994 2065 1066 2139 est,
1081 2067 1124 2137 ‚ct
1141 2050 1261 2125 Chris·

188 2168 294 2240 tianis
324 2165 525 2265 specialiter
549 2164 839 2264 amplectendum
864 2182 929 2239 est.
959 2169 1029 2240 His
1055 2173 1109 2242 ita
1134 2171 1259 2258 dictis,

187 2283 377 2386 apostolus
394 2283 602 2382 disparuit,
622 2299 656 2354 et
669 2285 819 2374 nemini,
839 2311 924 2383 quoe
937 2285 1106 2358 videram
1119 2316 1261 2389 propa-

186 2399 292 2475 landi
304 2458 315 2489 ,
331 2399 481 2500 fiducia
502 2398 593 2470 rnilu'
602 2399 699 2497 suit.
725 2401 849 2501 Capta
868 2419 991 2475 autem
999 2402 1108 2492 urbe,
1135 2406 1260 2476 iterum

186 2518 350 2591 ettmdetn
362 2518 572 2620 apostolum
585 2518 675 2590 vidi.
691 2517 828 2611 Quare,
849 2520 985 2618 inquit,
1002 2521 1256 2619 pusillanimis,

186 2637 344 2710 lanceam
376 2663 449 2710 non
479 2634 677 2709 abstulisti?
702 2639 755 2708 Et
778 2664 846 2736 ego
878 2667 886 2709 :
914 2639 1087 2727 Domine,
1123 2642 1150 2711 si
1180 2639 1259 2712 inde

166 2755 368 2856 ‘loquerer‚
403 2756 482 2855 quis
517 2752 604 2825 milri
641 2751 828 2827 crederet?
853 2754 936 2827 Noli
962 2754 1174 2854 desperare,
1210 2764 1260 2831 ait

184 2872 387 2970 apostolus,
405 2871 478 2944 noli
496 2870 702 2969 desperare3
719 2869 779 2943 sed
792 2872 881 2943 scito
899 2897 966 2969 pro
980 2889 1100 2960 certo,
1118 2872 1255 2961 utdixi,

185 2988 324 3089 tibique
344 2989 607 3076 demonstravi,
626 2988 748 3062 omnia
768 3014 850 3060 vera
869 3014 954 3061 esse.
975 2991 1061 3062 llaec
1083 2992 1255 3064 nimirum

184 3108 356 3181 revelatio
381 3108 537 3178 multum
561 3106 715 3206 fatigatis
743 3104 908 3205 proderit
932 3105 1168 3194 Christianis,
1200 3126 1257 3180 ut-

184 3241 269 3323 pote
287 3222 417 3323 quibus
442 3250 509 3321 pro
526 3224 647 3295 lancea
667 3221 824 3320 prolluet
843 3222 1059 3296 confidentia
1077 3226 1253 3298 salutaris.

182 3344 277 3415 lnsra
296 3343 456 3442 quinque
472 3341 546 3413 dies
566 3339 724 3413 visitabit
741 3367 801 3413 eos
821 3342 1016 3432 Dominus,
1033 3360 1069 3415 et
1089 3361 1257 3442 potenter

184 3474 286 3530 eruet
311 3483 370 3530 eos
386 3485 406 3529 a
424 3457 718 3556 persequentium
743 3455 923 3528 manibus.
945 3487 964 3526 n
985 3459 1113 3530 Petrus
1138 3477 1256 3533 autem

185 3575 371 3650 consilium
390 3574 458 3649 hoc
473 3573 726 3678 sibidivinitus
743 3575 962 3647 insinuatum
978 3575 1173 3652 comitibus
1190 3579 1257 3649 suis

184 3695 362 3791 patefacit.
392 3692 460 3767 Sed
489 3693 642 3792 populns
668 3691 912 3783 discredebat,
944 3710 979 3766 et
1007 3696 1257 3769 testificantem

192 3891 467 3906 *ΩΨ-.-

216 4010 256 4072 (ι)
272 4008 311 4060 Μ.
329 4006 478 4077 Ponjoulat
494 4009 536 4063 n'a
552 4028 590 4082 pn
605 4021 716 4063 trouver
734 4026 838 4063 aucnns
853 4009 969 4080 vestiges
983 4009 1018 4063 tle
1034 4009 1255 4084 l'cniplacement

180 4092 216 4151 de
230 4105 302 4150 cette
315 4095 412 4168 eglise,
429 4115 484 4150 non
498 4097 559 4168 plus
573 4116 627 4170 que
640 4098 674 4154 de
689 4109 751 4154 tous
765 4098 804 4154 les
817 4107 909 4153 autres
922 4109 1102 4155 monuments
1114 4101 1254 4157 chrotiens

182 4185 357 4240 d'Antioclrr.
