2888 4934
183 439 244 498 sto
456 434 643 496 HISTORIA
663 435 971 498 Eccttslssttcs.
1045 442 1142 514 [essm
1161 441 1249 518 1090]

183 582 267 639 tur:
288 555 670 667 Vidtproevartca‘nses
684 581 719 636 et
732 565 979 658 tabescebam,
997 569 1087 666 quia
1103 568 1251 665 eloquia

183 701 247 757 tua
276 709 351 756 non
379 683 627 756 custodierunt
655 684 725 781 (t).
748 681 852 757 Unde
873 710 893 755 a
915 681 1021 757 bonis
1043 682 1252 759 doctoribus

182 818 397 903 arguuntur,
409 800 657 890 obsecrantur,
671 801 907 900 increpantur
917 803 955 875 in
969 802 1072 876 omni
1084 804 1252 902 patientis

182 936 219 993 et
233 919 412 994 doctrina.
433 918 501 992 Sed
519 919 573 992 his
586 920 754 993 omnibus
769 921 1005 1020 pertinaciter
1017 919 1141 995 obstat
1156 921 1251 995 mali

183 1037 255 1110 voli
283 1035 401 1110 cordis
421 1034 613 1111 obduratio
635 1037 788 1125 nefaria,
809 1062 890 1138 quae
907 1037 999 1111 solet
1018 1039 1188 1111 omnium
1204 1038 1252 1112 lo·

181 1179 265 1228 vere
289 1181 330 1227 ac
361 1152 551 1227 defendere
575 1154 750 1226 scelerum
780 1155 958 1254 contagia.
992 1153 1028 1226 Si
1054 1155 1196 1228 Persius
1217 1169 1251 1229 et

180 1272 343 1357 Plautus,
362 1272 495 1372 aliique
515 1269 699 1344 mordaces
724 1271 864 1368 satyrici
892 1297 990 1344 nunc
1016 1268 1199 1362 adessent,
1217 1286 1252 1344 et

181 1387 321 1460 curiose
337 1385 550 1486 indagarent
573 1385 729 1486 qualiter
747 1401 923 1458 nostrates
944 1385 1035 1458 clam
1062 1385 1250 1488 palamque

182 1503 306 1578 libitus
338 1529 420 1578 suos
453 1519 683 1602 perpetrent,
715 1504 926 1577 immensam
962 1500 1247 1602 reprehendendi

181 1622 370 1694 materiam
382 1636 418 1693 et
436 1619 676 1693 subsannandi
695 1621 731 1699 in
749 1620 942 1719 propatulo
959 1621 1178 1718 reperirent.

231 1737 436 1813 Innumeris
468 1737 587 1837 itaque
617 1735 772 1835 lapsibus
802 1738 996 1836 perspectis
1024 1738 1063 1810 in
1091 1735 1260 1826 mundo,

182 1854 335 1928 Geroius
357 1854 545 1928 Grossivus
571 1855 608 1928 in
634 1855 788 1956 quadam
813 1856 960 1953 epistola
989 1857 1134 1955 scripsit
1157 1857 1265 1932 inteu-

183 1975 322 2076 reliqua
332 1973 535 2047 Gisleberto
545 1975 757 2062 Maminoto‚
767 1975 1046 2046 Luxoviensium
1058 1974 1224 2073 episcopo
1240 2009 1255 2054 ε

287 2142 435 2198 Virtutum
447 2140 566 2215 lampas,
583 2160 638 2215 qua
652 2141 770 2213 pristina
783 2139 924 2214 splenduit
937 2150 1013 2207 aetas,

165 2223 167 2227 Α
322 2231 479 2287 Transtulit
491 2249 575 2287 omne
587 2249 667 2285 suum
680 2249 794 2304 prorsus
806 2231 836 2285 in
848 2241 921 2286 astra
928 2230 1022 2302 jubar.

288 2318 475 2393 Temporibus
487 2320 590 2374 nostris
602 2319 724 2374 tenebris
738 2318 888 2374 involvitur
901 2316 990 2386 orbis,

324 2408 382 2464 Nec
393 2408 465 2463 valet
475 2410 613 2464 extinctus
622 2409 681 2481 jam
696 2408 817 2463 relevare
829 2418 921 2481 caput.

290 2496 349 2552 Nec
362 2497 465 2571 probus
477 2509 519 2553 est
530 2498 628 2565 hodie,
645 2517 696 2554 nec
707 2517 806 2554 curans
819 2499 853 2556 de
865 2499 1018 2571 probitate,

324 2587 382 2642 Nec
395 2588 529 2661 pretium,
546 2607 597 2643 nec
608 2589 710 2654 honor,
724 2606 777 2643 nec
789 2588 935 2662 probitatis
947 2606 1035 2643 amor.

231 2725 451 2802 Enormitati
483 2729 655 2819 malitiae,
687 2755 796 2829 quam
824 2721 954 2828 passim
984 2728 1136 2829 grassari
1166 2750 1233 2826 per·

184 2844 317 2941 spexit,
334 2842 463 2915 ardens
481 2842 708 2918 scholasticus
725 2843 957 2942 hyperbolice
972 2843 1141 2917 detraxit.
1159 2841 1234 2914 Blit-

185 2977 265 3033 tero
283 2986 427 3062 qnoque
444 2962 627 3035 Flandrita
651 2964 726 3061 (a),
755 2956 796 3034 in‘
817 2979 1000 3061 poemate,
1026 2959 1125 3062 quod
1148 2978 1233 3059 super

185 3078 342 3152 Henrico
359 3078 497 3152 Caesare
514 3105 632 3178 nuper
651 3077 763 3152 edidit
786 3079 860 3177 (3),
880 3076 1006 3151 mundi
1016 3133 1028 3169 ,
1047 3095 1085 3151 et
1105 3078 1235 3150 misas

220 3341 260 3414 (ι)
274 3341 321 3396 Ps.
335 3359 431 3409 cxvrn,
450 3340 508 3397 158.

220 3433 260 3507 (a)
273 3432 313 3488 Ce
327 3438 409 3506 poete
423 3442 465 3487 est
481 3432 536 3487 fort
550 3451 605 3505 peu
614 3450 718 3488 oonuu.
733 3433 783 3488 [es
796 3441 909 3488 auteurs
920 3430 955 3486 de
966 3431 1111 3487 l’IIistoire
1123 3428 1235 3487 litts'mitt

185 3520 221 3576 de
234 3521 355 3590 Fronte,
368 3521 419 3596 qui
431 3540 467 3576 ne
481 3521 607 3577 l'avaient
620 3525 719 3577 nonve
731 3521 894 3577 mentioune'
908 3537 964 3595 que
978 3519 1047 3574 dans
1063 3519 1194 3584 Orderic,
1205 3509 1234 3566 lti

185 3622 235 3668 ont
254 3612 377 3667 attribue
397 3631 436 3667 un
457 3618 556 3685 poeme
577 3611 722 3686 elegitque
745 3631 793 3666 sur
813 3611 840 3665 la
860 3621 934 3665 mort
953 3609 989 3665 de
1008 3607 1233 3666 charles-leton,

185 3710 277 3756 comte
294 3700 329 3756 de
346 3702 474 3756 Flandre.
494 3702 533 3757 Μ.
550 3703 587 3756 Le
601 3701 684 3774 Glay‚
701 3701 770 3756 dans
785 3719 827 3756 ses
841 3711 920 3756 notes
935 3718 982 3755 sur
998 3699 1140 3767 Balderie,
1156 3690 1235 3752 l‘sdlt'

185 3789 360 3846 al'occasiou
381 3790 448 3846 d'un
469 3803 548 3847 autre
567 3798 665 3868 potum
685 3809 733 3847 sur
752 3792 777 3847 le
792 3792 883 3848 meme
901 3791 983 3862 sujet.
1003 3790 1044 3846 Ce
1059 3781 1234 3864 poumittrt·

185 3878 251 3936 bien
265 3880 325 3936 etse
339 3880 456 3949 blitero,
472 3882 609 3937 chanoine
624 3882 659 3938 de
672 3881 777 3955 l'eglise
788 3881 951 3948 d'Utrecht,
965 3880 1125 3954 qu’Aubert
1136 3878 1172 3935 le
1181 3872 1235 3930 nire

186 3962 326 4040 (Diplom.
344 3968 452 4040 belgic„
469 3971 497 4038 I,
515 3973 579 4045 ¹7⁴)
594 3988 716 4026 nomme·
725 3971 814 4044 parmi
828 3971 869 4027 les
883 3969 1023 4026 membres
1034 3969 1071 4024 de
1084 3989 1117 4026 oe
1131 3963 1235 4039 cuspite

185 4057 236 4132 qui
258 4057 467 4127 souserivirent,
491 4058 624 4129 en1134,
644 4060 671 4115 la
691 4061 787 4116 charte
806 4060 841 4115 de
860 4059 1006 4116 fondation
1022 4058 1060 4114 de
1079 4045 1233 4129 l'abbryed‘

187 4146 290 4216 tems,
306 4147 369 4219 pris
384 4146 574 4203 Bois-le-Duc.

220 4232 260 4306 (3)
274 4235 403 4290 Ruinam.
421 4235 473 4289 ns.
487 4235 522 4289 de
535 4236 559 4289 la
574 4239 650 4292 reine
663 4237 699 4292 de
713 4237 811 4293 sarde.
