2872 4920
180 385 241 463 314
462 387 647 446 HISTORIA
671 385 978 447 ECCLESlASTlCA.
1151 390 1251 469 [1089]

179 535 280 592 estet
295 543 389 590 vera.
411 517 515 591 Unde
528 519 620 590 sicut
633 520 781 618 justitiae
796 517 996 591 cultoribus
1009 521 1167 619 gratiosa
1182 521 1253 619 pol·

179 638 309 711 licetur
338 635 534 733 stipendia,
562 638 612 708 sic
638 637 960 737 transgressoribus
986 663 1056 735 pro
1087 638 1254 739 nequitiis

179 753 257 827 dira
288 755 533 828 comminatur
558 756 745 855 supplicia.
773 757 816 829 ln
842 757 942 829 omni
970 757 1099 856 pagina
1126 754 1254 828 divine

179 874 402 946 auctoritatis
428 872 673 946 misericordia
703 891 739 946 et
769 876 899 948 veritas
931 873 1195 972 praedicantur,
1223 891 1256 946 et

180 992 260 1067 luce
277 992 407 1064 clarius
425 993 526 1065 omni
552 992 694 1066 erudito
710 992 995 1065 manifestantur.
1016 992 1157 1064 Mirum
1173 1016 1256 1091 ergo

180 1123 233 1180 est
261 1106 358 1209 quod
383 1108 580 1181 humanum
604 1135 668 1181 cor
693 1111 729 1181 in
755 1110 851 1182 nesas
869 1126 942 1181 tam
966 1109 1069 1181 facile
1086 1107 1254 1194 labascit,

180 1242 217 1298 ct
232 1226 311 1324 plus
333 1227 523 1323 praesentia
540 1243 577 1299 et
597 1225 746 1315 caduca,
762 1253 873 1327 quam
894 1227 1013 1299 sutura
1032 1243 1069 1298 et
1085 1241 1257 1324 perpetua

182 1345 425 1442 concupiscit;
453 1343 540 1417 dum
569 1347 690 1419 omnia
726 1344 853 1419 divino
884 1362 1006 1444 patere
1031 1343 1199 1434 obtutui,
1225 1360 1259 1416 et

180 1460 273 1535 nihil
291 1487 312 1535 c
331 1461 457 1536 divino
470 1465 634 1537 examine
651 1462 887 1537 indiscussum
901 1460 1051 1536 evadere
1066 1463 1226 1535 noverit.

230 1579 425 1680 Postquam
465 1579 800 1655 Dorobernensium
833 1581 1067 1678 metropolis,
1107 1579 1260 1678 praesule

181 1695 345 1788 viduata,
365 1699 402 1771 in
422 1699 553 1772 timore
570 1716 606 1772 et
630 1700 729 1773 luctu
743 1700 862 1799 exegit
877 1698 1095 1783 triennium,
1116 1697 1259 1770 tandem

178 1821 293 1916 justus
309 1813 462 1905 arbiter,
477 1817 541 1916 qui
558 1816 602 1890 de
618 1817 716 1890 coelo
729 1818 904 1916 prospicit
917 1840 1024 1915 super
1037 1816 1133 1888 lilios
1146 1813 1260 1888 homi-

184 1959 291 2021 num,
312 1949 349 2006 et
373 1932 470 2006 videt
496 1960 622 2008 omnes
645 1936 812 2034 amplecti
840 1936 1013 2007 vanitates
1037 1935 1257 2019 vanitatum,

183 2050 311 2124 acerba
324 2052 488 2151 passione
501 2054 658 2152 perculit
671 2076 794 2153 regem
813 2054 1033 2152 Anglorum,
1049 2048 1259 2125 multimoda

183 2170 359 2242 scelerum
374 2171 460 2244 laecc
479 2172 767 2270 coinquinatum.
783 2167 1013 2269 AEgritudine
1033 2169 1147 2268 igitur
1163 2167 1261 2239 mul-

184 2303 316 2376 ctatus,
336 2286 537 2362 sacerdotes
553 2289 698 2361 Domini
719 2287 923 2376 advocavit,
940 2285 1188 2387 spiritualibus
1202 2312 1261 2359 atb

185 2404 331 2478 chiatris
366 2406 497 2478 animae
533 2432 605 2478 suae
636 2406 757 2480 ulcera
793 2407 1015 2479 confessione
1045 2402 1258 2488 denudavit,

185 2522 475 2597 emendationem
488 2524 572 2596 vitae
587 2527 775 2624 promisit,
789 2541 825 2598 et
839 2525 1094 2599 ecclesiasticos
1107 2538 1261 2595 rectores

184 2640 381 2713 secundum
403 2642 627 2714 voluntatem
639 2642 787 2715 Domini
808 2640 1120 2740 archiepiscopum
1134 2640 1261 2739 eligere

188 2760 373 2858 praecepit.
389 2761 493 2833 Tunc
506 2759 600 2833 sorte
615 2760 807 2832 Anselmus
821 2760 1053 2832 Beccensium
1073 2757 1185 2830 abbas
1199 2781 1261 2856 pto

188 2875 402 2948 utilitatibus
418 2876 576 2949 ecclesiae
595 2902 667 2948 suae
696 2879 733 2949 in
756 2876 926 2976 Angliam
956 2875 1259 2947 transfretaverat.

189 2990 320 3065 Audita
360 2995 517 3092 jussione
555 2995 650 3093 regis
681 2992 725 3066 de
764 2993 1037 3091 metropolitani
1071 2991 1259 3075 electione,

188 3126 310 3182 sancta
334 3111 492 3183 Ecclesia
519 3112 712 3199 exultavit,
742 3127 962 3184 conventum
984 3110 1170 3183 seniorum
1195 3133 1261 3180 una

189 3228 442 3326 congregavit,
457 3244 493 3299 et
505 3227 549 3301 de
564 3231 710 3327 negotio
724 3255 793 3328 pro
809 3255 884 3329 quo
900 3243 1161 3317 convenerant,
1179 3244 1264 3298 trac

189 3361 265 3418 tare
281 3347 408 3443 coepit.
428 3345 588 3419 Tandem
607 3347 827 3422 considerata
843 3349 1030 3422 sanctitate
1047 3362 1084 3417 et
1095 3344 1262 3444 sapientia

190 3463 406 3538 venerabilis
421 3465 605 3555 Anselmi,
626 3465 858 3540 concorditer
871 3490 996 3538 omnes
1010 3464 1128 3561 ipsum
1146 3463 1264 3563 elege-

191 3600 278 3655 runt
300 3584 336 3654 in
358 3585 504 3657 nomine
520 3584 688 3674 Domini,
710 3586 937 3683 multumque
954 3584 1197 3670 renitentem,
1216 3604 1265 3653 se-

191 3699 349 3774 cundum
362 3730 503 3775 morem
516 3705 811 3791 ecclesiasticum,
828 3717 1106 3800 praeposuerunt
1116 3700 1266 3773 Cantus-

191 3817 331 3889 riorum
349 3821 558 3918 metropoli.
579 3820 845 3895 lnthronizatus
870 3821 988 3919 itaque
1011 3817 1122 3890 solers
1147 3834 1266 3914 pastor

190 3935 399 4034 frequenter
434 3939 628 4037 ingemuit,
665 3939 864 4037 prudenter
899 3936 1124 4035 perpcndens
1162 3962 1263 4036 quam

193 4080 299 4153 grave
313 4072 349 4126 et
361 4057 600 4152 periculosum
612 4058 752 4156 pondus
765 4057 809 4130 ad
825 4055 1044 4155 portandum
1058 4053 1261 4154 susceperit.

192 4171 273 4244 Non
290 4174 544 4247 intumescebat
560 4201 628 4274 pro
640 4178 692 4248 sui
707 4176 981 4264 sublimatione,
998 4173 1057 4246 sed
1069 4171 1263 4273 trepidabat
