2888 4934
205 355 265 416 its
479 350 662 411 ursionis
686 353 993 416 ucescsnsucs.
1169 363 1279 440 [rost]

251 487 347 561 Hoec
364 483 489 558 studia
507 501 665 560 sectatus
678 513 759 559 sum
772 514 797 559 a
807 490 985 587 primaevo
1002 503 1181 592 tempore,
1201 491 1277 568 bac

201 603 392 679 heredibus
415 607 502 674 meis
526 602 709 704 relinquo,
736 604 891 679 tenenda
916 610 1015 679 omni
1038 623 1207 708 tempore.
1231 617 1275 684 In

199 724 271 814 bis,
279 722 364 817 filii
375 724 446 793 mei
455 780 465 811 ,
481 748 539 793 me
545 722 689 821 jugiter
699 726 893 824 sequimini
900 781 912 814 ,
930 741 971 796 ut
987 725 1048 799 bic
1060 742 1094 798 et
1106 729 1146 800 in
1159 753 1274 802 oevum

197 869 321 916 coram
342 848 415 913 Deo
438 857 471 912 et
489 839 695 914 bominibus
717 841 953 915 honoremini.
983 845 1065 918 Hoc
1086 850 1275 948 proecipue

196 988 277 1049 uos,
288 962 432 1032 viscera
444 985 537 1048 mea,
551 985 775 1052 commoneo,
788 978 828 1034 ut
839 961 1056 1035 bonorumet
1065 965 1273 1062 sapientum

194 1079 442 1152 indesinenter
454 1076 662 1152 inbaereatis
686 1077 883 1168 sodalitio,
906 1095 1076 1151 eteorum
1094 1081 1134 1152 in
1150 1083 1273 1154 omni-

196 1198 278 1288 bus,
304 1199 340 1269 si
362 1196 427 1269 diu
448 1195 602 1296 gloriosi
621 1197 732 1269 uultis
750 1198 964 1294 persistere,
991 1196 1177 1273 obediatis
1203 1200 1272 1272 im-

187 1321 299 1415 perio.
330 1318 483 1388 Piorum
508 1313 754 1414 sophistarum
783 1313 955 1387 doctrina
981 1332 1053 1403 est,
1089 1314 1226 1390 bonum
1248 1345 1271 1391 a

192 1433 292 1507 maio
310 1433 531 1519 discemere,
541 1432 733 1531 justitiam
749 1432 968 1507 omnimodis
987 1450 1123 1521 tenere,
1141 1439 1270 1533 nequi·

193 1550 354 1647 tiumque
365 1550 468 1621 omni
478 1547 667 1620 molimine
679 1574 824 1637 carere,
837 1548 988 1648 infirmis
1002 1565 1037 1620 et
1043 1549 1269 1651 pauperibus

192 1694 239 1740 uc
257 1670 367 1766 justis
387 1691 543 1766 parcere
568 1682 602 1738 et
625 1666 835 1757 subuenire,
862 1666 1036 1766 superbos
1063 1684 1098 1739 et
1124 1668 1268 1768 iniquos

191 1792 425 1885 comprimere
445 1809 491 1855 uc
508 1782 710 1872 debellare,
736 1803 770 1858 et
792 1784 840 1857 ab
864 1782 1101 1883 irdestatione
1124 1787 1268 1890 simpli-

190 1906 287 1978 cium
308 1906 510 1992 refrenare,
535 1901 727 1976 ecclesiam
752 1920 922 1977 sanctam
945 1901 1266 2005 devotefrequen-

190 2037 289 2111 tare,
309 2019 513 2092 diuinitatis
535 2018 672 2092 cultum
691 2047 803 2121 super
816 2047 940 2094 omnes
958 2021 1107 2096 diritius
1120 2050 1264 2116 amare,

189 2137 368 2211 etdieinoe
385 2136 460 2236 legi
473 2150 579 2209 nocte
596 2135 729 2235 dieque
749 2152 783 2208 et
800 2138 838 2210 in
855 2138 1018 2212 adversis
1033 2153 1069 2211 et
1083 2144 1265 2241 prosperis

189 2251 472 2353 irffatigabiliter
488 2251 746 2350 obtemperare.

238 2372 429 2444 Ducatum
454 2369 717 2459 Normannice,
744 2387 945 2471 antequam
967 2374 1006 2445 in
1026 2377 1187 2473 epitumo
1211 2375 1263 2472 (1)

189 2491 326 2568 Seniue
336 2504 465 2562 contra
479 2486 687 2559 Heraldum
700 2505 913 2579 certassem,
930 2489 1088 2563 Roberto
1088 2489 1176 2591 filio
1188 2516 1263 2563 meo

189 2604 371 2690 concessi,
392 2601 480 2701 quia
492 2601 760 2700 primogenitus
781 2618 833 2675 est
851 2603 918 2700 (2)
939 2602 1157 2675 Hominium
1172 2629 1263 2704 pene

188 2724 351 2797 omnium
368 2718 478 2820 bujus
488 2718 625 2819 putriae
642 2717 817 2792 baronum
833 2723 916 2820 jam
934 2721 1079 2818 recepit.
1103 2720 1262 2796 Comu-

188 2870 250 2914 sus
281 2841 398 2911 bonor
425 2840 549 2936 nequit
579 2835 756 2907 abstrubi.
794 2835 871 2909 Sed
904 2836 1156 2910 indubitanter
1186 2837 1262 2911 scio

189 2955 288 3055 quod
300 2981 384 3025 vere
399 2957 532 3024 misera
549 2955 614 3023 erit
630 2957 728 3047 regio
735 3009 748 3041 ,
771 2979 856 3051 qua·
872 2948 1173 3050 subjectufuerit
1184 2955 1262 3055 ejus

188 3072 367 3145 dominio.
389 3067 576 3168 Superbus
592 3071 689 3141 enim
706 3085 759 3142 est
776 3087 811 3142 et
827 3071 1003 3170 insipiens
1020 3069 1172 3158 nebula,
1189 3088 1261 3144 tru-

189 3191 293 3288 cique
318 3186 383 3257 diu
405 3183 623 3281 plectendus
648 3182 861 3285 irq'ortum'o.
888 3186 1077 3259 Neminem
1111 3187 1263 3290 Anglici

188 3307 292 3405 regni
306 3303 487 3377 constituo
502 3299 688 3391 beredem,
704 3302 772 3377 sed
784 3320 919 3377 oeterno
934 3304 1135 3396 conditori,
1158 3311 1263 3410 cujus

222 3629 260 3695 (1)
274 3625 352 3683 Nous
360 3637 481 3695 pensons
493 3617 561 3691 qu'il
571 3617 630 3673 faut
640 3616 693 3672 lire
705 3617 891 3691 epitiqmum,
905 3629 934 3674 et
945 3637 1041 3693 queue
1055 3629 1117 3675 mot
1126 3623 1312 3693 poutcue

184 3721 339 3790 interprete
356 3736 405 3789 par
421 3714 540 3786 bruyere
551 3712 671 3783 chspgbe
686 3711 816 3770 d’herbes
831 3713 1147 3772 autumnatione
1161 3727 1320 3774 amous*

185 3822 227 3871 ess
239 3811 264 3864 Ιε
274 3808 332 3862 seul
344 3809 393 3880 qui
402 3805 460 3859 t’ait
475 3803 619 3877 employe3
633 3821 704 3860 nous
718 3803 744 3858 le
756 3815 953 3861 retrouverons
969 3804 1038 3860 dans
1048 3805 1074 3862 lc
1088 3805 1161 3865 livre
1171 3828 1188 3864 x
1200 3820 1313 3866 ma

184 3920 240 3957 une
254 3899 346 3970 legere
359 3895 558 3950 modification.

219 3994 259 4063 (2)
272 3989 348 4044 Nous
360 4004 444 4041 avons
454 4005 491 4038 vu
504 3984 639 4039 ci·dessus
648 4004 703 4058 que
715 3995 788 4040 cette
797 3985 973 4058 designation
986 3984 1021 4040 de
1032 3985 1142 4042 Robert
1151 4000 1302 4044 comme

182 4085 283 4140 devant
295 4077 402 4133 lsiriter
415 4073 449 4127 ‹le
464 4075 487 4126 la
506 4073 676 4128 Normandie
696 4078 775 4147 apres
795 4094 843 4129 son
863 4075 928 4146 pere
946 4075 1097 4130 temontait
1115 4095 1151 4132 au
1169 4081 1291 4134 moins

179 4169 288 4245 jusqu'is
300 4167 405 4220 l’annee
423 4162 498 4218 1065.
