2888 4934
188 399 298 470 1⁸4*
462 408 644 467 ors'ronn
667 406 969 468 sccsesusrlcs.
1142 404 1264 482 [1085]

187 544 250 613 tris
269 564 335 611 nos
353 541 525 640 reprimit.
548 548 649 613 iuste
670 567 733 612 nos
755 540 936 612 Dominus
963 557 1002 611 ut
1023 564 1141 611 servos
1164 564 1252 612 suos

186 653 347 727 uerberat
354 710 366 742 ,
385 671 419 724 et
429 655 623 755 perspicue
639 654 738 753 quod
750 653 881 726 mundi
892 655 1013 752 gloria
1032 661 1164 726 nonsit
1180 679 1247 753 ap-

181 771 360 873 petenda,
391 771 492 845 nobis
520 774 675 845 nuntiat.
711 772 863 844 Gratias
886 772 941 842 illi
964 797 1031 870 pro
1058 771 1240 861 omnibus,

155 887 401 987 ¹qrue4nobis
434 892 606 987 impertiri
638 886 811 982 dignatus
839 904 910 977 est,
941 912 1117 985 agamus,
1152 894 1189 959 et
1212 902 1244 958 nt

182 1010 294 1079 nostri
304 1031 444 1105 semper
456 1007 677 1092 misereatur,
694 1019 767 1076 toto
779 1004 889 1076 corde
900 1020 1133 1103 appetamus.
1149 1004 1244 1076 Ecce

181 1148 247 1194 nos
276 1120 323 1192 de
348 1118 573 1220 pauperibus
596 1119 797 1220 infimisque
818 1117 1034 1218 parentibus
1057 1119 1242 1219 processi-

183 1265 279 1328 mus,
299 1255 333 1308 et
349 1237 467 1309 sterile
483 1265 544 1308 rus
572 1239 824 1325 Constantini,
844 1261 1055 1334 uacuasque
1073 1261 1244 1309 necessa·

181 1359 244 1429 riis
261 1355 366 1427 rebus
376 1371 525 1454 penates
538 1355 768 1452 reliquimus,
784 1369 818 1425 et
830 1347 983 1451 profecti
994 1353 1153 1424 Romam
1170 1377 1246 1424 curn

181 1500 317 1573 magno
337 1474 463 1543 timore
487 1473 555 1543 via
580 1476 885 1571 pertransivimus.
917 1471 1062 1541 Deinde
1086 1469 1248 1543 donante

181 1591 262 1663 Deo
278 1615 433 1686 magnas
445 1606 479 1660 et
494 1590 625 1661 mirltas
640 1587 742 1660 urbes
758 1587 990 1661 obtinuimus.
1006 1585 1084 1659 Sed
1095 1587 1169 1659 boc
1179 1612 1248 1659 non

181 1709 314 1780 nostris
337 1705 472 1779 air-ibus
498 1733 565 1778 nec
590 1708 746 1796 meritis,
774 1705 841 1778 sed
863 1703 998 1777 diuinae
1022 1702 1251 1778 ordinationi

182 1828 360 1923 imputare
375 1821 558 1894 debemus.
580 1823 746 1920 Denique
759 1822 805 1892 cle
822 1823 971 1921 imperio
993 1821 1249 1894 Constantino·

177 1939 348 2040 politano
362 1965 435 2034 pro
455 1938 615 2010 reatibus
631 1937 889 2037 indigenarum
909 1938 1109 2012 invasimus
1129 1960 1251 2036 quan-

185 2074 259 2128 tum
270 2057 457 2155 potuimus
476 2057 514 2125 in
532 2079 580 2128 xv
597 2056 792 2152 peragrari
810 2054 952 2126 diebus.
976 2053 1117 2151 Optime
1137 2056 1251 2126 nostis

184 2172 285 2273 quod
300 2175 339 2244 iu
355 2175 415 2245 sui
424 2172 638 2271 praesidium
659 2175 829 2244 inuitatus
842 2197 924 2244 sum
940 2198 966 2242 a
982 2169 1170 2243 Michaele
1182 2172 1251 2243 im·-

178 2304 368 2388 peratore,
383 2313 487 2387 quem
501 2291 593 2360 ciues
605 2289 665 2359 sni
677 2288 724 2358 de
734 2288 826 2359 solio
842 2291 947 2385 mgni
958 2291 1122 2384 nequiter
1131 2310 1252 2387 eapu-

186 2405 277 2493 lere,
305 2409 394 2502 quia
406 2404 528 2505 filiam
553 2431 670 2476 meam
688 2403 776 2504 filio
801 2406 881 2504 ejus
910 2403 1052 2476 tradidi
1079 2403 1249 2502 legitime.

188 2522 555 2620 Constantinopolim,
582 2549 693 2621 quam
712 2521 875 2621 possidet
898 2521 1052 2593 imbellis
1069 2521 1251 2621 populus,

186 2636 400 2735 deliciisque
422 2637 577 2709 serviens
601 2654 634 2708 et
655 2637 836 2726 lasciviae,
857 2636 1103 2725 decreveram,
1122 2639 1161 2708 si
1175 2635 1253 2708 Doo

182 2753 402 2854 placuisset,
433 2753 623 2844 catholicis
646 2751 912 2853 pugnatoribus
942 2751 1160 2850 subjugare,
1192 2754 1255 2850 qni

186 2887 354 2942 sanctam
375 2871 446 2942 Dei
473 2873 653 2944 ciuitatem
671 2869 877 2942 Jerusalem
896 2870 1024 2941 Turcis
1047 2866 1251 2973 auferrent,

136 3033 137 3036 =
187 2987 409 3085 ethnicisque
443 2988 533 3059 bello
572 2988 749 3086 repulsis,
788 2986 1027 3059 christianum
1063 2987 1255 3086 imperium

188 3102 396 3175 dilatarent.
412 3108 567 3202 Propter
580 3106 646 3175 lroc
662 3105 882 3176 desiderium
889 3160 902 3193 ,
919 3121 994 3175 tam
1008 3128 1188 3202 magnum
1205 3102 1255 3175 la·

189 3220 330 3308 borem,
361 3236 489 3291 ettam
514 3220 754 3319 periculosum
780 3247 938 3318 agonem
961 3221 1061 3293 r'niui.
1089 3218 1169 3293 Sed
1188 3217 1256 3293 boc

188 3338 297 3413 aliter
304 3338 491 3410 ordinavit
509 3336 830 3435 irreprehensibilis
847 3337 1012 3410 uoluntas
1024 3337 1256 3436 omnipoten-

188 3457 234 3528 tis
250 3457 333 3527 Dei.
354 3456 481 3528 Dauid
495 3455 666 3555 templum
679 3455 758 3527 Deo
775 3455 1035 3548 Hierosolymis
1050 3471 1256 3526 construere

187 3572 320 3659 uoluit,
338 3571 405 3644 sed
418 3571 487 3644 boc
503 3597 527 3643 n
540 3572 735 3643 Salomone
738 3570 828 3668 filio
847 3573 927 3669 ejus
944 3572 1079 3669 peragi
1092 3597 1174 3642 cum
1193 3572 1255 3643 in-

185 3688 288 3784 genti
316 3686 479 3786 tn‘pudio
501 3686 602 3758 Deus
628 3687 822 3785 disposuit.
848 3685 914 3758 Sic
942 3685 1048 3757 labor
1070 3712 1191 3776 meus,
1217 3700 1256 3757 ut

189 3819 335 3874 autumo
344 3801 502 3901 ,suturis
527 3803 743 3903 temporibus
764 3802 1089 3890 consummabitur,
1105 3799 1256 3901 etfmc·

190 3936 248 3989 tus
272 3914 404 3988 laboris
424 3917 644 4016 quandoque
658 3916 965 4014 mandestabitur,
985 3934 1020 3989 et
1036 3919 1256 3991 incitamen-

190 4052 264 4105 tum
282 4049 392 4105 tanta
406 4032 596 4131 probitatis
615 4037 751 4106 utiliter
761 4037 912 4135 posteris
930 4036 1059 4105 nostris
1070 4038 1257 4134 propina-

188 4151 294 4224 bitur.
324 4148 421 4220 Hinc
440 4150 564 4243 igitur,
594 4177 617 4222 o
636 4155 709 4222 viri
717 4150 860 4245 jortes,
888 4151 1036 4245 sapiens
1060 4149 1256 4225 consilium
