2872 4920
194 427 233 487 74
469 430 652 492 Hlsmttla
674 430 978 492 ECCLESlASTlCA.

194 575 249 630 tus
280 574 399 630 autem
428 561 464 631 in
499 578 657 650 terram,
693 560 827 635 tamdiu
864 562 1029 661 precibus
1066 565 1251 655 incubuit,

191 674 306 750 donec
331 678 395 775 ipsi
420 704 439 749 a
462 704 589 752 somno
617 681 744 754 mortis
770 681 1024 753 excitarentur.
1054 680 1142 776 Qui,
1172 683 1251 757 data

192 796 428 883 consemione,
450 812 486 869 et
504 798 756 870 communicati
770 797 961 871 Dominico
977 825 1148 898 corpore,
1167 828 1251 874 rur-

190 939 247 984 sus
263 914 430 1012 spiritnm
443 914 717 1005 exhalaverunt,
736 914 949 988 mirantibus
963 920 1099 991 eunetis
1110 935 1146 990 et
1157 919 1252 991 exul·

191 1029 361 1118 tentibus,
380 1035 440 1131 qui
456 1030 525 1106 boc
542 1033 723 1106 viderunt.
738 1034 834 1127 Quos
846 1033 1059 1107 venerabilis
1076 1052 1180 1133 pater
1191 1035 1251 1110 bo·

190 1147 338 1222 norifice
350 1150 518 1222 tumulari
525 1151 644 1250 jussit,
655 1167 691 1223 et
699 1150 743 1224 de
754 1151 947 1223 salvatione
960 1152 1105 1225 illorum
1118 1161 1247 1243 certus,
1271 1180 1273 1185 ·

188 1264 265 1338 Deo
282 1267 414 1366 gratias
425 1264 574 1340 devotus
591 1264 758 1341 reddidit.
1243 1266 1246 1273 ’

237 1384 322 1456 llaec
337 1401 374 1457 et
388 1385 499 1456 multa
521 1385 575 1456 his
590 1385 719 1457 similia
736 1386 892 1458 seniores
912 1387 1073 1457 referunt
1091 1383 1247 1458 exhibita

187 1525 253 1598 per
269 1499 480 1590 Ebrullum,
496 1501 663 1575 addentes
676 1501 773 1602 quod
787 1500 1017 1602 grandevum
1033 1501 1248 1576 monachum

187 1614 361 1704 viderint,
380 1619 528 1690 nomine
544 1617 725 1707 Natalem,
745 1618 836 1716 apud
853 1618 1016 1704 Utioum,
1036 1619 1097 1717 qui
1114 1618 1248 1717 grande
1307 1643 1310 1654 ·

187 1729 356 1804 volumen
373 1729 527 1804 babebat
542 1733 586 1805 de
603 1733 784 1805 miraculis
805 1749 841 1804 et
857 1730 962 1804 rebus
980 1733 1085 1831 gestie
1102 1754 1168 1831 per
1186 1758 1246 1805 aaa·

185 1849 342 1945 palatum
366 1852 623 1949 omnipotentis
644 1852 708 1923 Dei
733 1852 918 1924 samolum.
948 1851 1135 1944 Quondam
1160 1852 1247 1923 dum

185 1967 287 2039 missa
312 1967 411 2041 finita
437 1987 509 2060 est,
529 1969 657 2043 ardens
683 1969 828 2044 candela
851 1995 917 2069 per
942 1970 1116 2042 incuriam
1141 1995 1248 2069 super

185 2085 296 2158 altare
311 2085 451 2159 dimissa
466 2104 531 2160 est.
546 2088 677 2161 lnoolis
689 2088 855 2162 vernalia
869 2086 1088 2175 curantibus,
1104 2086 1245 2161 llamma

184 2202 359 2277 lichinum
370 2206 425 2303 (t)
444 2204 610 2306 usquead
628 2206 832 2304 mappulam
850 2205 970 2277 altaris
979 2204 1193 2302 absumpsit,
1208 2224 1246 2278 et

186 2322 277 2421 ignis
299 2321 387 2395 edax
413 2322 495 2396 ilade
520 2324 640 2395 altaris
660 2323 867 2396 linteamina
889 2349 969 2395 casu
992 2322 1186 2420 corripuit,
1209 2339 1246 2395 et

184 2435 342 2527 librum,
375 2440 472 2538 cujus
505 2440 689 2538 exemplar
722 2465 740 2511 a
777 2437 880 2513 nobis
914 2464 1061 2539 usquam
1092 2440 1243 2536 reperiri

184 2556 328 2656 nequit,
359 2573 394 2629 et
422 2582 575 2657 quaeque
602 2555 734 2629 ibidem
761 2555 924 2630 comburi
955 2555 1133 2654 potuerit,
1161 2581 1243 2655 que

182 2673 276 2745 circa
291 2673 349 2745 vel
365 2698 473 2773 super
488 2700 587 2745 aram
603 2688 728 2764 erant,
749 2673 1003 2746 concremavit.
1022 2671 1151 2742 Omnes
1173 2672 1243 2771 igi-

184 2805 242 2860 tut·
270 2790 501 2890 irreparabile
534 2790 707 2864 damnum
733 2789 777 2862 de
813 2790 940 2863 notitia
975 2789 1243 2887 praeteritorum

182 2905 400 3002 planxerunt
410 2956 422 2996 ,
439 2925 495 3000 et,
516 2909 600 3009 quia
620 2909 779 2980 illiterati
795 2923 900 2980 erant
923 2905 1140 2990 eremicolae,
1166 2930 1242 2978 non

181 3024 591 3122 scriptorepuraverunt,
600 3023 660 3096 sed
669 3025 813 3124 eloquio
820 3021 1152 3124 junioribus,dehis
1161 3038 1242 3122 quae

182 3138 259 3210 visu
272 3139 329 3212 vel
346 3138 468 3212 auditu
481 3157 734 3239 perceperant,
756 3142 1025 3213 intimaverunt.
1045 3138 1132 3236 lpsis
1147 3163 1242 3239 quo·

180 3279 251 3355 que
268 3254 530 3346 deficientibus,
554 3256 768 3356 ignorantiae
789 3256 903 3354 caligo
919 3270 1065 3354 nepotes
1083 3252 1239 3341 obtexit,

181 3390 217 3446 et
231 3374 435 3475 indaginem
451 3391 712 3447 transactorum
731 3371 990 3445 irretitabiliter
1003 3369 1156 3458 abdidit,
1173 3372 1240 3442 nisi

180 3516 219 3563 ea
249 3509 387 3566 tantum
420 3519 501 3593 quae
526 3493 668 3566 solertia
702 3489 882 3590 cujusdam
909 3489 1074 3588 sophistae
1106 3490 1143 3559 in
1168 3490 1240 3561 vita

180 3611 289 3681 sancti
309 3611 422 3683 Patris
439 3606 483 3685 ed
500 3608 690 3713 legendum
709 3607 911 3681 inEcclesia
926 3608 1078 3679 strictim
1090 3631 1241 3705 conges-

215 3854 254 3924 (ι)
276 3853 312 3908 La
326 3854 432 3909 macha.
453 3856 499 3910 On
514 3875 528 3909 a
543 3855 577 3909 de
589 3856 615 3910 la
632 3855 740 3928 peinais
759 3854 923 3928 a'expliquer
940 3863 1080 3909 comment
1099 3852 1124 3906 la
1143 3854 1240 3907 meelate

179 3945 246 3999 d'un
265 3947 357 4018 cierge
378 3956 429 4017 put
445 3955 545 4001 mettre
559 3946 585 4000 le
600 3948 671 4001 seua
686 3965 740 4001 une
755 3965 843 4020 nappe
858 3944 957 4000 d’autel
969 3945 1017 4017 qui
1032 3962 1067 3997 ne
1079 3942 1170 3998 devait
1182 3943 1241 3998 due

178 4054 234 4109 que
251 4035 286 4090 de
298 4037 369 4101 soie,
383 4035 417 4089 de
434 4036 474 4090 lin
493 4055 529 4091 ou
546 4036 582 4091 de
596 4037 681 4105 laine,
705 4037 862 4092 substances
883 4055 935 4109 pen
951 4036 1110 4091 llambantea
1130 4034 1165 4088 de
1179 4034 1240 4089 leur

180 4137 289 4192 nature,
304 4136 333 4180 st
349 4125 495 4182 auclino
512 4126 580 4182 ‹lont
596 4127 634 4181 les
654 4127 773 4182 leuillets
786 4126 820 4180 de
835 4126 994 4199 parchemin
1007 4125 1129 4179 l'etaient
1140 4142 1240 4179 encore

180 4234 279 4272 monna.
