2888 4934
59 370 208 447 [urum.
227 369 318 446 roae]
461 368 577 431 ursan
599 369 736 430 nouus.
1013 328 1015 332 ⁷
1070 371 1130 431 sar

58 497 293 572 succenturiae
315 498 389 595 (r),
408 523 490 597 quae
515 501 675 599 graviter
696 515 889 598 coeperunt
913 498 1133 574 Christianos

60 615 259 715 impellere.
275 615 482 716 Nequibant
497 617 625 691 Franci
640 633 782 691 tantum
799 619 973 717 impetum
986 635 1041 691 tot
1054 642 1134 691 exa·

58 735 278 805 minaturum
302 734 490 807 nationum
515 736 712 822 sustinere,
727 733 788 806 sed
805 734 1002 809 titubantes
1027 761 1132 837 coge·

58 849 193 922 bantur
217 848 357 923 cedere.
378 852 514 924 Tantus
532 852 631 925 euim
649 867 727 924 erat
744 851 883 927 clamor
902 868 939 925 et
963 853 1132 951 strepitus

57 983 96 1040 et
111 968 267 1040 telorum
279 967 408 1056 imber,
423 986 464 1042 ut
478 970 593 1068 ipsum
603 971 711 1043 etiam
725 966 985 1042 obnubilarent
997 994 1130 1042 aerem.

57 1086 240 1185 Ingemuit
262 1085 511 1176 Boamundus,
529 1087 592 1187 qui
614 1085 774 1186 undique
798 1086 1039 1187 prospiciebat
1063 1087 1129 1175 eis,

58 1218 231 1302 tanquam
244 1204 405 1277 oculatus
423 1219 536 1293 totus,
552 1218 589 1276 et
604 1204 654 1276 ait
672 1232 681 1273 :
703 1201 860 1294 Christe,
878 1220 957 1277 tuos
970 1221 1132 1277 sustenta

62 1319 305 1395 Christianos.
332 1322 381 1393 Et
398 1319 526 1422 adjecit
544 1351 552 1391 :
574 1320 758 1393 Radberte
770 1318 996 1418 (Radbertus
1012 1321 1128 1421 siqui-

56 1436 163 1527 dem,
179 1437 323 1510 Girardi
342 1437 436 1512 filius
445 1494 456 1528 ,
475 1466 579 1512 suum
595 1438 776 1512 detulerat
791 1439 964 1512 vexillum
980 1441 1054 1537 (a))
1072 1466 1131 1513 ra·

52 1559 188 1662 pidum
214 1560 423 1634 calcaribus
450 1588 538 1658 urge
566 1562 817 1663 cornipedem,
847 1579 881 1634 et
912 1561 1130 1635 Christianis

58 1678 296 1753 titubantibus
310 1683 567 1780 imperterritus
583 1696 657 1773 esto
664 1680 868 1778 juvamen!
885 1681 1027 1752 Memor
1038 1695 1130 1769 esto,

52 1823 200 1900 precor,
214 1814 406 1897 parentum
416 1815 641 1885 nostrorum,
656 1815 691 1871 et
702 1824 749 1870 ne
761 1797 966 1871 lividaveris
979 1798 1134 1870 rutilan-

60 1931 130 1987 tem
159 1913 303 1986 titulum
319 1916 573 1988 Francorum!
591 1915 695 1988 Scito
713 1914 818 1987 uobis
841 1912 940 1986 illico
963 1914 1010 1987 de
1031 1914 1133 1987 coelis

60 2032 442 2131 aucitt'umfuturum.
458 2033 535 2106 Sed
550 2034 629 2105 uult
644 2034 748 2106 Deus
762 2049 801 2104 ut
814 2039 899 2120 nos',
914 2026 1133 2129 velutfortes

60 2148 218 2234 athleta,
228 2174 505 2251 promereamur
518 2167 552 2222 et
563 2149 819 2252 adipiscamur
835 2149 1014 2222 bravium.
1031 2147 1134 2222 uod·-

59 2263 205 2355 bertus,
235 2283 366 2340 sanctae
393 2268 508 2341 crucis
531 2268 635 2368 signo
651 2269 831 2356 munitus,
850 2283 887 2340 et
900 2266 1134 2341 auxiliaribus

59 2383 253 2481 manipulis
268 2385 504 2483 constipatus,
522 2386 668 2458 festinus
685 2384 806 2476 affuit,
826 2401 862 2457 et
879 2386 1134 2458 cruentissimis

60 2499 189 2573 Turcis
213 2499 462 2575 audacissimus
482 2502 587 2574 miles
602 2500 757 2575 obstitit.
787 2500 888 2574 Adeo
904 2500 1060 2600 perfidos
1076 2527 1135 2601 ag·

60 2642 202 2719 gressis
217 2634 270 2691 est
280 2635 349 2707 ,ut
366 2619 488 2692 vexilli
508 2617 708 2693 Boamundi
727 2618 881 2717 lingulas
899 2619 936 2690 in
954 2643 1018 2690 ora
1044 2619 1135 2691 Tur-

61 2760 191 2811 eorum
207 2736 360 2809 volitare
375 2738 507 2810 laceret
516 2790 526 2825 ,
546 2736 692 2835 altoque
713 2735 870 2807 clamore
885 2758 951 2807 suo
967 2733 1135 2834 aliquan-

63 2851 181 2925 tulum
224 2854 364 2927 Turcos
409 2852 623 2926 deterreret.
665 2850 722 2923 Ad
762 2849 856 2922 illius
901 2849 1137 2948 primipilaris

63 2969 238 3068 impetum
256 2985 293 3042 et
314 2970 428 3043 altum
446 2971 641 3044 clamorem
659 2968 787 3040 Franci
811 2967 950 3039 animos
967 2991 1135 3067 resump-

63 3100 208 3173 serunt,
233 3101 270 3156 et
293 3085 331 3156 in
357 3086 496 3160 Turcos
521 3086 742 3159 unanimiter
767 3084 969 3158 irruerunt.
999 3083 1135 3184 Fragor

62 3226 249 3275 armorum
275 3203 410 3275 multus
435 3219 533 3291 erat,
554 3219 591 3276 et
610 3201 656 3274 ab
681 3201 784 3274 aereis
802 3200 993 3274 cassidibus
1009 3202 1135 3274 elucu-

63 3317 190 3391 bratus
218 3318 309 3418 ignis
336 3317 567 3392 scintillabat.
595 3319 755 3393 Vulnera
786 3317 997 3391 vulneribus
1024 3315 1137 3389 illide-

64 3432 174 3524 bant,
191 3450 228 3507 et
239 3436 355 3534 campi
377 3436 492 3508 nimio
508 3423 680 3534 sauguine
697 3424 1006 3532 purpurabantur.
1027 3433 1137 3504 Intes-

65 3551 142 3625 tina
158 3551 297 3626 videres
312 3552 564 3652 dependentia,
579 3579 667 3626 caesa
680 3552 810 3650 capita,
826 3567 954 3623 trunca
966 3575 1133 3650 corpora,

64 3671 195 3770 passim
212 3671 433 3770 oppetentia.
453 3672 563 3744 Turci
586 3670 705 3771 itaque
730 3669 861 3743 timore
878 3669 993 3742 nimio
1011 3685 1136 3742 exter-

575 3873 640 3880 --
652 3872 1134 3883 ...α--ο-Ὴ--η

102 3981 141 4051 (ι)
156 3981 192 4035 le
205 3997 286 4053 corps
298 3980 333 4033 de
345 3983 453 4035 reserre
465 3979 513 4034 des
526 3981 626 4035 Turcs.

102 4069 142 4140 (a)
161 4070 198 4124 Le
211 4068 332 4142 drapeau
346 4068 381 4123 de
398 4068 540 4124 memond
554 4070 624 4124 etait
637 4087 738 4143 rouge,
757 4087 865 4125 comme
881 4069 907 4125 le
924 4069 1046 4143 drapeau
1064 4071 1137 4128 Nor-

67 4158 152 4213 maud
165 4170 194 4214 et
205 4159 231 4213 le
243 4159 364 4232 drapeau
378 4159 547 4215 Scandinave
562 4183 566 4212 :
584 4159 725 4215 Vexillum
742 4160 902 4217 Boamundi
911 4161 1104 4218 rubicundum.
