2888 4934
182 396 290 472 [rose]
557 391 674 453 uem
694 394 882 454 ocravus.
927 408 929 410 ·
1195 399 1256 457 315

183 551 255 625 pro
282 524 483 597 multorum
510 521 734 621 perditione,
760 550 852 624 qnos
877 553 896 596 a
922 525 999 625 lege
1023 528 1087 599 Dei
1113 526 1258 599 videbat

183 641 353 715 aberrare
373 667 433 713 sua
455 639 521 712 sub
542 641 816 739 gubernatione.
838 644 881 715 ln
899 641 1044 717 dioecesi
1063 670 1123 716 sua
1145 645 1257 717 multa

184 757 400 859 corrigenda
430 759 624 857 perspexit.
659 760 869 833 Peccantem
899 786 1040 860 regem,
1064 777 1259 861 torvosque

183 898 462 976 proceressaepe
480 877 671 974 corripuit.
687 877 792 950 Unde
810 877 965 976 plurima
980 876 1026 950 ab
1045 880 1096 951 eis
1112 876 1257 951 adversa

186 997 289 1084 tulit,
309 1012 346 1067 et
360 1020 430 1093 pro
442 994 519 1067 zelo
528 995 676 1093 justitiae
692 994 747 1067 bis
764 997 936 1069 exulavit.
955 997 1069 1070 Dictis
1086 1013 1123 1069 et
1134 1022 1258 1068 exem-

184 1112 255 1212 plis
267 1109 482 1183 salutaribus
495 1135 682 1209 perversos
696 1137 816 1184 mores
828 1111 1058 1185 subditorum
1069 1111 1259 1185 emendare

183 1228 342 1318 studuit,
356 1227 417 1302 sed
431 1228 606 1303 obdurata
619 1229 861 1329 quorumdam
876 1232 1078 1331 iniquitate,
1090 1231 1126 1302 in
1136 1230 1260 1302 multis

184 1370 262 1419 uon
285 1345 379 1419 sicut
405 1345 576 1418 voluisset
602 1346 767 1443 profecit.
798 1346 960 1419 Perversi
988 1347 1142 1446 quippe,
1169 1346 1259 1418 sicut

183 1463 357 1538 Salomon
375 1463 442 1551 ait,
462 1461 605 1536 difficile
624 1463 872 1564 corriguntur,
898 1479 935 1535 et
955 1464 1149 1537 stultorum
1174 1463 1259 1536 infi-

183 1581 350 1654 nitnsest
366 1606 550 1653 numerus.
604 1636 611 1649 .

233 1700 276 1771 ln
304 1696 430 1771 diebus
463 1699 533 1771 illis
561 1701 704 1772 lucerna
728 1726 824 1773 verte
852 1702 1049 1774 sanctitatis
1073 1699 1259 1773 obscurius

183 1815 341 1889 micabat
354 1842 447 1916 pene
464 1819 601 1890 cunctis
619 1819 656 1890 in
675 1817 884 1905 ordinibus,
904 1817 1102 1917 mundique
1119 1819 1260 1916 princi-

183 1959 248 2034 pes
272 1960 354 2006 cum
383 1932 549 2034 subjectis
576 1933 780 2034 agminibus
805 1933 1034 2007 inhaerebant
1061 1933 1260 2008 tenebrosis

184 2051 368 2152 operibus.
384 2051 599 2125 Guillelmus
615 2052 740 2141 Rufus,
756 2051 922 2126 Albionis
937 2078 1015 2140 rex,
1028 2055 1170 2152 juvenis
1183 2067 1261 2125 erat

183 2187 377 2270 protervus
393 2187 430 2244 et
444 2172 609 2260 lascivus,
628 2196 738 2272 quem
750 2173 857 2244 nimis
872 2170 1053 2244 inhianter
1071 2196 1260 2271 proseque-

184 2285 320 2359 bantur
332 2288 476 2386 agmina
494 2288 714 2386 populorum
738 2286 926 2385 impudicis
943 2285 1119 2360 moribus.
1138 2288 1261 2384 lmpe-

185 2403 300 2477 riosus
326 2421 362 2477 et
386 2403 500 2477 audax
525 2423 633 2504 atque
658 2406 825 2479 militaris
852 2421 947 2502 erant,
967 2421 1004 2477 et
1028 2404 1261 2478 multitudine

184 2523 345 2595 militum
361 2548 535 2622 pompose
552 2521 785 2622 tripudiabat.
812 2523 953 2595 Militiae
974 2522 1088 2594 titulis
1108 2522 1261 2621 applau-

184 2638 311 2729 debat,
338 2640 480 2740 illisque
503 2658 654 2739 propter
678 2643 808 2714 fastum
836 2639 1045 2711 saecularem
1067 2637 1260 2712 admodum

183 2756 338 2831 larebat.
354 2759 527 2858 Pagenses
540 2777 666 2832 contra
684 2759 816 2831 milites
828 2756 1018 2830 defendere
1034 2757 1258 2856 negligebat,

184 2900 344 2977 quorum
362 2876 629 2974 possessionesa
646 2877 717 2947 suis
735 2874 914 2949 tironibus
927 2890 963 2947 et
983 2875 1170 2974 armigeris
1188 2875 1261 2946 im-

184 3016 283 3092 pune
300 2990 475 3065 devastari
490 2990 735 3091 permittebat.
756 2992 907 3065 Tenacis
925 2992 1129 3079 memoriae,
1149 3007 1186 3063 et
1199 3018 1261 3064 ar-

183 3108 304 3184 dentis
316 3109 360 3184 ad
372 3111 512 3184 bonum
529 3137 590 3184 seu
602 3111 739 3183 malum
753 3111 950 3184 voluntatis
965 3127 1054 3182 erat.
1071 3109 1262 3183 Terribilis

183 3225 326 3300 furibus
344 3244 381 3300 et
397 3228 610 3300 latrunculis
633 3225 862 3315 imminebat,
882 3251 1079 3327 pacemque
1099 3252 1259 3299 serenam

184 3370 254 3446 per
266 3344 462 3445 subjectam
477 3346 664 3445 regionem
675 3347 811 3418 servari
823 3346 987 3419 valenter
1000 3344 1163 3444 cogebat.
1179 3344 1262 3415 Om-

185 3492 249 3542 nes
267 3466 401 3538 incolas
413 3466 518 3565 regni
531 3465 583 3536 sni
603 3477 664 3536 aut
678 3464 792 3536 illexit
807 3464 988 3562 largitate,
1005 3478 1067 3534 aut
1084 3486 1262 3559 compres-

184 3588 232 3659 sit
251 3567 388 3657 virtute
413 3600 449 3657 et
474 3600 636 3671 terrore,
656 3599 698 3655 ut
721 3583 843 3654 nullus
863 3598 990 3655 contra
1008 3606 1089 3652 eum
1115 3580 1262 3652 auderet

185 3702 309 3805 aliquo
322 3702 433 3775 modo
447 3702 595 3774 mutire.

233 3819 303 3892 tx.
320 3819 560 3895 Confirmatns
574 3819 692 3918 itaque
703 3819 740 3890 in
751 3842 878 3917 regno,
898 3834 1033 3888 turmas
1045 3817 1260 3915 optimatum

187 3937 329 4025 ascivit,
346 3951 382 4007 et
398 3935 614 4010 Guentoniae
630 3937 684 4032 (t)
697 3937 940 4034 congregatis,
953 3960 1035 4033 quae
1050 3933 1262 4005 intrinsecus

1163 4109 1251 4119 ...ο-

220 4199 230 4267 (
236 4200 259 4268 1)
275 4198 467 4252 Wincbester.
