2888 4934
192 445 398 521 [roso-1110]
558 441 674 503 taren
695 441 881 501 octavus.
1198 447 1258 504 sss

191 574 371 647 Craterum
404 575 439 645 in
473 571 608 674 flagitio
637 576 795 675 graviter
821 573 1036 660 obduratus,
1072 575 1115 646 ad
1148 577 1259 648 instar

191 690 308 765 surdae
326 690 474 790 aspidis,
502 718 583 792 quae
607 691 754 765 obturat
778 717 878 765 aures
895 710 973 783 snas
991 689 1034 763 ad
1050 717 1175 765 vocem
1197 694 1258 766 in-

191 811 384 897 cantantis,
405 810 681 908 corripientium
698 812 925 884 hortamenta
943 826 1087 910 patrum
1103 813 1255 912 sprevit,

189 941 226 997 ct
250 927 287 997 in
314 923 479 998 adulterii
503 927 635 1001 foetore
658 925 721 998 diu
743 926 909 1026 putridus
928 928 1057 1028 jacuit,
1081 942 1121 1000 et
1142 925 1258 1003 donec

190 1040 282 1115 lilios
303 1041 417 1116 duos:
438 1041 645 1144 Philippum
658 1061 695 1118 et
714 1044 865 1118 Florum
882 1046 935 1142 (a)
954 1070 998 1118 ex
1014 1044 1174 1119 adultera
1192 1071 1258 1146 ge·
1355 1049 1357 1053 ’

190 1161 281 1232 nuit.
298 1161 478 1261 Tempore
498 1163 607 1261 igitur
623 1161 760 1236 Urbani
775 1179 811 1236 et
824 1163 998 1236 Paschalis
1009 1161 1258 1237 Romanorum

188 1279 419 1377 pontificum,
443 1282 517 1353 lere
544 1307 593 1354 xv
619 1282 722 1353 annis
753 1282 809 1382 (a)
834 1281 1043 1355 interdictus
1067 1282 1146 1354 fuit.
1177 1280 1257 1376 Quo

187 1409 352 1494 tempore
370 1422 555 1497 nunquam
573 1395 734 1470 diadema
760 1398 938 1497 portavit,
966 1423 1032 1471 nec
1057 1423 1257 1497 purpuram
1377 1392 1379 1396 ’

189 1508 323 1600 induit,
340 1537 457 1613 neque
473 1514 738 1586 solemnitatem
754 1514 910 1614 aliquam
930 1515 1031 1614 regio
1044 1539 1147 1587 more
1167 1515 1257 1587 cele·

185 1625 381 1702 bresith]
408 1631 662 1732 quodcumque
685 1630 860 1730 oppidum
884 1630 941 1704 vel
968 1629 1096 1704 urbem
1122 1630 1257 1705 Gallia-

185 1773 268 1818 rum
285 1772 350 1820 rex
367 1747 583 1839 advenisset,
607 1775 693 1823 mox
715 1766 756 1822 ut
779 1777 797 1820 a
819 1750 919 1823 clero
937 1749 1098 1821 auditum
1114 1750 1253 1838 suisset,

185 1863 343 1937 cessabat
369 1867 487 1938 omnis
523 1867 673 1967 claugor
706 1894 981 1966 campanarum,
1009 1882 1046 1939 et
1081 1869 1256 1968 generalis

185 1998 310 2056 cantus
336 1984 564 2058 clericorum.
592 1985 723 2057 Luctus
750 1984 869 2084 itaque
886 1983 1052 2084 publicus
1068 1981 1253 2083 agebatur,

185 2116 222 2173 et
245 2101 455 2176 Dominicus
480 2103 597 2177 cultus
622 2102 792 2201 privatim
817 2098 1070 2189 exercebatur,
1096 2101 1256 2202 quandiu

186 2233 426 2319 transgressor
435 2218 935 2319 princepsineademdioecesi
947 2216 1252 2293 commorabatur.

184 2336 363 2410 Permissu
390 2354 509 2410 tamen
536 2339 753 2437 praesulum,
781 2364 938 2439 quorum
963 2336 1131 2410 dominus
1156 2353 1233 2410 erat
1241 2394 1252 2427 ,

184 2480 254 2554 pro
270 2458 379 2557 regali
397 2455 572 2557 dignitate
588 2457 814 2555 capellanum
836 2482 940 2528 suum
958 2451 1128 2543 habebat,
1147 2481 1256 2556 aquo

184 2600 267 2648 cum
284 2576 423 2672 privata
439 2576 571 2648 familia
586 2575 756 2673 privatim
773 2574 917 2645 missam
935 2570 1112 2644 audiebat.

232 2691 296 2763 llis
307 2692 529 2791 temporibus
537 2691 650 2764 Gallia
661 2690 878 2789 religiosiset
886 2687 1034 2761 eruditis
1044 2687 1256 2787 praesulibus

184 2806 346 2882 llorebat.
366 2809 459 2882 Nam
475 2809 663 2882 Leuterius
677 2809 730 2906 (ὅ)
747 2831 854 2895 senex
871 2806 1084 2879 Bituricensi
1100 2822 1256 2907 praeerat

182 2926 376 3024 metropoli
393 2927 468 3025 (4),
483 2943 519 3001 et
529 2924 760 2999 Daimbertus
772 2924 983 2997 senonensi.
999 2923 1156 3023 lnclytus
1167 2950 1254 2999 vero

181 3039 374 3115 Rainaldus
391 3041 556 3116 Remensi
576 3042 650 3141 (ὅ),
671 3041 775 3141 eique
798 3040 968 3114 defuncto
990 3039 1160 3115 Radulsus
1187 3067 1254 3115 co·

182 3243 263 3299 faites
276 3261 312 3297 au
331 3244 436 3298 concile
451 3244 486 3299 de
501 3244 655 3315 Beaugenci
676 3241 727 3311 (30
745 3243 838 3315 juillet
855 3248 956 3313 1104),
971 3244 1148 3301 l’absolution
1161 3265 1197 3301 ne
1211 3247 1254 3302 lut

184 3335 343 3404 prouoncee
358 3331 394 3387 de
408 3351 531 3387 nouveau
546 3333 630 3406 qu’au
646 3334 836 3407 quatorzieme
849 3332 956 3388 concile
970 3333 1006 3388 de
1020 3335 1111 3404 Paris,
1131 3335 1158 3393 le
1172 3353 1188 3390 2
1202 3336 1254 3390 de-

183 3421 295 3476 cembre
312 3439 392 3489 arro,
409 3424 446 3476 ou
461 3432 533 3477 cette
548 3440 688 3494 promesse
703 3423 747 3477 lut
760 3422 925 3477 renouvelec
940 3442 1003 3478 avec
1017 3436 1149 3481 serment.

218 3512 409 3585 (rJPhilippe,
422 3524 513 3568 comte
523 3513 558 3567 de
569 3515 662 3568 lllante
672 3524 701 3568 et
711 3515 841 3587 seigneur
850 3512 886 3566 de
898 3514 982 3568 Mean
992 3533 1026 3570 en
1040 3516 1132 3583 Berri3
1143 3515 1253 3585 Fleuri,

184 3603 254 3656 mari
266 3600 302 3656 de
313 3601 467 3657 l'heritiere
479 3603 514 3657 de
525 3603 646 3675 Nangis3
663 3603 794 3676 ausqurls
808 3602 826 3656 il
840 3603 900 3657 saut
912 3603 1019 3675 ajouter
1029 3604 1136 3674 Cecile,
1152 3609 1254 3663 mariae

184 3689 300 3747 d’abord
315 3712 350 3746 au
364 3693 474 3747 lanreux
490 3694 647 3761 Tancrede,
665 3696 728 3767 piris
742 3698 756 3748 ai
771 3696 859 3760 Pons,
877 3707 968 3750 comte
983 3695 1017 3750 de
1032 3697 1152 3772 Tripoli.

218 3782 260 3853 (a)
268 3781 360 3838 treme
368 3803 404 3837 en
415 3802 449 3837 ne
457 3794 554 3837 tenant
564 3802 612 3856 pas
625 3794 735 3858 compte
747 3783 795 3838 des
805 3795 993 3857 quatorzeans
1002 3787 1127 3860 pendant
1137 3787 1254 3864 lesquels

182 3869 471 3926 l’excommuuication
485 3872 529 3926 sut
542 3872 712 3945 suspendae,
730 3883 810 3927 notre
824 3884 924 3927 auteur
937 3891 966 3927 se
978 3878 1143 3950 tromperait
1153 3897 1255 3946 encore

185 3956 220 4014 de
235 3959 300 4032 pres
312 3959 347 4014 de
362 3971 461 4034 quatre
475 3979 533 4016 aus.

218 4047 259 4119 (ὅ)
274 4050 349 4106 Lisea
364 4075 368 4104 :
381 4051 573 4125 Leodcgarius
588 4049 718 4126 (roffi-31
734 4067 808 4105 mars
825 4057 915 4106 smol.

220 4141 260 4209 (A)
274 4141 348 4195 Mars
365 4141 484 4215 πορθ-αθ
497 4141 646 4196 novembre
663 4159 738 4195 rina.

220 4229 262 4299 (5)
274 4230 389 4286 llenaud
404 4232 440 4285 du
455 4232 553 4300 bellai,
567 4232 738 4307 archeveque
750 4231 785 4288 de
797 4232 889 4286 lli-irus
900 4233 1027 4301 (1085-21
1039 4236 1147 4305 janvicr
1162 4235 1251 4308 1096).
