2888 4934
188 402 298 479 [lose]
564 396 680 466 LIBER
701 405 887 467 OCTAVUS.
1194 411 1253 471 335

187 530 431 607 moerentibus
457 534 518 632 qui
546 533 614 607 boc
640 553 961 636 perpetraverunt,
992 538 1125 612 nobilis
1151 539 1256 614 beros

189 649 269 747 ipso
284 647 342 721 die
358 662 523 722 mortuns
541 666 606 721 est.
630 651 671 723 In
699 654 893 724 crastinum
917 668 1056 743 sutem,
1085 654 1254 730 bissextili

186 764 247 840 die
262 768 315 863 (ι)
332 792 463 865 corpus
478 767 551 865 ejus
567 766 611 839 ad
628 768 799 842 Sanctum
814 767 1007 866 Sulpitinm
1028 771 1081 869 (a)
1099 769 1256 845 delatum

187 898 258 968 est,
285 882 407 982 ibique
428 882 737 980 cum'parentibns
759 884 871 957 suisa
895 883 1100 959 Gisleberto
1120 885 1256 962 Ebroi-

187 1002 284 1075 censi
304 1002 488 1098 episcopo,
510 1017 546 1071 et
564 1000 714 1074 Serlone
732 1002 891 1074 Uticensi
911 1000 1040 1075 abbate
1057 1028 1140 1076 cnm
1157 1007 1256 1078 mul-

188 1135 312 1192 torum
329 1119 427 1189 luctu
441 1117 636 1189 tumulatus
648 1134 713 1189 est.
727 1118 842 1191 Porro
853 1116 1072 1209 Gnissredns,
1084 1120 1253 1193 Maurita-

188 1236 258 1309 niae
278 1260 415 1322 comes,
431 1234 655 1332 perpendens
672 1234 769 1335 qnod
788 1233 950 1307 homines
969 1237 1042 1323 sui,
1060 1237 1124 1336 qui
1148 1264 1255 1337 grave

185 1354 321 1428 lacinus
342 1366 574 1450 peregerant,
597 1379 642 1425 ex
660 1354 838 1425 occisione
858 1354 1092 1431 strenuissimi
1110 1354 1255 1430 baronis

188 1471 390 1571 ingentium
402 1468 704 1543 detrimentorum
720 1486 826 1543 terrae
841 1497 913 1543 suae
925 1475 1156 1546 seminarium
1172 1501 1255 1574 pro-

186 1603 417 1674 creaverant,
438 1614 521 1659 cum
544 1587 747 1660 Gisleberto
771 1587 977 1687 Aquilensi,
1004 1609 1136 1689 nepote
1158 1593 1251 1691 ejus,

185 1728 310 1804 pectam
326 1702 427 1791 lecit,
448 1702 552 1801 eique
569 1702 748 1776 Jnlianam
766 1704 875 1776 liliam
897 1730 996 1776 suem
1014 1704 1050 1777 in
1067 1708 1252 1781 matrimo-

184 1823 289 1894 nium
322 1820 529 1920 conjnnxit,
553 1847 633 1920 qnae
658 1819 867 1895 Ricberium
895 1838 931 1895 et
958 1822 1184 1896 Goislredum
1213 1853 1254 1899 ac

183 1935 427 2012 Gislebertum
452 1937 517 2034 ipsi
538 1939 692 2034 peperit.
715 1939 862 2035 Sapiens
883 1940 1001 2040 itaque
1022 1943 1145 2015 consul
1167 1941 1254 2014 sub-

179 2054 285 2157 jectis
300 2069 337 2127 et
353 2051 543 2126 heredibus
558 2054 629 2125 suis
646 2053 834 2129 commode
852 2055 1048 2143 consuluit,
1071 2054 1158 2130 dum
1175 2057 1254 2131 dul-

183 2170 312 2245 cedine
335 2169 532 2270 conjugalis
558 2170 744 2268 amplexus
767 2187 936 2259 exortum
957 2172 1069 2244 scelus
1094 2175 1250 2261 occavit,

183 2314 234 2363 ne
246 2287 293 2362 de
310 2287 429 2360 radice
451 2313 571 2385 pravae
594 2287 743 2360 actionis
762 2286 996 2386 multiplicius
1014 2291 1109 2362 nesus
1129 2289 1253 2389 pullu-

184 2408 298 2496 laret,
327 2420 362 2477 et
390 2403 593 2477 redivinnm
619 2405 715 2478 inter
739 2421 901 2504 posteros
922 2411 1064 2505 semper
1089 2409 1128 2481 in
1155 2409 1253 2508 pejus

182 2539 417 2597 excresceret.
451 2519 583 2593 Foedus
612 2521 731 2620 itaque
770 2522 808 2594 in
841 2520 1078 2596 consobrinos
1107 2501 1253 2596 heredes

184 2664 410 2739 nuncusque
429 2637 675 2712 indissolubile
696 2640 875 2737 persistit,
900 2655 937 2712 et
955 2664 1078 2712 serena
1103 2667 1172 2738 pax
1194 2666 1254 2713 eos

182 2755 318 2831 blande
333 2755 578 2854 sereniterque
594 2756 777 2828 connectit
795 2756 861 2853 (3).
1112 2752 1119 2765 '

232 2869 369 2945 Eadem
388 2870 603 2969 septimana,
622 2895 692 2968 qua
710 2868 952 2960 Gislebertus,
971 2886 1011 2942 ut
1024 2869 1161 2944 dictum
1178 2888 1250 2961 est,

185 2989 282 3063 inter
301 2986 459 3060 Molinoa
474 3001 511 3057 et
527 2985 695 3086 Aquilam
714 2985 853 3058 interiit
867 2987 943 3085 (Δ),
962 2986 1108 3060 Goellus
1126 3004 1252 3062 contra

183 3102 421 3179 Guillelmum
443 3103 703 3176 Bretoliensem
725 3101 915 3175 dominum
938 3130 1039 3176 suum
1064 3106 1252 3205 campestri

185 3222 382 3296 certamine
404 3219 607 3310 dimicavit,
635 3235 671 3292 et
693 3245 812 3294 secum
837 3220 972 3295 babens
993 3222 1187 3297 Ricardum
1210 3223 1254 3295 de

183 3338 415 3423 Montesorti,
446 3363 684 3438 magnamque
712 3339 980 3413 multitudinem
1009 3340 1251 3428 Francorum,

220 3559 259 3629 (ι)
273 3557 309 3611 Le
322 3554 458 3611 mercredi
472 3573 508 3629 29
519 3555 621 3611 levrier
637 3573 713 3629 1092.

220 3649 260 3718 (a)
276 3646 452 3701 Concernaut
462 3643 842 3717 Saint-Sulpioe-sur-Risle,
858 3662 941 3718 noyez
955 3644 1104 3712 odessus,
1122 3664 1149 3717 p.
1169 3647 1228 3720 198.

219 3733 260 3807 (3)
276 3733 300 3788 ΙΙ
314 3753 349 3788 ne
360 3733 420 3788 faut
437 3751 483 3806 pas
496 3732 598 3806 perdre
611 3732 645 3786 de
659 3751 711 3786 vue
725 3750 781 3807 que
795 3750 825 3787 ce
838 3751 951 3806 passage
962 3743 1005 3788 est
1017 3734 1088 3788 ecrit
1099 3750 1160 3788 vers
1175 3732 1250 3790 1135.

185 3825 244 3898 ltgy
260 3825 332 3879 avait
346 3823 445 3878 donet
460 3833 531 3877 cette
544 3826 652 3897 e'poque
666 3822 728 3895 plus
740 3822 775 3876 de
787 3834 922 3897 quarante
934 3842 983 3878 ans
995 3842 1050 3897 que
1065 3825 1090 3879 la
1107 3825 1170 3897 paix
1187 3825 1252 3878 suli·

186 3913 275 3967 sistait
292 3921 371 3967 entre
390 3911 429 3966 les
448 3915 552 3966 comtes
570 3909 608 3964 du
627 3911 734 3965 Percbe
753 3920 782 3964 et
800 3910 839 3965 les
854 3911 998 3984 seignenrs
1015 3910 1050 3966 de
1067 3911 1170 3986 Laigle.
1191 3913 1254 3967 Une

185 4002 302 4057 alliance
321 4000 355 4055 de
376 4001 399 4055 si
418 4000 521 4074 longue
539 3999 625 4054 duree
638 4000 705 4054 etait
721 3999 786 4054 bien
801 4017 864 4054 rere
876 4003 891 4054 t
903 4011 976 4055 cette
991 4003 1100 4075 epoque
1114 4004 1202 4074 parmi
1216 4002 1255 4056 les

185 4089 330 4163 seigneurs
346 4087 511 4156 normands,
527 4088 655 4159 toujours
668 4087 772 4159 pretet
787 4105 939 4162 guerruyer
950 4088 1101 4144 ensemble

221 4182 260 4249 (l)
274 4180 355 4234 Cette
368 4180 488 4233 senisine
502 4178 572 4232 avait
586 4180 748 4232 conamence‘e
760 4177 785 4233 le
798 4177 947 4234 dimanebe
959 4195 993 4232 22
1007 4179 1117 4234 lessies.

964 4490 982 4522 δ
