2888 4934
183 419 510 498 [11111101011111098]
585 415 702 477 LIBER
724 415 863 476 NONUS.
1198 423 1259 480 555

184 548 389 621 imminenti
407 528 598 620 certioreni
616 545 867 621 reddiderunt.
892 549 1043 622 Interim
1065 549 1174 622 sumes
1197 552 1258 623 in-

184 662 406 752 valescebat,
439 678 475 736 et
499 663 611 736 timor
645 665 850 737 'lurcorum
880 663 988 737 corda
1020 665 1258 762 pavitantium

185 781 303 856 adbuc
337 783 562 882 aliquatenus
598 780 773 854 evirabat.
811 780 993 872 Tandem,
1036 782 1262 857 sacerdotum

185 899 325 991 edicto,
346 899 555 972 triduanum
577 901 755 999 jejunium
777 900 1038 999 expleverunt,
1056 900 1259 999 processio-

185 1043 249 1091 nes
263 1044 329 1117 per
341 1019 503 1091 ecclesias
516 1044 600 1091 cum
612 1018 768 1091 Letaniis
782 1016 1028 1107 celebrarunt,
1043 1034 1080 1091 ct
1093 1017 1260 1090 Christia-

186 1160 322 1208 norum
338 1136 488 1235 singuli,
509 1152 736 1211 sacrosancto
763 1136 896 1210 viatico
925 1138 1075 1226 muniti,
1102 1163 1260 1236 pugnam

185 1251 460 1327 ordinaverunt.
483 1254 628 1352 Septem
648 1255 759 1354 igitur
777 1255 868 1328 acies
886 1255 922 1326 in
943 1256 1015 1353 ipsa
1040 1253 1131 1328 urbe
1155 1282 1260 1354 para-

186 1386 331 1443 verunt.
905 1392 906 1395 ’

131 1581 134 1588 ¹
236 1489 278 1560 ln
297 1490 414 1586 prima
441 1489 516 1562 acie
532 1490 607 1563 tuit
631 1491 738 1590 Hugo
762 1490 933 1589 Magnus,
963 1516 1047 1563 cum
1073 1488 1260 1563 Rodberto

187 1604 397 1679 Flandrensi
411 1609 557 1696 comite,
569 1624 606 1680 et
616 1633 690 1680 xxx
704 1607 865 1680 millibus
873 1607 1099 1681 Francorum
1108 1623 1145 1679 et
1157 1606 1262 1678 Flan-

184 1723 384 1797 drensium.
407 1727 448 1797 ln
484 1724 639 1799 secunda
662 1724 885 1799 God'esredus
903 1724 997 1813 dux,
1022 1751 1104 1797 cum
1129 1727 1260 1796 Eusta-

187 1838 269 1914 cbio
292 1843 403 1913 fratre
426 1867 511 1932 suo,
537 1859 574 1915 et
596 1843 748 1916 Conone
774 1842 905 1916 comite
927 1842 1000 1940 (1),
1019 1856 1057 1913 et
1077 1866 1152 1914 xxx
1173 1841 1260 1912 mil-

186 1955 283 2029 libus
316 1959 597 2032 sortissimorum
633 1959 853 2033 bellatorum
892 1958 937 2031 de
977 1957 1186 2031 Alemannis
1225 1972 1262 2029 et

187 2075 420 2175 botharingis
453 2093 489 2148 et
518 2075 809 2149 Bolouiensibus.
845 2077 888 2148 ln
919 2076 1024 2148 tertia
1055 2074 1261 2149 Rodbertus

187 2191 262 2264 dux
277 2192 590 2283 Normannorum,
606 2219 689 2266 cum
702 2218 750 2266 xv
763 2191 911 2265 milibus
923 2191 1259 2282 cenomannorum,

190 2307 493 2408 Andcgnvomm,
522 2310 717 2383 Britonum
745 2325 782 2383 et
810 2309 1032 2409 Anglorum.
1064 2311 1107 2383 ln
1134 2325 1262 2410 quarta

189 2425 419 2516 N’Aimarus,
436 2427 624 2502 Podicnsis
634 2429 834 2527 episcopus,
851 2454 933 2500 cum
947 2428 1024 2500 aliis
1036 2428 1210 2526 episcopis
1227 2441 1264 2498 et

188 2545 363 2621 ordinatis
372 2577 381 2635 ;
400 2573 484 2619 cum
497 2545 629 2646 quibus
643 2562 721 2621 erat
741 2548 868 2620 Petrus
884 2546 1069 2619 Abraham
1078 2601 1088 2635 ,
1104 2546 1167 2646 qui
1181 2570 1264 2643 por-

187 2662 286 2735 tabat
303 2663 447 2735 Domini
467 2662 629 2735 lanceam
646 2665 720 2761 (2),
736 2687 846 2762 quam
863 2661 1060 2734 Christiani
1079 2661 1146 2732 sibi
1165 2686 1264 2758 prae-

187 2779 274 2851 ferri
298 2775 569 2866 desiderabant,
590 2793 627 2850 ct
647 2776 858 2876 'praesidinm
887 2792 924 2850 et
948 2791 1192 2850 tutamentum
1213 2775 1263 2847 ibi

189 2921 363 2994 magnum
379 2893 586 2967 credebant.
603 2896 644 2967 ln
659 2894 784 2995 quinta
799 2893 996 2967 Rainaldus
1010 2895 1080 2993 (3),
1093 2895 1265 2989 strenuis·

227 3135 267 3205 (1)
285 3132 400 3199 Conon,
420 3133 544 3205 premier
559 3141 651 3187 comte
667 3131 703 3186 dc
719 3132 866 3205 Montaigu
882 3132 933 3207 qui
949 3135 1005 3188 soit
1018 3133 1181 3188 mentionne
1198 3133 1267 3188 dans

192 3221 346 3290 l’bistoire,
369 3223 437 3276 etait
457 3221 500 3276 fils
522 3221 558 3277 de
578 3221 722 3290 Gonnos,
746 3232 838 3277 comte
859 3221 894 3277 de
918 3222 1056 3288 Bcnscm,
1080 3222 1129 3297 qui
1152 3233 1269 3279 mourut

193 3332 229 3368 en
244 3312 326 3382 1064,
341 3323 370 3367 et
381 3304 599 3368 d'Erineutrude
612 3312 647 3367 de
661 3314 813 3369 Hansszrr.
827 3312 936 3386 Malgre'
948 3312 975 3368 le
988 3313 1090 3369 silence
1103 3313 1153 3368 des
1167 3315 1268 3385 genea-

194 3403 308 3475 logistes
327 3403 471 3477 Francais,
490 3401 510 3456 il
530 3402 621 3475 paralt
638 3413 767 3458 constant
783 3421 839 3478 quc
859 3403 956 3460 Conon
974 3403 1043 3458 etait
1057 3402 1219 3458 beau-frere
1233 3402 1269 3458 de

195 3492 331 3549 Godelroi
350 3505 379 3548 et
397 3493 433 3548 de
450 3492 609 3560 baudouin,
632 3512 682 3566 par
702 3512 751 3548 son
768 3493 891 3566 mariage
907 3511 971 3548 avec
992 3492 1053 3549 leur
1069 3480 1147 3548 'soeur
1165 3490 1216 3548 Ide
1234 3493 1269 3548 de

196 3582 350 3656 Boulogne.
372 3584 413 3639 Ce
430 3585 571 3658 seigneur,
592 3586 642 3658 qui
663 3584 830 3658 parasceue
849 3603 952 3640 revenu
969 3583 1005 3638 de
1025 3584 1050 3639 la
1070 3585 1270 3641 Terre-sainte

197 3691 261 3727 avec
274 3690 323 3727 son
338 3672 380 3728 fils
392 3674 523 3729 Lambert
535 3684 565 3730 et
576 3675 672 3730 Pierre
684 3674 825 3743 l'Errnitc,
841 3694 876 3730 en
894 3694 974 3744 1101,
989 3685 1105 3730 mourut
1116 3674 1142 3730 le
1155 3671 1191 3731 30
1202 3674 1270 3730 avril

200 3762 281 3829 1105,
302 3780 336 3816 an
350 3764 469 3819 chalteau
482 3764 518 3820 de
530 3765 651 3820 Dotnrns
665 3783 730 3821 sous
743 3765 840 3840 Lie'ge,
854 3776 883 3821 et
894 3766 938 3821 lut
951 3767 1063 3821 enterre‘
1075 3768 1090 3820 ὲ
1104 3766 1220 3821 Dinaut.
1234 3768 1271 3821 Le

197 3852 315 3906 chfiteau
330 3852 366 3906 de
380 3852 526 3925 lllontaigu
542 3855 611 3910 etait
624 3855 697 3910 sitne
713 3874 749 3910 au
762 3854 834 3910 bord
849 3855 885 3910 de
900 3853 1047 3925 rotrahe,
1063 3866 1144 3912 entre
1157 3855 1271 3910 Mar-che

197 3952 226 3997 et
240 3943 275 3996 La
290 3942 401 4010 Roche,
417 3941 485 3999 dans
497 3942 522 3997 la
533 3944 667 4016 pmvince
678 3944 714 3999 de
727 3943 933 4016 Luaembourg.

234 4035 273 4103 (n)
290 4034 390 4087 C’etait
404 4032 560 4087 l’bistorien
578 4033 719 4088 Raimond
736 4032 874 4106 d’Agiles‚
892 4032 1030 4089 chanoine
1043 4033 1081 4088 du
1096 4036 1149 4090 Pul
1163 4045 1192 4090 et
1204 4035 1271 4089 cha-

123 4172 134 4183 „
198 4122 289 4194 pclain
302 4121 483 4190 ‹l'Adhcnia1·,
498 4124 547 4196 qui
562 4125 667 4196 portait
679 4123 705 4178 la
718 4124 806 4179 sainte
820 4126 919 4180 lance.

235 4212 274 4285 (3)
286 4216 350 4270 Ccci
363 4226 404 4270 cst
417 4216 531 4270 inexact.
547 4214 569 4270 ll
582 4216 627 4288 n'y
640 4226 687 4271 cut
698 4215 767 4271 dans
779 4215 908 4296 l’opiginc
919 4235 974 4290 quc
989 4218 1028 4272 six
1041 4234 1122 4290 corps
1135 4215 1270 4270 d'armc'c:
