2888 4934
67 420 176 500 [1094]
440 417 557 477 num
578 414 767 480 00111111.
1082 383 1140 479 ns

65 553 229 626 Tandem
240 552 420 651 Philippo,
437 552 512 650 regi
527 552 764 637 Francorum,
782 575 844 622 ncc
859 550 969 623 libras
982 554 1139 652 pepigit,

64 669 311 762 etRodberto,
325 668 405 740 duci
421 668 732 755 Normannorum,
747 667 896 766 aliisque
907 666 1073 763 pluribus
1088 671 1142 741 in-

68 804 213 888 gentem
229 786 418 885 pecuniam
436 785 622 883 promisit,
642 786 669 855 si
688 782 842 855 fideliter
859 782 925 853 sibi
944 783 1142 857 adminicu-

67 905 245 995 larentur,
267 921 303 976 et
323 903 467 975 hostiles
485 904 598 1001 copiae
616 901 883 1001 subigerentur.

116 1025 244 1123 Igitur,
259 1020 562 1121 Quadragesimali
579 1037 743 1118 tempore
763 1021 793 1118 (t
804 1023 831 1112 ),
853 1045 918 1092 rex
929 1021 1090 1093 Franciae
1106 1038 1142 1093 et

66 1142 139 1213 dux
169 1141 405 1214 Normanniae
433 1138 707 1212 Brehervallum
739 1137 982 1227 obsederunt,
1019 1138 1142 1238 ibique

65 1259 140 1331 sere
161 1257 302 1331 duobus
324 1256 508 1328 mensibus
530 1255 801 1328 laboraverunt.
828 1256 918 1328 Illuc
942 1255 1140 1353 presbyteri

67 1402 149 1448 cum
168 1374 395 1474 parochianis
411 1375 481 1446 suis
494 1374 623 1446 vexilla
642 1374 824 1461 tulerunt,
843 1388 880 1444 et
896 1371 1042 1444 abbates
1059 1399 1142 1445 cum

67 1493 275 1567 bominibus
287 1493 357 1565 suis
369 1495 481 1566 coacti
492 1509 741 1565 convenerunt
755 1493 822 1590 (a).
836 1492 927 1563 Illuc
937 1491 1141 1564 Radbertus

64 1613 298 1685 Belcsmensis
317 1612 641 1711 ingeniosissimum
661 1609 835 1682 artificem
853 1608 1021 1699 adduxit,
1044 1613 1141 1710 cujus

66 1730 249 1830 ingeniosa
271 1732 439 1830 sagacitas
457 1729 500 1801 ad
520 1729 732 1828 capiendam
748 1730 947 1803 Jerusalem
975 1729 1144 1801 Christia-

66 1848 124 1919 nis
140 1848 305 1944 proiecit.
329 1848 395 1920 llic
418 1847 599 1921 machinas
623 1850 844 1936 construxit,
869 1865 994 1920 contra
1014 1849 1142 1920 muni-

64 1981 231 2037 mentum
255 1964 385 2039 hostile
410 1992 517 2065 super
542 1966 678 2038 rotulas
702 1967 794 2066 egit,
821 1967 981 2064 ingentia
1002 1993 1083 2037 saxa
1105 1967 1140 2038 in

65 2082 240 2180 oppidum
273 2099 309 2154 et
339 2082 538 2181 oppidanos
568 2084 742 2182 projecit,
772 2080 966 2156 bellatores
993 2083 1142 2153 assultus

64 2196 152 2271 dare
172 2197 313 2287 docuit,
336 2201 466 2300 quibus
483 2201 619 2273 vallum
641 2217 679 2273 et
698 2226 797 2300 sepes
818 2201 1142 2299 circumcingentes
1248 2210 1250 2215 '

64 2313 198 2401 diruit,
219 2333 256 2388 et
274 2318 432 2389 culmina
450 2316 642 2389 domorum
663 2344 772 2416 super
790 2315 1032 2389 inhabitantes
1048 2316 1142 2416 deje-

65 2432 133 2522 cit,
153 2434 332 2533 tantisque
347 2433 609 2506 calamitatibus
627 2434 847 2507 adversarios
865 2435 909 2506 ad
922 2435 1142 2507 deditionem

65 2550 197 2648 coegit.
217 2550 328 2622 Vetus
345 2551 469 2623 odium
488 2553 583 2623 inter
600 2551 830 2624 Radbertum
847 2568 884 2624 et
900 2552 1067 2624 Goellum
1080 2552 1142 2624 diu

66 2692 135 2764 pro
148 2668 305 2766 antiquis
319 2667 478 2739 reatibus
497 2669 714 2756 inoleverat,
736 2669 903 2768 idemque
917 2669 1141 2757 Radbertus,

65 2798 107 2853 ut
126 2798 269 2882 tempus
291 2783 437 2857 ultionis
458 2801 707 2882 opportunum
729 2784 887 2872 viderat,
907 2784 1142 2857 Guillelmum

65 2897 328 2973 Bretoliensem
342 2902 495 2973 consilio
508 2917 545 2971 et
555 2901 706 2990 auxilio,
723 2901 804 2999 plus
821 2927 929 3000 quam
943 2926 1068 2973 omnes
1082 2900 1141 2971 alii

65 3041 169 3113 pares
183 3018 251 3105 sui,
268 3017 466 3116 adjuverat.
480 3018 627 3093 Goellus
642 3036 760 3091 autem
771 3017 909 3116 probus
926 3035 962 3090 et
973 3017 1140 3106 callidus,

64 3149 101 3205 et
132 3135 259 3233 praedo
290 3137 491 3237 malignus,
526 3137 828 3238 ecclesiarumque
861 3137 1018 3210 violator
1049 3154 1139 3209 erat.

65 3249 215 3325 Nobiles
228 3271 264 3326 et
279 3254 459 3327 animosos
475 3271 643 3352 parentes
659 3255 814 3327 habebat
823 3310 833 3342 ,
853 3281 1011 3355 quorum
1027 3254 1140 3328 admi·

64 3366 195 3438 niculis
219 3368 494 3441 Brehervallum
524 3372 558 3443 in
585 3370 723 3442 deserta
751 3387 787 3443 et
814 3372 966 3444 silvestri
994 3371 1142 3469 regione

62 3502 222 3558 castrum
251 3488 481 3574 firmaverat,
513 3505 549 3560 et
580 3491 878 3588 magnanimitate
907 3489 1143 3588 subsidiisque

63 3620 161 3676 tanta
177 3606 391 3703 praeliorum
402 3605 562 3704 pondera
573 3623 719 3679 strenue
730 3607 945 3706 pertulerat.
963 3608 1140 3707 Denique,

62 3734 105 3790 ut
122 3735 197 3792 tam
213 3749 364 3822 magnos
382 3724 563 3821 principes
580 3741 616 3796 ct
632 3725 814 3796 animosos
828 3723 894 3795 sibi
913 3747 1142 3822 summopere

64 3920 640 3933 *mm--..w
645 3928 651 3933 .
667 3926 816 3933 *mu-
823 3926 1136 3937 --·-·--————--—-—-·

97 4044 138 4114 11)
152 4044 282 4099 Pendant
295 4045 322 4099 le
336 4046 446 4101 carente
461 4046 496 4100 dc
515 4050 592 4119 ¹⁰94·

97 4133 139 4204 (a)
152 4133 206 4187 Ces
223 4133 323 4188 dc'tails
339 4137 500 4206 pre'scntent
514 4146 577 4188 tous
591 4134 631 4188 les
645 4136 798 4188 caracteres
815 4134 898 4189 d’nnc
917 4134 991 4190 lcree
1006 4154 1040 4189 en
1058 4150 1144 4187 masso

63 4223 221 4295 organisec.
