2888 4934
182 399 269 486 [nov.
289 408 379 482 1095]
581 403 698 464 uren
719 402 857 462 uorsus.
1194 400 1252 462 ⁴65

184 555 341 611 tecosten
352 535 564 608 celebretur!
572 535 632 605 Ab
641 534 810 606 Adventu
819 533 968 605 Domini
977 556 1089 630 usque
1096 530 1254 603 adacta-

186 681 250 728 oas
262 652 505 755 Epiphaniae,
521 668 555 723 et
572 678 597 722 a
614 649 897 752 Septuagesima
911 674 1025 748 usque
1040 647 1256 720 edocturus

188 771 368 859 Paschae,
387 788 421 842 et
439 771 599 871 aprima
618 769 678 841 die
697 769 946 866 Rogationum
960 792 1073 865 usque
1089 765 1143 838 ad
1155 781 1257 837 octa·

188 915 251 961 vas
268 891 525 975 Pentecosten,
542 903 575 958 et
589 889 688 958 omni
700 904 854 984 tempore
869 911 895 957 a
910 881 1148 984 quartaferia
1164 890 1258 957 occi·

188 1006 294 1077 dente
314 1006 389 1076 sole
416 1030 528 1102 usque
551 1004 604 1075 ad
625 1003 824 1074 secundam
833 999 979 1100 seriam
1000 1002 1136 1073 oriente
1160 1001 1255 1091 sole,

188 1123 298 1194 trevia
308 1123 382 1192 Dei
389 1121 634 1192 custodiatur!
646 1119 720 1218 Qui
730 1121 941 1220 episcopum
953 1122 1098 1220 ceperit,
1110 1121 1258 1192 omnino
1304 1131 1308 1139 “

188 1236 297 1308 ealea
331 1235 530 1307 habeatur!
564 1235 641 1334 Qui
668 1234 900 1337 moncellos,
918 1234 977 1307 oel
1001 1234 1172 1324 elericos,
1202 1237 1262 1308 uel

188 1354 486 1428 sanctimoniales
511 1371 545 1425 et
571 1380 695 1426 corum
712 1355 860 1426 comites
881 1357 1033 1454 ceperit,
1058 1353 1120 1424 vel
1140 1380 1259 1453 expo-

189 1470 350 1560 liaverit,
365 1471 565 1543 anatliema
586 1472 652 1541 sit!
674 1470 752 1568 Qui
765 1472 1016 1568 episcoporum
1035 1471 1261 1543 morientium

188 1590 311 1679 bona,
329 1591 390 1662 uel
407 1591 639 1678 clericorum,
659 1589 871 1688 diripuerit,
890 1587 1089 1660 anatliema
1101 1592 1165 1661 sit!
1186 1589 1263 1688 Qui

189 1736 307 1807 usque
332 1710 385 1779 ad
400 1712 590 1808 septimam
606 1711 871 1805 generationem
889 1709 1204 1806 consanguinitati
1225 1734 1264 1779 se

191 1826 434 1927 copulaverit,
450 1825 648 1899 anathema
661 1827 728 1897 sit!
742 1825 864 1898 Nemo
878 1828 915 1896 in
929 1828 1137 1927 episcopum
1150 1826 1263 1926 eliga-

192 1959 263 2030 tur,
279 1944 354 2014 nisi
363 1958 429 2012 aut
440 1941 641 2042 presbyter,
657 1957 725 2013 aut
736 1940 918 2012 diaeonus
930 1941 1009 2038 (1),
1029 1960 1096 2014 aut
1106 1943 1264 2016 subdia-

191 2085 324 2146 conus,
354 2077 388 2131 et
422 2063 485 2132 cui
513 2060 676 2156 dignitas
715 2058 897 2130 natalium
921 2058 1156 2158 suffragetur,
1191 2065 1267 2135 nisi

191 2179 361 2249 maxima
374 2180 588 2251 necessitate
599 2193 633 2250 et
646 2177 797 2251 licentia
810 2177 945 2248 summi
951 2177 1158 2279 pontificis!
1171 2179 1268 2252 Filii

188 2292 499 2392 presbyterorum,
516 2294 576 2366 nel
588 2293 896 2384 concubinarum,
913 2292 966 2366 ad
976 2295 1266 2395 presbyteratum

192 2437 268 2483 non
296 2411 554 2511 provehantur,
583 2414 658 2483 nisi
677 2414 785 2512 prius
824 2413 877 2483 acl
908 2411 1118 2512 religiosam
1148 2416 1268 2486 vitam

192 2530 419 2601 transierint!
441 2529 519 2628 Qui
530 2529 585 2602 ad
603 2530 818 2616 ecclesiam,
834 2529 894 2601 uel
905 2529 960 2601 ad
974 2556 1117 2603 crucem
1134 2528 1267 2630 coeffe-

189 2649 302 2742 gerit,
324 2654 357 2719 sr'
372 2673 455 2719 reus
471 2665 540 2737 est,
558 2648 649 2719 data
672 2651 889 2745 impunitate
906 2652 993 2719 aitte
1011 2648 1069 2720 vel
1083 2648 1267 2722 membro-

193 2788 288 2849 rum,
298 2765 454 2863 J'ustitiee
467 2763 659 2850 reddatur,
671 2768 703 2834 si
717 2766 904 2850 innocens,
919 2763 1105 2837 liberetur!
1123 2766 1267 2866 Corpus

192 2881 428 2952 Dominicum
455 2899 488 2954 et
511 2886 659 2977 sanguis
684 2882 903 2953 Dominicus
928 2881 1144 2978 siugulatim
1159 2890 1267 2957 aeci-

188 3001 344 3100 piatur!
365 3000 602 3099 Unaqueeqae
615 3000 768 3072 ecclesia
783 2998 948 3072 decimas
961 3027 1049 3073 suas
1062 3000 1212 3090 lrabeat,
1234 3020 1269 3075 et

193 3119 320 3188 nonin
335 3118 485 3189 alterius
497 3118 660 3190 ecclesiae
667 3119 753 3215 jus,
769 3116 928 3216 quolibet
939 3117 1069 3208 dante,
1086 3124 1267 3192 transeat!

194 3232 331 3305 laicus
350 3234 512 3306 decimas
524 3261 592 3306 nec
608 3234 768 3322 vendat,
788 3261 856 3306 nec
871 3237 1041 3308 retineat!
1059 3238 1136 3310 Pro
1150 3237 1268 3337 sepul·

194 3364 280 3420 tura
307 3369 530 3424 mortuorum
551 3368 702 3450 paetum
722 3359 881 3452 pretium
899 3378 972 3424 non
992 3355 1180 3449 exigatur,
1202 3370 1268 3425 aut

192 3466 315 3540 detur!
324 3469 460 3542 Nullus
464 3470 675 3570 principum
685 3470 864 3542 laicorum
875 3469 1109 3570 capellanum
1121 3469 1265 3561 lrabeat,

195 3589 271 3658 nisi
283 3586 330 3658 alr
346 3591 513 3688 episcopo
528 3587 677 3661 datam!
696 3587 848 3686 Quodsi
865 3592 903 3658 in
917 3587 1043 3688 aliquo
1057 3587 1263 3687 offenderit,

193 3703 245 3775 ab
263 3705 436 3804 episcopo
452 3707 675 3804 corrigatur,
694 3723 730 3778 et
746 3705 841 3777 alter
853 3705 1070 3805 subrogetur
1084 3708 1140 3803 (2)
1156 3705 1164 3775 l

231 4021 423 4093 (1)Grigoire
437 4024 495 4078 VII
507 4024 602 4078 n'e'tait
614 4042 668 4097 que
681 4023 774 4078 diacre
787 4024 882 4098 quand
897 4024 916 4079 ἰΙ
930 4025 973 4078 fut
986 4023 1030 4079 clu
1046 4045 1126 4099 papo.

232 4111 273 4181 (α)
287 4109 310 4165 ll
323 4129 358 4164 ne
371 4111 429 4166 faut
442 4131 491 4185 pas
503 4114 592 4168 croire
604 4132 659 4187 que
673 4114 712 4168 les
727 4124 800 4169 actes
813 4114 852 4169 du
865 4115 972 4170 concile
987 4115 1023 4170 dc
1036 4116 1182 4172 clermont
1197 4118 1272 4171 aient

199 4200 358 4256 elaboratis
370 4203 385 4254 'a
397 4219 428 4256 ce
442 4203 511 4275 petit
521 4204 637 4259 nombre
646 4203 681 4260 de
693 4222 810 4274 canons;
820 4205 840 4262 il
851 4205 940 4279 paralt
948 4205 1029 4281 qu’ils
1043 4208 1148 4261 etaient
1161 4226 1196 4261 au
1205 4226 1272 4262 con·

280 4315 336 4360 ιιι.
1078 4300 1124 4370 30
