2888 4934
83 399 174 473 [vaae
191 397 282 472 1099]
477 395 593 456 LIBER
615 395 752 456 NONUS.
1091 394 1145 454 591

83 526 311 627 duplicesque
324 528 495 626 lacrymas
504 529 952 626 profunderemeruerunt.
966 528 1153 627 Angustia·

84 644 264 733 batillos,
286 644 385 746 quod
405 646 676 744 inopinabiliter
700 647 828 718 Franci
848 645 955 743 potiti
972 662 1056 717 sunt
1071 663 1153 718 tro·
1220 711 1223 716 .

84 764 203 862 pharo.
220 764 464 837 Contristabat
474 789 534 838 eos
547 766 785 838 cisternarum
800 789 958 850 suarum,
976 788 1062 862 quas
1076 790 1153 834 ma-

85 882 147 979 gni
163 878 389 979 pendebant,
403 882 675 980 sanguinolenta
698 878 861 953 foedatio.
879 879 1053 952 Exterriti
1071 895 1155 950 sunt

86 998 197 1098 igitur
214 1023 324 1097 usque
340 997 384 1071 ad
399 996 637 1072 desectionem
650 998 885 1096 Tripolitani,
903 1013 940 1070 et
955 998 1031 1068 sine
1051 995 1153 1068 obsi·
1189 1067 1196 1079 ,

84 1115 195 1187 dione
211 1115 361 1203 obsessi,
381 1117 532 1188 ulterius
548 1141 623 1188 non
642 1114 823 1187 audebant
839 1115 994 1187 civitatis
1010 1128 1153 1210 portam

86 1232 221 1332 egredi.
237 1234 548 1331 Tripolitanorum
562 1232 706 1304 finitimi
721 1232 852 1304 eisdem
863 1228 1155 1330 percellebantur

87 1350 302 1422 infortuniis.
318 1350 462 1437 Franci,
475 1347 736 1446 gratulabunda
750 1349 855 1445 potiti
870 1348 1035 1433 victoria,
1054 1345 1154 1442 hym-

88 1469 242 1537 nizantes
255 1467 344 1555 Deo,
359 1468 492 1538 reversi
507 1464 645 1538 suntad
662 1491 755 1538 suos.
773 1464 897 1537 Altera
910 1489 998 1537 vero
1011 1462 1069 1536 die
1082 1464 1155 1535 mi-

87 1582 165 1654 lites
181 1581 225 1655 de
242 1583 402 1656 exercitu
418 1585 672 1682 equitaverunt
687 1585 782 1656 ultra
797 1583 927 1654 vallem
944 1582 988 1654 de
1005 1582 1086 1654 Sem
1100 1582 1154 1679 (ι)

85 1695 331 1795 depraedatum
345 1716 498 1787 terram,
520 1715 556 1773 et
570 1700 726 1788 inventis
741 1699 859 1772 bobus
879 1714 914 1771 et
931 1698 1056 1783 asinis,
1075 1697 1156 1769 ovi-

86 1813 153 1886 bus
177 1832 214 1887 et
235 1816 400 1905 camelis,
432 1842 587 1916 quorum
616 1818 684 1889 luit
714 1840 887 1889 numerus
916 1815 991 1888 lere
1016 1813 1059 1886 ad
1088 1813 1156 1885 tria

87 1931 221 2019 millia,
237 1949 334 2003 tanta
352 1935 471 2006 onusti
491 1933 631 2031 praeda,
647 1960 730 2006 cum
744 1930 875 2031 gaudio
891 1946 1099 2003 remearunt
1113 1929 1157 2000 ad

87 2072 147 2116 sua
166 2063 293 2118 castra.
316 2046 493 2120 Sederunt
518 2050 629 2146 igitur
648 2048 692 2119 ad
709 2048 893 2120 castellum
912 2045 1031 2118 Arche
1051 2047 1157 2143 (nam

89 2164 196 2235 nimis
221 2181 298 2237 crat
325 2165 625 2265 inexpugnabile)
659 2164 775 2238 tribus
803 2165 985 2237 mensibus
1014 2179 1050 2235 et
1085 2189 1155 2234 una

88 2281 145 2354 die
159 2283 227 2380 (a)
240 2282 641 2357 Celebravcruntetiam
652 2283 701 2355 ibi
716 2282 846 2355 Pascha
856 2281 1003 2354 Domini
1017 2293 1067 2353 1v⁰
1078 2277 1156 2350 idus

88 2397 211 2494 aprilis
235 2399 304 2495 (3).
330 2397 446 2472 Nares
469 2399 568 2472 enim
585 2397 878 2471 Christianorum
899 2395 942 2469 ad
964 2394 1156 2497 quemdam

88 2514 337 2611 applicuerant
347 2531 510 2613 portum,
523 2515 606 2587 satis
619 2531 752 2601 tutum,
769 2530 806 2586 et
819 2513 963 2586 castello
976 2512 1137 2583 vicinum
1145 2538 1156 2597 ;

89 2655 170 2728 quae
212 2629 527 2728 suppeditaverant
570 2630 808 2704 castrensibus
854 2622 1077 2700 frumentum
1124 2644 1160 2698 et

91 2748 233 2836 vinum,
250 2772 390 2820 caseum
412 2764 449 2820 et
465 2747 606 2833 oleum,
624 2747 743 2819 sabam
763 2763 798 2818 et
815 2744 975 2831 lardum,
995 2761 1031 2816 ct
1050 2744 1159 2815 totius

91 2862 263 2935 ubertatis
279 2880 492 2936 mercatum.
508 2864 735 2963 Frequenter
751 2863 860 2934 etiam
872 2862 1060 2959 regionem
1074 2884 1161 2955 opu-

93 2982 226 3053 lentam
242 2979 489 3079 depraedatum
504 2978 795 3080 egrediebantur,
811 2979 982 3080 quoniam
998 3003 1062 3049 sno
1083 2975 1161 3047 nul·

92 3098 230 3171 latenas
245 3115 331 3170 voto
344 3096 602 3198 fraudabantur
610 3127 621 3187 3
638 3097 687 3170 ob
707 3097 742 3169 id
757 3097 913 3169 laetiores
926 3092 1160 3167 reverteban-

93 3232 165 3302 tur,
186 3216 388 3314 iterumque
406 3214 449 3288 ad
475 3214 750 3289 discurrendum
767 3213 1013 3313 vehementius
1028 3212 1160 3284 incita·
1236 3306 1239 3311 ἱ

92 3331 225 3405 bantur
252 3334 319 3431 (4).
345 3333 452 3405 Multi
476 3334 583 3406 etiam
601 3331 891 3405 Christianorum
909 3329 957 3402 ibi
982 3327 1159 3427 perempti

128 3641 166 3707 (ι)
183 3640 264 3694 Cette
280 3641 378 3708 vallae,
398 3640 468 3695 dont
481 3641 507 3695 lc
523 3658 589 3694 nom
605 3649 648 3694 est
663 3639 733 3693 e'crit
748 3637 933 3692 dnouement
946 3635 1014 3688 dans
1026 3633 1066 3688 les
1079 3633 1161 3687 recits

94 3727 165 3780 dela
180 3729 316 3799 premibre
328 3729 452 3783 croisade
466 3753 472 3783 ε
485 3731 571 3784 vallis
584 3728 619 3782 de
630 3729 711 3796 Leni,
727 3726 763 3781 de
775 3727 851 3793 Sem,
865 3725 901 3780 de
913 3724 1016 3791 Issem,
1030 3734 1072 3778 est
1081 3742 1161 3777 men·

95 3819 207 3870 tionnee
221 3837 271 3889 par
284 3836 403 3891 presque
414 3830 477 3874 tous
489 3820 529 3873 les
542 3819 701 3874 historiens.
716 3818 812 3889 Voyez
824 3815 975 3884 ci-dessus,
989 3833 1016 3887 p.
1031 3813 1092 3869 586.

130 3909 168 3977 (a)
181 3908 285 3978 Depuis
296 3908 323 3960 le
340 3912 370 3972 14
383 3926 420 3961 ou
436 3907 578 3963 15se'nte1·
588 3909 718 3981 jusqu'au
735 3905 767 3963 13
781 3906 845 3960 mai.

130 3996 167 4066 (3)
186 3997 222 4050 Lc
239 4017 269 4051 ιο
282 3998 360 4051 avril.

132 4087 169 4156 (t)
192 4090 216 4140 Α
237 4106 271 4139 eu
291 4088 381 4140 croire
401 4097 480 4140 notre
500 4097 610 4151 autem,
635 4084 814 4140 l'abondance
833 4085 924 4139 aurait
943 4085 1029 4155 regne
1050 4081 1118 4134 dans
1137 4077 1163 4130 le

95 4192 174 4245 camp
186 4173 234 4227 des
247 4173 531 4246 Cln·c'tiens·'pcntlant
545 4174 571 4229 le
583 4176 658 4247 siege
669 4173 811 4243 d'Archis,
824 4173 916 4230 taudis
927 4173 1009 4248 qu‘au
1023 4167 1162 4225 contraire
