2888 4934
287 446 304 502 8
559 443 743 504 HISTORIA
765 442 1072 504 Rectustasrtcl.

287 574 335 646 ibi
350 577 647 665 sanctimoniales,
662 578 747 648 etin
762 576 825 648 Dei
841 577 940 649 cultu
955 574 1048 649 bene
1061 596 1346 675 perseverarunt.

332 690 415 763 Post
427 692 577 791 longum
592 708 744 789 tempus,
758 719 776 763 a
791 691 922 764 Carolo
935 692 1066 764 accitus
1077 693 1092 789 (
1101 695 1146 790 ι),
1163 692 1348 765 Franciam

283 808 450 905 expetiit,
472 825 508 881 et
526 807 723 882 honorilice
747 825 944 905 susceptus,
966 834 1002 880 se
1025 809 1245 881 monachum
1271 809 1347 882 fieri

282 924 374 997 velle
389 921 595 996 denudavit.
613 924 689 998 Rex
708 925 758 996 illi
776 951 858 996 cum
871 925 993 996 multis
1004 923 1146 997 fletibus
1160 928 1345 1017 concessit,

282 1055 317 1112 et
335 1038 379 1111 de
396 1037 566 1111 thesauris
580 1040 649 1111 suis
665 1037 839 1140 quidquid
854 1041 974 1130 vellet,
995 1039 1039 1113 ad
1054 1042 1237 1114 ecclesiam
1249 1069 1348 1114 suam

281 1154 419 1229 deserrc
436 1157 551 1256 jussit.
571 1155 784 1229 Guillelmus
805 1173 924 1230 autem
945 1183 1069 1230 omnes
1086 1175 1246 1231 terrenas
1263 1183 1349 1257 cpes

282 1273 417 1370 respuit
425 1301 436 1362 ;
464 1270 525 1345 sed
548 1270 806 1370 phylacterium
833 1270 1034 1372 quoddam,
1063 1289 1193 1344 sanctae
1225 1274 1349 1345 Crucis

283 1388 421 1486 liguum
433 1389 638 1478 continens,
655 1389 841 1487 requisivit
857 1406 893 1462 et
906 1388 1077 1462 obtinuit.
1095 1390 1188 1463 Illud
1202 1417 1345 1488 nempe,

280 1504 368 1577 dum
385 1505 541 1578 Carolus·
548 1531 613 1578 rex
626 1507 746 1604 primo
763 1532 860 1579 anno
878 1508 1018 1605 imperii
1030 1510 1083 1579 sui
1096 1508 1221 1582 Romae
1233 1536 1349 1583 mora·

281 1636 401 1712 retur,
427 1622 770 1720 Hierosolymitanus
801 1622 1002 1721 patriarcha
1027 1649 1093 1721 per
1119 1625 1345 1710 Zachariam,

281 1741 403 1838 magni
434 1740 628 1812 testimonii
653 1738 896 1826 sacerdotem,
928 1742 1188 1813 transmiserat.
1217 1742 1346 1815 Audita

177 1873 187 1882 “
280 1857 480 1929 mutatione
497 1857 681 1930 Guillelmi
699 1873 771 1931 tota
791 1855 919 1930 domus
937 1859 1033 1958 regia
1052 1861 1254 1959 consurgit,
1273 1886 1348 1934 om·

281 1974 408 2072 nisque
422 1974 544 2046 civitas
557 1973 676 2047 subito
692 1975 780 2047 ruit.
800 1973 909 2047 Adest
927 2001 1054 2075 magna
1073 2002 1265 2075 procerum
1280 1981 1348 2050 sre-

280 2090 445 2190 quentia,
460 2107 497 2161 et
513 2090 658 2188 plorans
675 2092 786 2163 intrat
800 2117 883 2164 cum
900 2093 1088 2181 violentia,
1107 2092 1347 2168 etGuillelmo

280 2232 325 2280 ne
343 2205 483 2280 deserat
499 2233 559 2281 eos
574 2209 750 2307 supplicat
764 2235 846 2281 cum
863 2207 1009 2308 lugubri
1025 2209 1263 2309 querimonia.
1282 2211 1347 2282 lllc

265 2350 367 2398 -vero
384 2325 449 2398 Dei
465 2325 547 2424 igne
564 2329 717 2413 fervens,
739 2327 858 2400 omnia
877 2326 1042 2426 reliquit,
1062 2343 1192 2400 etcum
1209 2328 1346 2426 ingenti

275 2443 421 2517 honore
448 2442 639 2533 deductus,
664 2442 835 2516 omnibus
854 2444 1034 2530 valefecit,
1057 2443 1273 2544 demumque
1301 2443 1347 2516 ab

278 2561 437 2633 exercitu
452 2561 676 2634 Francorum
689 2587 771 2633 cum
784 2561 949 2657 lacrymis
961 2562 1161 2658 suspirante
1175 2561 1343 2634 discessit.

279 2675 337 2749 Ad
352 2679 596 2751 Brivatensem
623 2678 742 2750 vicum
766 2678 818 2774 (2)
837 2679 1067 2774 perveniens,
1089 2706 1187 2751 arma
1215 2707 1275 2752 sua
1303 2679 1343 2752 ad

279 2795 390 2868 altare
416 2797 527 2869 sancti
560 2795 694 2867 Juliani
720 2795 886 2892 martyris
912 2795 1019 2868 ollert
1046 2796 1119 2893 (5),
1147 2796 1283 2896 galcam
1310 2815 1345 2869 et

279 2911 508 3008 spectabilem
522 2914 685 3010 clypeum
700 2914 737 2985 in
751 2913 888 3010 templo
904 2911 948 2984 ad
964 2913 1143 2986 tumulum
1159 2916 1342 3012 martyris,

278 3025 365 3099 loris
373 3053 460 3100 vero
474 3027 517 3099 ad
532 3030 663 3101 ostium
673 3027 880 3126 pharetram
890 3045 926 3100 et
941 3056 1079 3120 arcum,
1097 3032 1221 3130 ingens
1234 3032 1345 3104 telum

277 3160 315 3216 et
329 3144 530 3216 versatilem
550 3142 708 3243 gladium
726 3144 801 3219 Deo
815 3162 1018 3243 praesentat.
1039 3146 1175 3219 Deinde
1189 3149 1346 3246 peregri-

278 3286 345 3334 nus
357 3261 490 3333 Christi
507 3287 574 3363 per
588 3262 817 3361 Aquitaniam
829 3261 873 3335 ad
888 3265 1145 3337 monasterium
1155 3283 1341 3362 properat,

313 3524 477 3596 (1JD’apres
492 3523 518 3578 la
538 3523 654 3596 legende
671 3524 821 3598 originale,
836 3541 867 3577 ce
883 3540 918 3576 ne
930 3522 973 3576 sut
988 3523 1068 3594 point
1079 3521 1105 3576 lc
1120 3523 1162 3576 roi
1179 3524 1228 3596 qui
1240 3541 1343 3596 envoya

279 3610 415 3665 cherclver
433 3611 459 3665 le
480 3613 566 3680 saint,
586 3612 655 3666 mais
674 3612 785 3666 celui-ci
805 3612 855 3684 qui
871 3608 923 3663 alla
942 3608 969 3663 le
990 3619 1103 3663 trouver
1118 3608 1153 3663 de
1171 3628 1221 3664 son
1241 3628 1343 3685 propre

279 3710 465 3755 mouvement.
481 3702 560 3757 Cette
572 3701 720 3756 demarche
734 3699 795 3755 doit
809 3700 868 3754 §tre
878 3700 1026 3772 rapportec
1037 3701 1053 3752 a
1064 3697 1118 3753 l’an
1132 3697 1193 3756 806.

314 3791 353 3859 (a)
368 3789 670 3847 Brivas-la-Gaillarde.

312 3878 351 3951 (3)
365 3881 468 3936 L’antel
478 3881 513 3936 de
523 3882 627 3957 l’eglise
639 3882 677 3936 du
687 3882 795 3937 ce'lebre
807 3881 935 3953 chapitre
946 3880 981 3935 de
992 3881 1175 3937 saint-Julian
1188 3879 1223 3934 de
1240 3880 1340 3934 Brivas.

278 3972 341 4027 Aur
353 3980 391 4025 rr
402 3983 431 4026 et
444 3982 495 4026 κη’
507 3973 602 4028 sieclcs
613 3973 653 4027 les
662 3991 751 4027 armes
759 3972 869 4028 offertes
882 3991 932 4046 par
943 3973 1015 4027 saint
1023 3970 1185 4028 Guillaume
1197 3970 1342 4025 existaieut

277 4080 377 4117 encore
396 4062 465 4117 dans
486 4062 512 4118 le
530 4064 620 4117 tre'sor
640 4061 676 4116 de
695 4080 727 4116 ce
746 4061 889 4134 chapitre,
903 4072 932 4116 ct
943 4062 1101 4117 attestaient
1114 4078 1164 4134 par
1181 4058 1242 4114 leur
1262 4057 1342 4131 poids

277 4153 348 4208 aussi
360 4153 425 4207 bien
437 4170 492 4226 que
506 4171 556 4225 par
566 4152 641 4207 leurs
654 4151 840 4217 dimensions,
856 4150 882 4205 la
897 4149 973 4205 taille
984 4160 1012 4205 et
1024 4148 1049 4204 la
1063 4148 1139 4205 force
1157 4148 1196 4203 du
1215 4147 1342 4220 guerrier

277 4243 324 4321 qui
337 4240 375 4298 lcs
389 4243 461 4297 avait
473 4242 593 4314 postdes.
