2888 4934
183 403 576 483 [xv1110-xxv10s0v.1095]
599 396 715 456 LIBER
737 396 873 458 NONUS.
1190 395 1249 458 467

148 574 153 580 ·
184 538 376 634 ipsamque
403 530 631 618 Jerusalem,
658 529 826 630 sepulcro
853 527 989 600 Christi
1015 527 1191 619 nobilem,
1219 546 1254 602 et

185 653 281 725 alias
298 652 422 752 plures
453 651 744 720 Cbristianoram
770 647 874 719 urbes
900 648 1125 736 inuaserant,
1146 649 1254 747 jam-

187 796 255 869 que
285 773 481 840 immensas
511 768 607 837 uires
635 769 673 836 in
700 790 812 863 regno
845 765 1054 836 Graecorum
1081 765 1257 837 extende-

188 889 271 958 'raat
282 920 298 972 ,·
332 885 579 958 Palaestinam
611 899 645 953 et
680 880 829 977 Syriam
856 908 981 954 secure
1004 882 1256 982 possidentes,

188 1032 283 1104 quas
325 1003 398 1073 sibi
429 1004 514 1100 jam
545 1000 851 1100 subjugaverant,
881 999 1056 1073 basilicas
1095 1000 1261 1073 destrue-

190 1119 294 1207 bant,
316 1135 350 1189 et
366 1117 591 1189 Christianos
607 1132 646 1187 nt
659 1114 820 1188 bidentes
828 1115 1068 1217 perimebant.
1086 1123 1132 1187 In
1146 1117 1262 1189 eccle·

120 1230 125 1239 ⁴
190 1239 280 1327 siis,
314 1239 351 1307 in
382 1235 512 1335 quibus
543 1234 668 1306 ds'oina
700 1234 789 1305 alirn
822 1261 847 1306 a
867 1233 1047 1335 fidelibus
1077 1233 1263 1332 sacn'ficia

190 1355 375 1428 celebrata
394 1370 495 1443 sunt,
518 1352 655 1424 etltnici
672 1352 895 1424 animalibus
915 1355 992 1425 suis
1013 1351 1161 1423 stabula
1180 1378 1266 1450 ege-

195 1490 278 1545 runt
286 1529 299 1562 ,
314 1499 402 1544 suas
419 1474 530 1543 etiam
546 1472 817 1569 superstitiones
834 1487 868 1542 et
885 1469 1094 1542 idolatriam
1108 1469 1267 1542 colloca·

194 1609 336 1679 uerunt,
350 1608 384 1661 et
399 1590 638 1661 cbristiaaum
653 1589 867 1686 religionem
879 1587 927 1659 ab
941 1589 1031 1660 aula
1045 1588 1125 1660 Deo
1139 1587 1266 1660 dicata

194 1710 347 1808 turpiter
357 1707 643 1778 eliminaverunt.
659 1708 690 1775 l²
695 1708 828 1794 radia,
844 1705 1063 1777 Sanctorum
1073 1703 1268 1803 stipendiis

195 1825 323 1896 dedita
330 1881 343 1914 ,
363 1842 397 1896 et
416 1824 587 1896 nobilium
599 1825 848 1924 patrimonia,
863 1822 1109 1895 sustentandis
1123 1848 1270 1923 panpe-

196 1941 294 2015 ribus
312 1942 523 2014 contradita
531 1997 542 2028 ,
551 1967 718 2038 paganae
732 1941 923 2036 tyrannidi
930 1940 1190 2038 subjiciuntur3
1205 1942 1270 2010 eis·

195 2087 279 2161 qrre,
299 2063 337 2131 in
345 2062 511 2160 propriis
527 2059 651 2130 usibus
665 2058 838 2146 redactis,
852 2059 992 2130 domini
1000 2057 1168 2130 crudeles
1181 2057 1271 2129 ubu-

196 2194 333 2248 tuntar.
349 2177 576 2274 Multosjam
590 2178 628 2247 in
639 2175 879 2274 longinquam
894 2175 1099 2248 barbariem
1107 2177 1270 2275 captiuos

198 2295 433 2366 abduxerunt
440 2351 453 2383 ,
473 2313 506 2366 et
524 2294 609 2366 loris
627 2297 778 2367 innexos
791 2294 912 2394 jugis,
932 2294 1115 2367 ruralibus
1136 2296 1272 2367 enerci-

199 2417 258 2484 tiis
276 2413 509 2501 submittunt;
526 2415 687 2512 ipsisque
701 2413 813 2485 ueluti
826 2411 935 2486 bobus
950 2411 1077 2486 aratra
1092 2413 1274 2486 laboriose

195 2528 509 2628 pertrahentibus,
530 2556 618 2601 arva
640 2529 898 2628 proscindunt,
927 2529 1084 2628 aliisque
1106 2528 1273 2602 belluinis

199 2644 369 2746 operibus
388 2645 588 2717 inbumaae
603 2645 784 2735 subdunt,
802 2673 884 2745 qrtce
887 2642 986 2743 feris
995 2703 1007 2736 ,
1022 2671 1094 2717 non
1112 2644 1272 2717 bomini-

199 2762 265 2834 bus
283 2781 502 2863 competant.
522 2771 622 2835 inter
637 2763 717 2835 brec
732 2766 884 2835 assidue
905 2764 1126 2835 desudantes
1130 2761 1273 2860 flagris

202 2879 409 2969 verbbrant,
426 2881 565 2953 aculeis
582 2880 770 2952 stimulant
776 2938 788 2970 ,
808 2898 842 2951 et
859 2882 1058 2952 innumeris
1073 2876 1275 2979 infestatio·

200 2996 308 3067 nibus
308 2993 453 3094 fratres
477 3014 619 3071 nostros
646 2997 946 3070 abominabiliter
963 3000 1208 3099 mancipiant.
1228 3005 1275 3069 In

202 3114 284 3186 sola
304 3142 391 3186 oero
407 3113 540 3212 Africa
558 3141 640 3188 xcvl
664 3120 892 3215 episcopatus
909 3115 1086 3187 destructi
1105 3132 1207 3203 sunt,
1228 3117 1275 3186 si·

202 3250 266 3304 cut
278 3234 380 3304 nobis·
394 3234 480 3305 inde
497 3237 677 3307 venientes
692 3232 848 3333 referunt
861 3236 929 3332 (i)

204 3523 294 3596 phone
319 3484 491 3593 Melissinei
507 3545 541 3580 en
568 3524 648 3593 1080,
674 3535 703 3580 et
725 3525 863 3580 Antioche
887 3543 936 3596 par
956 3523 982 3578 le
1003 3524 1045 3579 fils
1063 3524 1099 3579 de
1119 3523 1276 3595 Philartte,

205 3631 240 3668 en
260 3612 337 3669 1085.

205 3765 207 3770 1
243 3706 284 3772 (ι)
300 3703 393 3757 Parmi
406 3703 445 3756 les
461 3703 616 3759 nontbieux
631 3705 756 3761 discours
770 3723 825 3779 que
840 3705 879 3759 les
893 3705 1043 3760 historiens
1055 3705 1090 3760 de
1103 3705 1129 3759 la
1143 3707 1280 3778 premiire

210 3791 335 3847 croisade
351 3793 506 3847 attribuent
523 3797 539 3847 is
554 3794 663 3849 Urbain
678 3796 720 3862 ll,
739 3793 862 3868 pendant
876 3794 902 3849 le
916 3794 1022 3849 concile
1036 3794 1071 3849 de
1085 3795 1245 3863 clermont,
1260 3797 1281 3851 il

208 3901 227 3955 y
242 3901 278 3937 en
293 3902 307 3936 a
322 3884 391 3938 trois
404 3884 453 3957 qui
470 3885 622 3956 paraissent
636 3885 843 3959 authentiques.
860 3887 896 3939 Le
912 3886 1042 3957 premier,
1061 3887 1110 3960 qni
1129 3896 1170 3942 est
1190 3886 1283 3960 plutbt

211 3991 250 4027 un
275 3975 416 4048 fragment
438 3975 615 4031 d'allocution
641 3975 767 4032 adressee
791 3976 1049 4049 particulierement
1075 3996 1128 4032 aux
1153 3978 1283 4051 Franqais

211 4064 300 4139 qu’un
315 4065 440 4121 discours
458 4066 592 4140 complet,
610 4087 625 4121 a
643 4069 687 4121 ite
703 4070 833 4121 conservi
851 4087 899 4141 par
918 4067 1025 4121 Robert
1039 4068 1074 4122 de
1091 4067 1281 4135 saint-Remi,

212 4154 239 4209 ie
258 4156 360 4210 second
382 4176 432 4230 par
451 4158 570 4224 Bandri3
591 4156 616 4211 le
634 4157 775 4213 troisiime
795 4177 843 4231 psi·
862 4157 1025 4214 Guillausne
1039 4156 1074 4213 de
1092 4157 1159 4231 Tyr.
1179 4154 1227 4213 On
1243 4157 1284 4212 les

214 4255 343 4302 trouvera
361 4250 456 4304 sennis
476 4248 544 4304 dans
561 4248 587 4304 la
601 4248 747 4306 collection
769 4248 896 4322 genis-ale
913 4247 963 4304 des
981 4247 1114 4314 censiles,
1131 4249 1203 4302 aussi
1218 4247 1283 4303 bien
