2888 4934
260 394 324 453 620
470 400 473 413 ’
522 383 706 445 HISTORIA
728 379 1034 444 ecctssstts‘rlcs.
1056 383 1225 460 [xrwsuc.
1242 385 1334 461 1⁰99]

261 515 476 592 Ascalonem
487 514 685 601 intrarent,
696 512 1012 613 eamquepenitus,
1027 510 1163 584 necatis
1175 511 1331 599 civibus,

260 634 329 710 sibi
344 634 590 733 subjugarent.
608 631 807 705 Tolosanus
820 645 940 703 autem
955 654 1040 703 eum
1050 629 1122 701 suis
1140 629 1334 728 imperter

260 753 353 825 ritus
368 750 480 850 copiis
497 765 581 822 aitte
600 747 729 822 urbem
747 748 921 847 perstitit,
940 763 976 820 et
995 748 1232 820 immorantes
1250 747 1332 820 Phi·

260 869 393 941 listaeos
409 883 493 940 ante
509 867 646 964 azylum
659 892 777 954 snum,
792 881 832 938 nt
842 863 1017 954 bidentes,
1032 862 1204 963 usquead
1220 865 1329 938 inter·

260 985 449 1059 necionem
480 982 627 1058 delevit.
661 984 777 1057 Porro
815 983 929 1071 cives,
965 981 1010 1054 de
1043 983 1329 1081 propugnaculis

261 1107 439 1175 intuentes
456 1090 693 1200 pertinaciam
713 1090 1021 1188 Christianorum,
1040 1114 1078 1171 et
1094 1098 1329 1172 formidantes

259 1244 306 1293 ne
322 1219 389 1291 sibi
406 1219 633 1318 contingeret
648 1216 845 1307 excidium,
864 1218 969 1319 quaie
984 1214 1170 1306 viderant,
1189 1218 1248 1290 rel
1263 1243 1328 1291 au·

258 1337 402 1410 dierant
438 1335 700 1423 finitimorum,
729 1337 903 1409 vexiilum
941 1334 1082 1409 comitis
1117 1335 1323 1434 petierunt,

260 1471 467 1556 certamque
476 1453 697 1528 deditionem
709 1479 809 1527 suam
822 1455 854 1527 ei
869 1451 1024 1526 fideliter
1036 1450 1322 1550 spoponderunt.

259 1570 518 1645 Retractabant
530 1570 725 1672 siquidem,
742 1571 826 1671 quia
844 1571 917 1670 ipse
930 1567 1084 1669 propior
1095 1586 1193 1656 erat,
1207 1571 1326 1669 eisque

258 1689 371 1787 magis
385 1686 429 1760 ad
443 1689 592 1761 exitium
608 1686 857 1776 incumbebat,
872 1703 908 1761 et
924 1685 1023 1787 quod
1036 1685 1324 1759 Guinimundum

259 1801 519 1893 Admiraiium,
535 1819 773 1904 caeterosque,
788 1804 851 1904 qui
872 1829 909 1877 se
923 1803 1018 1876 illius
1033 1800 1116 1875 fidei
1132 1804 1323 1877 commise-

258 1933 360 2006 rant,
390 1917 601 1991 salvaverat.
639 1918 706 1991 lile
733 1944 821 1992 vero
852 1916 1080 2017 poscentibus
1114 1918 1322 2016 signiferum

258 2058 363 2105 suum
383 2034 500 2122 misit,
529 2049 565 2105 et
584 2032 712 2133 iugatis
738 2059 800 2107 seu
824 2034 1020 2132 peremptis
1043 2033 1234 2120 omnibus,
1263 2036 1321 2133 qui

257 2167 361 2224 extra
384 2150 514 2225 urbem
533 2167 660 2240 erant,
687 2150 731 2224 ad
752 2176 937 2250 compares
962 2150 1119 2224 accessit.
1144 2150 1282 2245 Quibus
1305 2179 1324 2224 a

260 2265 357 2338 eaede
379 2267 663 2365 quiescentibus,
688 2284 724 2341 et
744 2267 781 2340 in
801 2294 914 2340 unum
934 2268 1180 2368 congregatis,
1204 2266 1323 2340 dixit:

259 2382 361 2451 Ecce
369 2434 380 2467 ,
395 2383 475 2451 Deo
489 2384 634 2478 gratias
643 2437 654 2470 ,
668 2409 845 2483 prospere
861 2383 963 2456 nobis
977 2386 1131 2458 victoria
1142 2390 1324 2484 pervertit,

259 2511 294 2568 et
320 2500 529 2593 compressis
560 2497 695 2569 ciuibus
722 2499 889 2571 Ascalon
914 2526 1017 2599 pene·
1035 2502 1204 2600 pttteseit.
1236 2501 1326 2571 Jam

259 2611 437 2685 uexillum
459 2638 578 2684 nteum
604 2615 833 2688 Ascalonita
858 2633 1088 2716 receperunt,·
1109 2616 1272 2706 etmihi,
1296 2623 1327 2688 si

260 2728 476 2819 conceditis,
499 2731 657 2830 subjecti
666 2729 869 2828 favebunt,
894 2735 1129 2831 imperiisque
1149 2735 1239 2805 meis
1258 2761 1325 2832 pru

259 2847 377 2919 salute
396 2874 467 2919 sua
480 2847 674 2946 parebunt.
695 2848 894 2946 Respondit
918 2875 981 2923 rex
1002 2850 1134 2923 :Absit
1158 2868 1198 2923 ut
1215 2849 1324 2950 liujus

261 2963 360 3035 urbis
378 2963 605 3035 dominatum
622 2965 735 3039 alicui
752 2966 970 3051 concedam,·
987 2967 1055 3039 sed
1070 2968 1324 3067 expugnanda

260 3079 394 3151 ditioni
408 3107 499 3152 mere
514 3107 601 3155 moe
612 3080 823 3181 subjiciam.
840 3082 1003 3155 Ascalon
1020 3085 1146 3156 uicina
1160 3100 1215 3157 est
1227 3085 1326 3157 Jerar

259 3197 376 3270 satem
385 3253 396 3286 ,
416 3215 450 3268 et
470 3198 576 3270 decet·
591 3216 628 3269 ut
647 3200 805 3271 dominio
824 3199 1005 3273 subdatur
1021 3203 1123 3301 ejus,
1145 3205 1212 3300 qui
1226 3229 1324 3299 prce-

259 3315 354 3388 sidet
368 3316 584 3389 Jerusalem.
600 3315 804 3390 Rodbertus
820 3317 1071 3407 NormannuS,
1091 3335 1200 3420 atque
1216 3320 1323 3392 Fian-

259 3431 419 3521 drensis‚
461 3433 593 3533 aliique
635 3435 824 3533 optimates
862 3436 937 3534 regi
975 3433 1147 3510 dixerunt
1182 3468 1192 3508 s
1225 3437 1325 3509 ,ictis

261 3574 385 3620 omnes
395 3550 558 3622 norimus
571 3551 668 3648 quad
679 3577 798 3621 comes
815 3551 948 3622 Sancti
956 3551 1104 3650 AEgidii
1119 3552 1246 3624 uberes
1254 3553 1326 3648 glr-

262 3663 328 3736 bas
341 3682 375 3737 et
393 3669 637 3739 miant'tissirna
646 3667 785 3766 oppida
798 3695 866 3766 pro
880 3669 961 3740 Deo
974 3685 1102 3768 sponte
1113 3669 1276 3767 reliquit,
1295 3687 1328 3740 et

263 3783 300 3852 in
314 3783 546 3879 eapeditione
557 3784 635 3856 Dei
647 3780 886 3881 muitafortia
903 3790 1146 3857 strenuissime
1156 3789 1325 3885 peregit,

259 3913 371 3996 atqtte
386 3901 440 3970 ad
455 3902 680 3975 tolerandum
699 3904 870 4000 grauiora
888 3903 1102 3976 discrimina
1122 3930 1187 3975 nos
1204 3930 1327 3975 omnes

262 4021 465 4086 ‹rratecessit
490 4021 608 4106 (inde,
638 4029 670 4092 si
688 4023 1040 4119 peregrinationem,
1061 4048 1173 4118 quam
1192 4023 1326 4120 caepit,

259 4150 524 4225 perseveranter
540 4137 683 4234 replere
702 4137 878 4226 decernit,
899 4156 933 4210 et
948 4134 1143 4234 defendere
1156 4154 1328 4211 sanctam
