2888 4934
188 418 228 478 68
462 414 645 475 HISTORIA
666 413 970 476 Ecctssstsstlcs.

189 547 389 644 recuperari
424 572 496 618 non
524 561 691 645 possunt,
723 545 806 645 quia
836 561 997 619 veterum
1023 547 1246 619 monimenta

187 690 268 736 cum
279 662 414 737 mundo
431 677 672 762 praetereunte
687 688 707 734 a
723 664 895 735 memoria
912 664 1142 762 praesentium
1154 661 1248 735 dcli-

186 782 304 868 ciunt,
325 783 423 883 quasi
440 780 577 882 grando
597 781 653 852 rel
671 781 733 854 nix
750 780 785 852 in
806 780 910 854 undis
924 808 1005 855 cum
1029 780 1155 880 rapido
1170 780 1247 853 llu-

186 896 283 971 mine
300 896 573 972 irremeabiliter
586 895 718 969 lluente
737 894 933 998 delluunt(
956 901 985 997 ).

233 1014 388 1088 Nomina
400 1014 563 1088 locorum
572 1069 583 1103 ,
601 1013 781 1115 inquibus
794 1031 896 1113 pater
915 1014 1086 1088 Ebrullus
1100 1041 1149 1089 xv
1164 1040 1249 1088 mo-

185 1132 336 1204 nasteria
354 1128 575 1218 construxit,
600 1146 636 1202 et
662 1128 833 1202 vocabula
859 1147 1021 1229 patrum,
1048 1157 1137 1230 quos
1155 1128 1250 1202 idem

184 1246 446 1321 coenobialibus
465 1247 593 1319 turmIs
614 1247 766 1320 vicarios
789 1246 922 1320 Christi
939 1248 1116 1347 praefecit,
1140 1247 1249 1320 variis

183 1363 439 1438 mutationibus
456 1390 579 1436 rerum
596 1389 660 1462 per
676 1389 753 1437 cccc
766 1391 879 1439 annos
892 1364 1024 1438 abolita
1043 1382 1146 1453 sunt,
1161 1390 1245 1464 quae

182 1481 249 1554 sub
267 1481 390 1553 multis
406 1479 630 1579 principibus
648 1507 667 1552 a
693 1479 863 1554 Lothario
889 1481 1022 1582 Magno
1040 1498 1076 1554 et
1102 1480 1246 1554 Childe-

182 1596 287 1669 berto
303 1596 555 1694 contigerunt,
572 1595 634 1695 qui
653 1621 763 1695 usque
781 1596 825 1669 ad
842 1597 1049 1696 Philippum
1065 1613 1102 1671 et
1122 1596 1248 1670 Ludo-

182 1713 300 1784 vicum
318 1712 392 1810 ejus
408 1710 522 1782 lilium
536 1711 590 1808 (a)
610 1711 645 1782 in
658 1709 781 1782 Galliis
802 1729 1056 1812 regnaverunt.
1075 1710 1248 1807 Quaedam

183 1844 300 1899 tamen
323 1826 447 1899 annosi
465 1851 565 1898 senes
590 1828 661 1898 visa
691 1828 745 1899 rel
763 1826 880 1901 audita
900 1828 982 1902 liliis
1004 1855 1067 1904 orc
1090 1827 1246 1903 facundo

183 1943 401 2029 retulerunt,
426 1967 506 2042 quae
530 1940 763 2015 nihilominus
788 1961 825 2016 et
853 1946 916 2044 ipsi
946 1947 1076 2018 tenacis
1102 1945 1247 2045 glutino

181 2058 365 2133 memoriae
378 2060 625 2146 retinuerunt,
644 2077 681 2133 et
691 2063 852 2161 sequenti
866 2087 945 2135 aevo
958 2061 1244 2162 divulgaverunt.

181 2175 298 2274 Digna
323 2174 441 2273 itaque
462 2174 578 2247 relatu
595 2192 750 2248 serentes
764 2176 935 2249 fratribus
951 2178 1023 2248 suis
1041 2176 1244 2265 insinuant;

181 2316 246 2390 per
262 2317 344 2390 quae
359 2288 446 2364 dura
465 2292 674 2364 mortalium
694 2292 802 2368 corda
819 2295 998 2367 Creatoris
1013 2293 1058 2367 ad
1082 2319 1245 2368 amorem

182 2408 349 2496 incitant,
368 2433 414 2481 ne
429 2434 498 2507 pro
514 2408 724 2484 abscondito
742 2412 780 2482 in
799 2427 894 2482 terra
910 2412 1044 2485 talento
1060 2438 1143 2484 cum
1160 2428 1245 2484 tor-

181 2526 281 2624 penti
293 2550 399 2599 servo
415 2524 680 2599 damnationem
694 2529 892 2599 incurrant.
906 2528 1022 2627 Igitur
1031 2555 1112 2628 quae
1121 2529 1249 2625 priscis

182 2670 201 2716 a
216 2642 378 2742 patribus
389 2641 601 2743 jamdudum
615 2668 705 2740 puer
716 2641 844 2733 didici,
858 2645 1070 2730 auscultate,
1086 2661 1122 2716 et
1137 2645 1251 2717 mira-

182 2762 295 2835 bilem
310 2762 426 2835 Ileum
443 2762 480 2835 in
498 2761 636 2835 Sanctis
649 2762 720 2834 suis
734 2787 875 2835 mecum
888 2761 1125 2862 magnificate.

235 2877 451 2977 [587-596.]
465 2879 561 2950 Dum
575 2878 683 2978 longe
696 2880 835 2979 lateque
847 2878 939 2951 lama
954 2877 1046 2951 beati
1062 2879 1174 2977 patris
1185 2876 1252 2950 dit-

181 2991 392 3066 lunderetur
415 2993 577 3081 Ebrulfi,
601 2993 645 3067 ad
665 2996 757 3094 regis
778 2995 939 3068 Franciae
966 2995 1130 3093 pervenit
1149 3018 1253 3066 aures

184 3107 419 3183 childeberti.
434 3109 503 3201 Qui
520 3109 634 3182 nimio
648 3112 794 3209 cupiens
805 3109 980 3183 desiderio
994 3109 1114 3182 ridere
1129 3110 1249 3201 illum,

184 3251 267 3300 cum
284 3250 396 3299 uxore
411 3252 471 3297 sua
489 3226 544 3322 (5)
561 3242 597 3297 et
611 3225 788 3326 aliquibus
803 3226 848 3299 de
864 3229 995 3300 familia
1012 3254 1072 3300 sua
1090 3228 1253 3326 perrexit

185 3342 330 3416 Uticum
342 3342 412 3440 (4).
428 3340 590 3440 Cumque
602 3367 715 3441 prope
728 3345 986 3417 monasterium
1001 3344 1069 3415 viri
1087 3344 1151 3416 Dei
1168 3369 1251 3444 per·

220 3563 260 3633 (ι)
272 3561 352 3616 Cette
364 3558 533 3634 magniquue
547 3561 648 3632 penses
661 3559 782 3633 rappelle
796 3578 835 3614 un
847 3579 902 3634 pen
914 3560 982 3616 celle
994 3560 1029 3616 de
1040 3561 1068 3616 la
1079 3561 1175 3617 Bible:
1187 3561 1255 3617 Ona·

187 3669 238 3705 nes
249 3652 388 3716 morimur,
402 3658 430 3702 et
442 3657 577 3723 tunquam
588 3667 671 3721 aquoe
684 3647 842 3718 dilabimur,
856 3669 920 3724 (μω
932 3670 989 3704 non
1001 3660 1185 3705 revertuntur.

220 3740 260 3810 (a)
271 3737 311 3792 ce
322 3754 433 3810 passage
444 3739 513 3791 ae‘te
526 3737 597 3791 ecrit
605 3755 669 3793 sous
677 3736 704 3792 le
714 3738 800 3810 regne
811 3737 846 3793 de
856 3737 1069 3807 louis-le-Gros‚
1081 3750 1109 3794 et
1122 3759 1174 3813 par
1186 3758 1254 3796 con·

187 3831 303 3902 sequent
315 3836 394 3881 arant
406 3823 432 3880 lc
445 3826 515 3880 mols
526 3825 621 3881 d’aoirt
637 3825 713 3903 1137,
725 3829 834 3901 epoque
846 3826 881 3884 de
893 3827 919 3881 la
930 3838 1005 3884 mort
1017 3827 1054 3883 de
1064 3847 1096 3884 ce
1106 3830 1215 3903 prInoe.

222 3915 262 3989 (3)
278 3916 326 3973 On
343 3915 414 3969 arsit
432 3912 547 3969 d’abonl
564 3916 657 3988 ajoute'
675 3917 743 3972 dans
757 3917 784 3972 le
799 3918 950 3973 manuscrit
966 3916 1002 3972 de
1017 3907 1251 3975 saint-Erroult:

188 4003 369 4064 Bnmicbilde
376 4030 384 4066 ,·
400 4003 468 4056 mais
480 4021 511 4057 ce
524 4014 584 4058 mot
596 4023 611 4058 a
624 4007 732 4061 ensuite
742 4008 787 4061 ete
800 4009 900 4079 grette.

223 4096 263 4168 (I)
275 4092 298 4148 Il
310 4092 378 4147 n’est
390 4108 438 4164 pas
451 4089 531 4144 facile
545 4088 704 4165 ‹l'indiquer
715 4110 779 4146 aree
790 4092 910 4167 quelque
924 4093 1062 4167 precision
1076 4092 1205 4169 l’e'poque
1216 4095 1255 4151 de

188 4196 260 4240 cette
280 4182 358 4237 visite
370 4179 405 4234 de
416 4178 581 4236 Childebert
594 4181 621 4235 II
634 4180 709 4236 etde
721 4180 747 4235 la
759 4182 836 4236 reine
858 4181 988 4238 Fsiletrbe
1006 4187 1021 4238 b
1033 4184 1106 4238 saint
1118 4173 1255 4252 Erroult;
