2888 4934
181 425 320 499 [arna.
338 417 430 495 roos]
578 412 694 475 utun
715 414 853 475 uorsus.
1186 414 1247 481 sos

182 563 478 624 convocaverant.
498 548 639 620 Interea
656 548 824 621 mulieres
839 545 989 619 urbanae
1010 571 1116 645 super
1133 550 1250 646 plani·

183 667 269 738 tiem
281 664 488 751 domorum,
503 663 603 761 juxta
616 687 756 736 morem
773 663 1061 753 Palaestinorum,
1080 663 1251 737 ascende-

182 797 289 870 runt,
310 796 345 853 et
362 780 508 854 choreas
522 778 571 851 ibi
585 795 800 871 statuentes,
817 780 1034 853 cantilenam
1047 779 1248 879 hujusmodi

183 899 262 970 altis
283 897 429 971 vocibus
450 897 633 971 locutione
655 924 715 969 sua
740 913 1001 971 cantaverunt:
1020 914 1023 919 ’

231 1015 472 1103 Maclzometi,
498 1016 578 1086 Deo
606 1032 747 1103 nostro,
772 1014 908 1113 dagnus
930 1014 1060 1087 laudes
1071 1016 1247 1116 pangite,
1281 1022 1283 1026 '

182 1135 425 1232 victimasque
437 1132 621 1204 immolate
634 1158 718 1204 cum
729 1132 898 1232 jocundo
910 1148 1088 1204 cntsrnute
1095 1186 1110 1222 ,
1124 1149 1162 1203 ut
1172 1132 1252 1205 oin·

183 1265 318 1320 centur
327 1265 551 1349 pereontque
557 1244 804 1345 formidandi
820 1247 984 1320 aduenae.
1299 1248 1302 1255 ’

237 1365 313 1464 Qui
347 1382 567 1461 grossantur
588 1382 622 1437 et
651 1382 853 1437 tumescunt
882 1369 1011 1466 spiritu
1038 1364 1250 1452 barbariem

183 1482 279 1552 nulli
293 1498 467 1582 parcent,
484 1483 552 1555 sed
563 1487 729 1555 resistunt
747 1481 903 1554 Orientis
917 1481 1079 1584 populo,
1096 1481 1253 1555 iustam-

184 1623 254 1696 que
269 1598 433 1697 pruedis,
456 1615 579 1671 nostro
593 1626 685 1698 quas
702 1602 847 1670 nutriuit
861 1600 974 1694 regio.

233 1712 453 1813 Irffelicr'tate
462 1720 600 1817 pressi,
615 1716 823 1790 adnostros
837 1716 988 1790 delicias
998 1716 1070 1789 lutc
1081 1732 1254 1789 venerunt

185 1833 340 1931 spoliare
365 1833 489 1907 uberes
508 1839 729 1937 provincias.
759 1836 950 1907 Damnont
965 1862 1090 1908 omnes
1110 1851 1252 1908 nostros

182 1966 322 2046 gentes,
342 1955 592 2050 restimontque
610 1952 764 2025 belluas.

237 2068 465 2161 Crucistcum
478 2070 600 2140 colunt
613 2075 726 2140 Deum
734 2125 747 2158 ,
764 2068 884 2140 abluti
895 2068 1127 2168 baptismate.
1143 2069 1253 2139 Ritus

186 2201 339 2274 nostros,
357 2185 488 2275 cultus,
505 2186 606 2258 Deos
620 2201 796 2286 spernunt
808 2212 891 2257 cum
904 2184 1091 2258 dedecore.
1111 2184 1189 2256 Sed
1200 2209 1253 2255 re·

184 2315 290 2398 pente
307 2299 530 2372 involventur
542 2303 663 2400 poenis
681 2315 717 2371 et
726 2301 906 2401 pernicie.
979 2312 983 2319 '

234 2416 365 2488 Fortes
391 2416 523 2506 Turci,
550 2415 764 2490 dimicando
786 2420 949 2488 Francos
970 2415 1057 2488 binc
1079 2414 1252 2515 repellite.

190 2532 306 2604 Gesta
316 2548 469 2631 patrum
486 2535 716 2630 antiquorum
730 2531 915 2629 praeclara
939 2532 1098 2604 recolite.
1123 2539 1255 2605 Hostes

187 2653 298 2718 vestri
294 2644 550 2744 fugabuntur,
565 2663 630 2719 out
638 2646 807 2747 peribunt
820 2644 940 2748 ltodie.

236 2764 322 2835 Haec
339 2779 374 2836 et
395 2763 509 2835 multa
525 2762 580 2836 his
602 2763 730 2834 similia
748 2764 924 2834 Tuscanae
941 2761 1108 2835 mulieres
1127 2764 1165 2835 in
1187 2787 1255 2837 cx-

190 2882 283 2955 celso
311 2879 508 2968 canebant,
537 2893 574 2952 et
602 2878 826 2953 Christicolae
856 2892 1037 2978 stupentes
1061 2879 1255 2980 diligenter

190 2996 456 3086 auscultabant,
475 3011 582 3095 atque
605 3023 624 3066 a
648 2995 719 3067 suis
741 2994 997 3093 interpretibus
1017 2993 1104 3096 quid
1126 2997 1256 3071 Turcae

190 3112 352 3185 dicerent
367 3112 519 3184 solerter
539 3108 757 3184 ediscebant.
777 3110 882 3183 Tune
896 3109 1014 3201 Cono,
1029 3136 1149 3185 comes
1164 3110 1256 3184 Ale-

191 3256 363 3319 mannus,
379 3229 437 3301 vir
450 3227 586 3327 probus
606 3243 643 3301 et
656 3228 794 3327 sapiens
809 3225 1054 3318 consiliarius,
1070 3229 1132 3328 qui
1158 3250 1258 3302 soro-

170 3371 270 3445 ¹rem
294 3343 485 3419 Godelredi
513 3342 612 3418 ducis
640 3346 829 3445 conjugem
855 3342 1010 3416 babebat
1033 3345 1107 3442 (r),
1133 3338 1254 3423 dixit:

194 3644 343 3729 d'Egypte,
357 3675 421 3712 sous
432 3656 458 3711 la
471 3655 644 3711 domination
658 3652 761 3728 duquel
772 3651 925 3708 Jerusalem
934 3653 1008 3707 avait
1019 3653 1097 3724 passe'
1108 3651 1207 3709 versb
1220 3651 1259 3708 fin

194 3745 230 3799 de
241 3744 349 3798 l’annee
360 3743 541 3816 presidente,
555 3762 605 3816 par
617 3741 657 3796 les
672 3743 748 3798 soins
762 3739 801 3796 du
816 3741 883 3796 visir
900 3739 1014 3796 Atdhat.
1029 3741 1117 3796 Notre
1130 3750 1259 3797 auteurs

195 3831 268 3887 donc
284 3849 320 3885 eu
338 3828 427 3904 grand
442 3840 501 3886 tort
517 3830 553 3886 de
568 3833 712 3904 precentor
729 3838 802 3884 cette
819 3827 883 3883 ville
898 3846 1007 3883 comme
1023 3846 1124 3884 encore
1135 3830 1260 3884 suumin

196 3940 249 3976 aux
261 3921 351 3975 Turcs
362 3924 377 3975 b
387 3920 514 3994 l’epoque
526 3920 566 3974 dn
577 3921 662 3993 siege.
678 3921 714 3974 Le
727 3919 813 3974 chnut
824 3918 892 3994 qu’il
905 3929 963 3974 met
972 3917 1041 3974 dans
1052 3918 1077 3974 lu
1089 3919 1199 3974 bouchu
1211 3914 1260 3971 des

197 4011 311 4067 lemmes
324 4009 526 4074 Musulsnaues‚
542 4019 641 4065 atteste
659 4007 800 4066 d’aitteurs
817 4027 872 4065 une
891 4009 1027 4084 profunde
1042 4010 1191 4083 ignorares
1209 4004 1260 4061 des

197 4099 313 4173 dogmes
325 4113 353 4156 et
365 4099 414 4154 des
426 4100 493 4155 rites
504 4098 544 4154 du
557 4099 779 4155 mahometisme.
906 4165 908 4169 y

232 4187 271 4259 (ι)
285 4188 378 4261 Voyez
393 4186 546 4255 ci-dessus,
561 4207 588 4261 p.
605 4186 665 4242 555,
787 4222 790 4227 -
