2888 4934
188 381 350 458 [meost]
570 372 687 439 tutet
706 374 864 437 SEXTUS.
1208 382 1248 439 79

231 542 252 580 u
267 509 440 604 Quoedom
459 509 742 598 materfamilias,
761 535 871 608 quam
886 508 1006 582 nullus
1022 509 1246 583 medicorum

183 655 308 707 unare
326 644 484 728 poteret,
503 627 620 701 audita
636 629 727 702 sama
743 628 919 701 virtutum
938 627 1131 702 beatissimi
1157 631 1246 718 viri,

183 747 298 848 poscit
320 747 395 846 ejus
418 743 600 819 fimbriam
615 743 682 819 sibi
701 770 769 842 per
787 746 956 819 nuntium
972 743 1108 818 offerri.
1133 745 1248 838 Quam

182 890 265 945 osum
282 862 480 960 occiperet,
501 861 573 960 ipso
590 858 837 937 infirmitatem
853 862 981 948 evasit,
1001 862 1110 934 etalii
1126 889 1250 962 quam-

180 980 314 1079 plures.
329 978 424 1055 Eece
438 975 596 1051 medicus
613 977 816 1066 laudabilis,
836 978 898 1077 qui
915 1003 1072 1075 praerens
1089 1004 1251 1076 proesen-

183 1095 279 1171 tibus
289 1096 464 1171 beneficia
480 1096 639 1177 sanitatis
657 1097 835 1195 impertit,
855 1112 892 1167 et
905 1093 1031 1168 absens
1045 1094 1250 1172 absentibus

182 1213 280 1289 idem
289 1212 461 1289 exhibere
469 1237 547 1286 non
558 1210 706 1286 desistit.
723 1213 891 1287 Sentiunt
902 1213 1088 1300 virtutem,
1102 1214 1165 1311 qui
1177 1215 1250 1310 ejus

181 1356 257 1407 non
276 1354 411 1405 novere
426 1329 564 1410 faciem.
582 1360 600 1398 >r

228 1445 506 1522 Confluentibus
534 1446 652 1546 itaque
681 1447 726 1519 nd
756 1471 839 1519 eum
867 1447 1042 1521 universis
1071 1450 1179 1521 cortis
1206 1473 1250 1520 ex

181 1562 470 1650 necessitatibus,
489 1563 633 1639 advenit
648 1565 755 1639 etiam
773 1566 868 1637 inter
885 1589 945 1639 eos
961 1589 1006 1638 ex
1018 1564 1086 1636 alia
1105 1567 1251 1664 regione

181 1682 332 1785 qnidam
350 1683 598 1782 pauperculus.
624 1683 739 1776 Quem
759 1710 841 1757 cum
862 1684 962 1759 omni
983 1708 1137 1782 corpore
1157 1701 1251 1758 atte-

183 1816 337 1877 nuatum
348 1825 392 1873 ex
405 1799 514 1872 nimia
532 1798 758 1886 infirmitate,
777 1817 813 1879 et
827 1815 1014 1874 curvatum
1026 1824 1132 1898 super
1145 1828 1250 1877 ‚crure

183 1917 363 2016 piissimus
388 1940 494 1989 senex
520 1934 684 1991 cerneret
710 1915 892 2003 incedere,
918 1916 1041 1993 dixit:
1066 1913 1248 2016 Ofrater,

182 2033 365 2135 quomodo
381 2033 533 2107 valuisti
553 2035 744 2134 explicare
761 2053 899 2109 tontum
921 2035 1080 2109 laborem
1095 2039 1247 2125 itineris,

183 2178 266 2225 rum
292 2167 398 2223 tanta
424 2149 612 2224 debilitate
637 2150 842 2250 afficiaris?
866 2151 930 2225 Cui
960 2153 1021 2227 itte
1041 2184 1049 2224 :
1073 2152 1248 2242 Gemina,

183 2268 324 2370 inquit,
339 2269 550 2342 necessitate
564 2269 791 2367 compulsus,
814 2285 934 2359 tuam,
956 2271 1128 2357 Domine,
1144 2296 1251 2342 sanc·

180 2388 320 2461 titatem
355 2385 497 2458 decrevi
529 2385 633 2461 adire
665 2415 674 2456 .·
703 2386 872 2461 videlicet
904 2403 942 2457 ut
973 2404 1007 2459 et
1030 2384 1252 2487 saoeelicum

181 2505 313 2593 ratres,
340 2519 374 2574 et
396 2500 584 2575 mediceris
607 2502 787 2603 infimum
808 2518 1081 2602 potestateque
1099 2529 1252 2604 preera-

181 2618 246 2694 les.
278 2618 397 2713 Quem
425 2646 510 2693 cum
540 2618 590 2693 ibi
620 2618 775 2694 residere
799 2618 962 2720 juberet,
991 2621 1166 2694 continuo
1192 2646 1253 2693 ss-

183 2763 272 2813 unm
283 2734 460 2826 reddidit,
479 2753 516 2817 et
531 2737 661 2819 sedens
675 2737 911 2828 monachum,
932 2738 1165 2813 hortolanum
1178 2762 1251 2815 esse

180 2855 366 2955 proecepit.
391 2856 514 2955 ltaque
536 2856 598 2956 qui
625 2853 697 2927 duo
721 2857 898 2953 petiturus
916 2854 1128 2942 advenerat,
1154 2855 1252 2927 trino

181 2995 333 3047 munere
352 2996 389 3045 se
409 2970 538 3045 donari
562 2973 701 3072 gavisus
722 2989 787 3045 est.
814 2972 932 3045 Famis
953 2974 1072 3073 itaque
1093 2970 1252 3071 effugato

182 3089 365 3193 periculo,
391 3090 648 3163 incolumitatis
669 3090 808 3165 invenit
831 3088 1047 3176 remedium,
1067 3107 1104 3165 et
1124 3115 1251 3163 emen-

182 3198 331 3283 datioris
347 3208 433 3283 rite
447 3205 596 3305 adeptus
613 3223 667 3280 est
683 3208 920 3306 propositum.

227 3354 248 3394 e
267 3318 375 3399 Alius
389 3348 533 3424 quoque
549 3350 698 3427 pauper,
712 3351 795 3399 cum
811 3325 1001 3399 incolumis
1012 3326 1185 3413 venisset,
1201 3325 1252 3394 si-

183 3436 335 3525 mulavit
350 3464 386 3512 se
402 3457 582 3541 aegrotum
603 3458 640 3514 et
663 3441 762 3543 quasi
788 3457 1035 3530 contractum,
1056 3456 1095 3512 ut
1117 3437 1252 3539 aliquid

183 3554 335 3657 mplius
354 3555 449 3631 inter
465 3557 551 3631 alios
567 3559 757 3656 acciperet.
784 3556 852 3630 Sed
869 3583 956 3630 mox
977 3573 1016 3628 ut
1035 3554 1081 3627 ab
1108 3553 1252 3629 homine

183 3671 245 3747 Dei
261 3672 524 3770 eleemosynam
541 3677 713 3774 sucepit,
733 3675 832 3748 febre
850 3700 1038 3748 concussus
1059 3691 1131 3760 est,
1156 3671 1253 3772 quod

185 3787 337 3867 finxerat
358 3792 489 3865 certius
511 3795 544 3866 ei
564 3795 817 3892 contingente,
843 3793 1091 3892 consessusque
1116 3792 1154 3865 in
1177 3791 1253 3888 ipso

187 3908 403 3988 monasterio
413 3936 485 3981 suae
499 3912 683 4009 pravitatis
696 3912 905 4001 consilium,
921 3911 1014 3985 insro
1032 3935 1162 4009 paucos
1179 3907 1254 3981 dies

190 4023 301 4097 emisit
316 4026 499 4125 spiritum.
520 4059 537 4093 s

233 4141 333 4215 inter
349 4140 426 4216 haec
440 4143 550 4243 igitur
565 4147 742 4218 virtutum
758 4147 924 4246 insignia,
938 4172 1019 4218 cum
1034 4147 1107 4244 jam
1120 4143 1251 4216 Christi
