2888 4934
178 424 386 502 [rosv-tosa]
542 424 658 486 uranu
679 426 865 486 ocravns.
1178 429 1239 489 act

177 580 331 655 prospe
353 573 388 630 et
412 556 579 657 cupidine
600 584 793 631 munerum
817 557 884 630 sibi
908 561 1117 631 connexuit.
1143 559 1244 633 Deli-

177 673 296 746 ciente
308 674 452 764 aerario,
465 675 662 748 llenricum
675 678 824 749 fratrem
834 702 935 747 suum
944 728 955 762 ,
971 690 1012 747 ut
1023 675 1066 748 tle
1078 675 1244 751 thesauro

171 808 241 864 'tuo
265 787 333 861 sibi
361 789 481 879 daret,
509 792 709 893 requisivit.
737 791 841 885 Quod
871 793 930 865 ille
955 794 1107 867 omniuo
1130 793 1245 867 lacere

172 908 308 983 noluit.
337 909 417 983 Dux
444 924 561 982 autem
588 910 772 984 mandavit
796 911 827 983 ei
853 910 969 1012 quod,
996 912 1022 983 si
1049 911 1174 1001 vellet,
1200 911 1245 986 de

171 1043 275 1099 terra
290 1050 350 1097 sua
364 1025 536 1099 venderet
553 1026 619 1100 illi.
637 1029 825 1116 Henricus,
842 1043 882 1098 ut
898 1026 1032 1100 audivit
1045 1027 1143 1126 quod
1159 1054 1245 1101 con·

171 1142 335 1241 cupivit,
363 1141 533 1218 mandato
561 1143 683 1218 fratris
712 1143 868 1217 libenter
899 1143 1093 1244 adquievit.
1124 1144 1246 1219 Pactio

174 1260 300 1361 itaque
319 1260 413 1332 inter
427 1262 555 1333 fratres
572 1261 674 1334 lirma
691 1263 781 1336 lacta
800 1278 864 1335 est.
884 1263 1060 1335 llenricus
1076 1259 1157 1335 duci
1176 1261 1243 1333 tria

174 1376 291 1451 millia
309 1374 486 1449 librarum
498 1379 638 1477 argenti
653 1380 827 1478 erogavit,
846 1394 882 1451 et
895 1378 941 1450 ab
956 1403 1000 1451 eo
1018 1395 1134 1450 totum
1151 1376 1244 1450 Con-

175 1492 376 1565 stantinum
387 1517 519 1592 pagum
534 1495 604 1591 (1),
619 1519 700 1594 quae
715 1495 821 1566 tertia
833 1493 1069 1567 Normanniae
1083 1520 1166 1593 pars
1179 1509 1243 1581 est,

176 1611 327 1708 recepit.
346 1610 404 1683 Sic
420 1611 597 1684 llenrious
611 1610 787 1684 Abrincas
802 1626 839 1684 et
857 1613 1126 1702 Constantiam,
1143 1610 1248 1684 Mon·

170 1740 323 1827 'temque
338 1727 458 1799 Sancti
476 1727 661 1801 Michaelis
677 1729 714 1801 iu
731 1729 893 1827 periculo
909 1729 1035 1816 maris,
1056 1744 1246 1828 totumque

174 1841 327 1917 fundum
357 1846 412 1941 (2)
444 1846 607 1944 llugonis
639 1846 834 1918 Castrensis
868 1846 1045 1933 consulis,
1080 1845 1177 1945 quod
1208 1846 1245 1917 iu

177 1958 343 2034 Neustvia
364 1960 586 2059 possidebat,
606 1963 776 2061 primitus
795 1962 968 2037 obtinuit.
991 1963 1248 2036 Constantieu-

178 2100 252 2151 tem
281 2079 401 2179 itaque
428 2080 655 2178 provinciam
683 2079 777 2154 bene
806 2079 1043 2181 gubernavit,
1077 2106 1247 2181 suamque

175 2194 402 2293 juventutem
415 2196 642 2271 landabiliter
653 2200 825 2273 exercuit.
838 2200 906 2271 llic
919 2199 956 2271 in
971 2197 1115 2271 infantia
1125 2196 1249 2270 studiis

180 2310 384 2387 litterarum
404 2341 423 2386 a
440 2314 650 2413 parentibus
675 2314 827 2389 traditus
846 2332 917 2407 est,
936 2331 973 2388 et
996 2332 1068 2387 tam
1094 2314 1262 2387 naturali.

178 2450 288 2533 qnam
309 2430 503 2504 doctrinali
523 2434 669 2506 scientia
688 2433 861 2507 nobiliter
879 2434 1038 2507 imbutus
1054 2450 1119 2506 est.
1144 2434 1249 2505 Hunc

176 2546 412 2634 lanfrancus,
421 2550 709 2624 Dorobernensis
719 2553 915 2651 episcopus,
928 2550 1013 2623 dum
1022 2551 1182 2652 juvenile
1191 2576 1250 2623 ro-

171 2659 251 2741 bur
275 2667 454 2765 attingere
482 2667 593 2757 vidit,
622 2668 666 2741 ad
693 2696 791 2741 arma
819 2695 889 2768 pro
916 2669 1121 2742 defensione
1145 2669 1248 2766 regni

166 2784 343 2876 sustulit,
364 2809 518 2886 eumque
538 2786 650 2859 lorica
670 2785 803 2874 induit,
830 2802 866 2858 et
887 2786 1024 2885 galeam
1047 2785 1152 2882 capiti
1178 2785 1251 2883 ejus

166 2902 373 3001 imposuit3
399 2903 524 3002 eique,
543 2919 583 2975 ut
605 2904 698 3002 regis
720 2901 795 2976 filio
820 2919 857 2975 et
879 2905 914 2974 in
936 2902 1047 3002 regali
1064 2917 1250 2974 stemmate

165 3032 288 3107 nato,
301 3018 443 3091 militiae
462 3018 649 3118 cingulum
664 3020 701 3092 in
717 3021 865 3093 nomine
882 3019 1030 3092 Domini
1045 3019 1158 3092 cinxit
1177 3019 1246 3116 (3).

165 3135 247 3210 llic
263 3159 318 3209 ιιι
337 3138 458 3225 annis,
479 3136 611 3236 quibus
629 3164 736 3236 super
753 3136 891 3237 Anglos
908 3137 1121 3210 Guillelmus
1140 3135 1249 3207 Rufus

165 3255 364 3354 regnavit,
388 3253 604 3328 laboriosam
628 3280 694 3354 per
710 3257 829 3329 varios
846 3255 991 3329 mobilis
1007 3256 1163 3327 lortnnue
1180 3278 1249 3326 ro-

170 3373 395 3445 tntnsvitam
410 3373 596 3471 transegit,
611 3390 647 3444 et
661 3372 823 3445 tristibus
838 3397 901 3444 seu
917 3374 1009 3445 laetis
1021 3371 1248 3456 exercitatus,

166 3664 174 3671 ’
207 3684 250 3755 (ι)
266 3683 388 3758 Puisque
402 3684 561 3740 Arranches
578 3702 614 3739 en
629 3684 720 3739 saisait
739 3684 842 3757 partie,
860 3681 880 3735 il
897 3680 985 3735 lallait
1002 3680 1110 3751 ajouter
1126 3677 1250 3734 l'Arran·

174 3773 243 3829 cbiu
257 3785 286 3829 et
298 3774 389 3829 meme
400 3774 425 3828 la
440 3773 603 3829 chatellenie
616 3772 651 3828 de
666 3774 751 3839 Vire,
769 3773 818 3847 qui
830 3771 921 3826 devait
934 3770 1096 3844 appartenir
1108 3786 1143 3822 au
1158 3778 1249 3822 comte

174 3861 212 3919 ‹le
229 3862 358 3920 Cbeeter.
373 3863 466 3918 Meme
481 3865 561 3936 apres
578 3873 650 3918 cette
667 3862 863 3929 rectification,
878 3860 927 3931 ily
949 3858 1012 3914 ade
1025 3848 1219 3932 l’exageration
1234 3861 1248 3909 i

174 3950 238 4007 ttae
248 3970 307 4027 que
316 3953 343 4007 le
354 3951 486 4007 Coteutiu
500 3953 663 4007 coustitueit
674 3952 700 4007 le
713 3953 781 4007 tier-s
791 3952 827 4006 de
840 3950 865 4005 la
876 3951 1015 4022 province.

209 4043 250 4114 (a)
263 4042 399 4098 Feudum.
416 4044 467 4096 Ms.
480 4044 515 4096 de
527 4042 553 4097 la
567 4044 643 4097 reinc
655 4042 690 4096 de
704 4041 803 4097 Suede.
918 4060 921 4065 ’

209 4130 250 4203 (5)
261 4133 432 4188 L‘initiation
445 4132 480 4187 de
492 4135 581 4187 Henri
595 4136 610 4187 a
624 4132 647 4186 la
662 4133 818 4187 chevalerie
827 4142 876 4186 eut
888 4130 944 4186 lieu
959 4130 1080 4205 pendant
1094 4149 1149 4204 que
1162 4129 1247 4185 Guil-

176 4220 265 4279 laume
274 4222 406 4279 oe'le'brait
416 4223 529 4279 lesfetes
539 4223 574 4278 de
584 4222 608 4278 la
619 4223 767 4278 Pentecbtc
775 4227 790 4278 ὁ
799 4216 990 4291 winchester,
1001 4242 1037 4277 eu
1051 4222 1127 4294 1087,
1140 4220 1247 4291 ‹l'apres

175 4313 366 4388 ueniantque
379 4315 515 4370 Saxonnc.
530 4316 569 4369 Cc
583 4316 680 4387 prince
693 4315 759 4369 e'tait
772 4313 843 4368 alors
857 4314 908 4387 fige
920 4314 955 4368 dc
969 4314 1046 4385 vingt
1058 4329 1117 4364 ans.
1226 4370 1233 4383 ·
