2888 4934
284 431 344 490 580
543 422 727 483 lllSlOlllA
749 420 1055 482 ECCLESlASTlCll.
1080 425 1248 499 [urcenn'n
1260 425 1360 501 1098]

283 557 459 658 lapidibus
479 556 627 655 aliisque
655 555 731 627 telis
751 556 844 629 cives
863 553 1048 628 desursum
1074 553 1301 654 gravabant,
1322 570 1359 628 et

281 699 464 774 percussos
489 673 526 744 in
557 670 732 743 ancilibus
758 671 814 743 sel
848 670 976 768 galeis,
1004 670 1058 743 vel
1086 673 1122 743 in
1150 671 1355 770 capitibus,

279 793 381 867 facile
406 789 633 889 perimebant
649 790 716 887 (ι).
746 789 819 862 Alii
847 788 934 862 alios
959 787 1083 862 ferreis
1109 790 1258 864 uncinis
1280 791 1358 864 sine

281 909 543 984 intermissione
554 906 781 980 infestabant.
794 908 903 981 Turci
918 906 963 981 de
973 907 1357 1008 turribussatagebant

277 1023 497 1097 Christianos
534 1023 670 1121 sagittis
694 1038 731 1094 et
758 1021 934 1121 lapidibus
962 1023 1190 1121 impugnare.
1227 1025 1355 1123 lgnem

276 1166 438 1241 quoque,
458 1165 566 1239 quem
584 1138 752 1212 Graecum
769 1155 918 1229 vocant,
935 1141 973 1213 in
990 1138 1200 1214 machinam
1212 1142 1354 1240 jacere,

276 1276 312 1333 ct
354 1257 444 1331 nihil
485 1259 639 1330 otiosum
685 1257 887 1331 admittere.
924 1256 1118 1331 Christiani
1161 1274 1184 1329 'e
1225 1275 1353 1331 contra

274 1377 393 1450 oleum
423 1376 496 1472 (2),
515 1373 613 1474 quod
636 1377 791 1448 maxime
816 1377 936 1474 ignem
960 1375 1128 1448 Graecum
1144 1377 1350 1476 extinguit,

275 1490 477 1578 effundere,
512 1516 696 1564 ascensum
725 1506 884 1578 tentare,
913 1490 1111 1592 pedemque
1140 1492 1348 1580 retrahere,

274 1633 404 1706 cosque
429 1608 491 1707 qui
521 1608 633 1679 muris
664 1624 898 1706 supererant,
924 1605 1118 1680 formidare
1126 1637 1137 1695 ;
1172 1609 1209 1680 in
1248 1609 1350 1680 nullo

276 1740 395 1796 nmen
409 1721 572 1795 deficere.
592 1723 651 1795 Sic
667 1722 836 1821 praelium
855 1723 943 1796 illud
963 1723 1007 1795 ad
1022 1747 1215 1822 vesperum
1238 1751 1348 1825 usque

274 1839 492 1939 protelatum
504 1855 572 1912 cst.
593 1840 751 1912 Tantum
765 1856 844 1912 erat
860 1840 1043 1939 infatigata
1065 1842 1182 1914 virtus
1205 1841 1347 1941 Agaro-

233 1984 239 1997 ·
276 1970 429 2049 nomm,
451 1972 488 2028 ut
512 1954 680 2029 audacter
700 1956 906 2030 refellerent
928 1958 1098 2029 versutias
1119 1956 1346 2031 Christiano-

275 2101 371 2147 rum.
386 2074 549 2174 Denique
561 2073 826 2147 Lemoviccnsis
835 2073 1015 2147 Gullerius
1024 2071 1069 2146 de
1079 2073 1292 2172 Turribus(
1318 2079 1343 2172 ),

275 2192 333 2262 vir
348 2192 410 2263 alti
425 2191 608 2290 sanguinis
625 2204 662 2263 et
676 2189 832 2263 audaciae
846 2189 1041 2278 mirabilis,
1059 2190 1200 2289 primus
1218 2193 1344 2265 scalam

310 2414 349 2485 (ι)
367 2413 402 2466 La
422 2413 592 2486 description
609 2413 645 2468 de
661 2425 706 2468 cet
724 2425 815 2469 assant
830 2425 872 2469 est
888 2416 945 2469 trds
957 2415 1084 2471 curiense
1100 2415 1172 2470 dans
1188 2416 1216 2472 le
1231 2418 1300 2471 recit
1313 2415 1345 2469 de

276 2503 373 2559 Pierre
391 2500 555 2556 Tudebode.
575 2501 652 2556 Nous
670 2520 741 2555 nous
758 2513 955 2558 contenterons
971 2503 1034 2558 d’en
1051 2503 1121 2558 citer
1140 2522 1179 2557 un
1196 2506 1266 2559 trait
1281 2530 1287 2557 z
1303 2505 1345 2559 Ita

277 2610 385 2664 quoquc
406 2591 599 2661 percutiebant
618 2610 665 2645 eos
687 2611 772 2663 super
789 2594 916 2664 clypeos,
938 2592 1016 2665 quod
1030 2593 1150 2666 clypeus
1169 2603 1199 2647 et
1220 2613 1344 2666 pagam

277 2678 410 2733 caderent
424 2678 553 2733 deorsum
571 2682 725 2734 incivitate
742 2685 851 2734 mortui.
871 2682 920 2735 Les
938 2681 1088 2736 historiens
1106 2681 1268 2738 Orientaux
1285 2687 1343 2756 pni-

276 2771 394 2826 tendent
405 2788 459 2842 que
472 2769 498 2824 le
510 2780 600 2824 comte
612 2769 647 2824 de
660 2769 801 2825 Toulouse
813 2773 886 2825 avait
898 2773 1003 2845 promis
1016 2771 1041 2826 la
1052 2773 1094 2825 vie
1107 2790 1193 2827 saure
1204 2793 1258 2828 anx
1271 2775 1345 2828 assit»

279 2863 340 2932 ges,
353 2871 385 2922 ‚et
399 2879 454 2932 que
467 2861 545 2932 vingt
563 2859 639 2915 mille
654 2860 727 2913 limes
743 2860 838 2914 lurcnt
855 2862 981 2915 victimes
997 2861 1032 2915 de
1047 2878 1096 2914 sou
1115 2880 1239 2936 maraque
1252 2863 1287 2916 de
1299 2863 1343 2916 loi.

277 2949 392 3021 D'aprts
409 2948 435 3002 le
452 2950 522 3002 recit
540 2947 588 3002 des
605 2949 756 3003 historiens
774 2949 980 3018 Occidentem,
998 2969 1029 3005 ce
1046 2951 1130 3005 serait
1143 2952 1239 3023 plutdt
1252 2956 1267 3006 ὲ
1280 2953 1344 3006 Boc'·

277 3037 363 3092 mond
377 3037 444 3111 qu’il
459 3037 580 3091 faudrait
592 3036 745 3110 l'intputer.

313 3130 353 3195 (α)
367 3125 407 3180 Ce
420 3125 490 3179 n'est
502 3125 581 3198 point
593 3144 657 3180 avec
666 3145 705 3180 un
717 3144 798 3200 corps
808 3128 881 3182 aussi
893 3127 1077 3183 contbnstiblc
1087 3146 1143 3202 quc
1156 3127 1254 3185 l'huilc
1264 3130 1344 3203 qu'on

275 3232 292 3266 a
308 3212 408 3285 jamais
429 3231 465 3286 pu
489 3230 587 3286 penem
609 3217 623 3267 a
644 3214 771 3273 c'teindre
789 3214 814 3268 le
834 3215 881 3270 feu
902 3216 1041 3289 grdgeois,
1059 3216 1127 3268 mais
1143 3215 1211 3270 bion
1228 3236 1292 3272 arec
1310 3217 1343 3270 du

277 3304 416 3378 vinaigre,
431 3303 467 3358 de
479 3303 580 3359 l’urine
592 3315 621 3359 et
633 3303 668 3358 de
681 3304 706 3359 la
720 3305 822 3360 cendi-c
834 3323 871 3360 on
885 3307 922 3360 dn
938 3306 1023 3360 sablo.
1037 3307 1118 3361 Anssi
1134 3305 1253 3362 l‘erreur
1268 3326 1346 3380 gros-

278 3396 349 3449 siere
359 3385 414 3468 quc
423 3402 544 3447 commet
552 3392 589 3448 ici
601 3404 682 3448 notre
692 3405 800 3463 auteur,
815 3412 889 3450 nese
901 3394 1144 3450 rencontre-t-elle
1152 3413 1210 3470 que
1222 3397 1291 3451 dans
1299 3415 1344 3451 son

279 3483 363 3556 gulde
375 3482 514 3549 habituel,
530 3481 647 3550 Baudri,
663 3485 699 3537 oti
713 3483 733 3538 il
745 3483 779 3538 l'a
793 3484 877 3557 prise.

209 3601 215 3613 ·
312 3572 353 3643 (ὅ)
364 3571 490 3628 Gouffier
501 3572 535 3626 de
549 3573 693 3641 hatonis,
708 3574 838 3647 seigneur
849 3573 885 3629 de
896 3574 1059 3643 Hautesort,
1074 3586 1103 3630 et
1114 3577 1183 3649 pere
1195 3576 1231 3631 de
1243 3577 1300 3633 Gui
1314 3576 1345 3629 de

279 3662 421 3729 Lastours,
433 3661 482 3735 qui
495 3663 597 3734 epousa
608 3661 757 3731 mathilde,
771 3663 826 3718 lille
835 3663 871 3719 de
879 3663 1004 3719 Geollroi
1017 3664 1045 3718 ll
1052 3704 1060 3730 ,
1072 3674 1166 3719 comte
1175 3665 1215 3719 du
1228 3666 1343 3727 Perche,

278 3759 307 3803 et
321 3769 405 3806 veuve
420 3751 455 3806 de
469 3749 622 3820 Reimond,
637 3753 755 3808 vicomte
772 3753 807 3808 de
823 3755 966 3809 Turenne.
984 3753 1008 3808 ll
1022 3764 1064 3809 est
1078 3754 1198 3809 lieheux
1211 3757 1297 3830 qu’on
1311 3757 1345 3810 ait

277 3839 369 3911 perdu
381 3839 406 3894 la
416 3840 532 3896 relation
543 3841 578 3897 de
587 3841 613 3896 la
624 3843 762 3915 premiere
771 3843 895 3898 croisade
906 3861 961 3918 que
970 3843 1109 3918 Gre'goire
1121 3844 1252 3914 cabade,
1267 3844 1346 3900 vassd

277 3926 313 3981 de
331 3925 458 3981 Goufficr
476 3929 511 3983 de
533 3931 676 3999 Lastours,
698 3932 770 3986 avait
791 3931 919 4004 employe'
935 3931 1023 3986 dotsze
1042 3950 1091 3986 ans
1111 3935 1126 3986 ἐι
1146 3951 1296 4007 composer
1314 3952 1345 3987 en

277 4016 381 4071 idiome
397 4014 529 4087 vulgaire.
542 4019 659 4075 Comme
673 4019 792 4075 l'auteur
810 4022 881 4076 avait
899 4031 1009 4076 surtout
1027 4021 1168 4088 consulte',
1184 4042 1260 4095 pour
1274 4024 1346 4078 ten.

275 4105 437 4161 tltssemens
451 4102 499 4158 des
515 4105 591 4175 faits,
607 4129 644 4163 un
656 4110 817 4179 Normand,
837 4113 949 4166 nomme
961 4110 1103 4180 Gaulrest,
1120 4123 1203 4167 notre
1218 4114 1347 4186 province

275 4206 317 4249 est
330 4193 586 4268 particulilretnent
600 4199 749 4255 inte'ressee
764 4200 832 4256 dans
845 4211 917 4256 cetto
930 4212 1018 4274 perte.
