2888 4934
188 488 298 562 noan
577 481 693 542 ianm
713 480 871 543 sexana
1215 486 1254 547 37

190 611 509 713 sart(1)diritur,
535 610 578 683 ad
601 613 762 684 tomitem
790 611 881 711 ignis
905 609 991 682 duas
1013 638 1149 712 sagmas
1167 615 1255 687 asinl
1296 661 1298 665 -

188 730 349 834 quotidie
366 730 583 828 acciperent.
609 727 779 802 Praesatus
805 728 906 801 miles
929 726 1015 800 duas
1030 728 1256 842 quadrigatas

190 851 262 922 vini
284 847 329 923 de
346 848 510 947 principe
524 846 820 920 Nomannornm
840 847 877 918 in
895 845 1001 919 leudo
1020 845 1166 920 tenebat
1179 850 1257 922 sin-

190 967 282 1068 gulis
302 967 426 1055 arinis3
446 989 489 1038 ex
508 961 639 1066 quibus
655 989 769 1036 unum
786 961 949 1037 modium
967 953 1009 1035 ad
1028 963 1257 1039 celebrandas

192 1085 313 1156 missas
338 1082 548 1181 perenniter
564 1079 737 1154 concessit
752 1079 950 1154 monacbis.
967 1080 1063 1152 Duas
1084 1082 1257 1156 nimirum

190 1199 290 1273 dedit
308 1199 471 1273 ecclesias
488 1225 571 1272 cnm
595 1214 667 1270 tota
682 1195 817 1270 decima
832 1214 868 1269 et
885 1215 1000 1286 terra,
1021 1223 1101 1299 quae
1116 1199 1160 1272 ad
1177 1227 1258 1275 eas-

188 1317 270 1391 dem
289 1315 522 1417 pertinebant
536 1344 546 1388 :
559 1342 669 1388 unam
686 1317 822 1389 scilicet
834 1314 879 1388 de
895 1317 1010 1389 Pareo
1017 1372 1028 1406 ,
1042 1343 1124 1418 ‹qnae
1143 1319 1177 1391 in
1194 1318 1256 1393 h'o·

190 1463 279 1509 nore
305 1451 437 1509 sarictae
463 1435 528 1507 Dei
561 1433 748 1533 genitricis
774 1433 900 1505 Mariae
932 1450 1136 1508 constructa
1160 1452 1255 1524 erat,

188 1553 366 1652 aliamque
381 1551 425 1623 dc
450 1552 598 1625 Bclnaio
619 1553 692 1651 (a),
709 1576 790 1652 quae
814 1552 850 1624 in
870 1549 1009 1626 honore
1030 1555 1143 1626 sancti
1160 1553 1258 1627 Petri

188 1670 435 1768 apostolorum
458 1668 633 1769 principie
648 1668 792 1742 condita
809 1685 899 1742 erat.
919 1667 1043 1763 Quas‚'·
1057 1670 1139 1770 quia
1158 1697 1254 1769 proe·

190 1785 320 1860 bendae
350 1785 564 1887 Allagiensia
581 1787 737 1860 ecclesiae
758 1803 880 1872 erant,
898 1785 971 1861 duo
988 1789 1153 1862 canonici
1174 1806 1259 1862 tunc

187 1902 430 2004 possidebant.
456 1903 627 1977 Radullus
644 1906 743 1977 enim
766 1903 923 1979 ecclesiae
940 1904 984 1979 de
1004 1906 1119 1980 Pareo
1133 1904 1259 1980 deser-

187 2022 326 2108 viebat,
345 2047 455 2123 quem
471 2038 553 2121 post
564 2019 710 2123 aliquod
725 2039 864 2121 tcmput
880 2018 925 2097 de
945 2022 1076 2124 Anglia
1101 2022 1257 2098 redeun-

186 2157 261 2214 tem
277 2141 416 2213 marina
432 2154 618 2239 tempestas
633 2133 805 2230 involvit,
818 2156 854 2213 et
863 2141 974 2214 fracta
987 2142 1069 2213 navi
1084 2168 1167 2215 cum
1183 2165 1259 2215 om-

186 2256 294 2329 nibus
340 2257 443 2331 sociis
486 2255 614 2330 fluctus
651 2255 849 2331 absorbuit.
891 2256 1097 2331 Gualterine
1138 2274 1257 2332 antem

186 2372 371 2447 ecclesiam
388 2371 433 2446 de
448 2372 595 2447 Belnaio
616 2371 780 2461 tenebat,
796 2373 858 2474 qui
872 2373 1104 2473 postrnodnm
1127 2398 1257 2448 mona-

186 2486 274 2563 chus
286 2490 407 2563 Sancti
420 2487 563 2562 Ebrulfi
574 2490 687 2563 lactus
699 2505 762 2563 est.

235 2608 323 2679 Haec
350 2608 471 2705 omnia
499 2606 695 2680 Gulbertus
720 2635 803 2681 cum
832 2609 985 2708 conjuge
1009 2634 1071 2680 sua
1099 2608 1259 2681 Beatrice

186 2723 344 2796 libenter
358 2724 529 2798 Ecclesiae
547 2725 612 2798 Ilei
630 2751 699 2823 pro
715 2741 850 2798 aeterna
870 2727 983 2798 salute
994 2725 1168 2815 contulit,
1188 2724 1259 2798 bo-

187 2841 375 2942 minesque
397 2867 478 2914 auos
492 2858 528 2915 et
546 2843 701 2932 amicos,
719 2859 759 2914 ut
780 2843 1041 2940 eleemosynam
1055 2868 1156 2915 suam
1174 2867 1260 2944 aug-

184 2973 405 3046 mentarent,
417 2957 600 3030 multoties
612 2956 820 3057 benigniter
829 2957 1046 3032 obsecravit.
1056 2957 1261 3033 Goisl'redus

184 3070 311 3174 igitur,
323 3072 426 3145 miles
434 3073 522 3172 ejus,
533 3073 717 3146 ecclesiam
728 3073 1016 3172 Sanctillionysii
1026 3076 1080 3174 (ὃ)
1090 3101 1171 3148 cum
1185 3091 1259 3148 tota

183 3188 324 3263 decima
340 3190 482 3263 Sanctoe
498 3191 624 3264 Mariae
641 3190 759 3282 dedit;
777 3208 970 3293 partesque
988 3192 1136 3266 decimae
1146 3249 1158 3283 ‚
1173 3219 1260 3294 quas

183 3308 229 3381 de
245 3332 291 3381 eo
310 3324 382 3380 tres
400 3308 532 3380 milites
552 3338 560 3379 ε
578 3307 760 3381 Osbernus
778 3307 909 3407 Capes,
929 3326 966 3383 et
982 3308 1055 3383 duo
1068 3307 1132 3381 filii
1147 3307 1259 3383 aszo-

185 3427 241 3498 nis
254 3456 264 3497 ε
278 3424 485 3498 Beroaldus
495 3441 531 3498 et
544 3424 715 3498 Radullus
728 3424 914 3516 tenebant,
924 3424 1127 3500 hortatibus
1136 3441 1173 3498 et
1184 3450 1262 3498 mu·

220 3732 261 3801 (ι)
275 3730 311 3784 lae
325 3729 387 3784 bois
400 3727 580 3801 aujourd'hni
595 3727 693 3801 appele
706 3727 745 3783 les
761 3726 948 3795 llerichards‚
968 3743 1016 3781 sur
1027 3725 1053 3780 le
1066 3727 1209 3782 territoire
1225 3727 1261 3781 de
1343 3729 1354 3752 “

186 3818 213 3873 la
224 3836 376 3874 commuue
388 3817 515 3883 dnum,
533 3828 562 3872 et
573 3835 675 3872 encore
687 3816 798 3872 attache
809 3834 843 3871 au
857 3815 986 3870 demaine
998 3815 1034 3871 de
1047 3814 1201 3870 l'aucienue
1212 3815 1262 3870 sei·

189 3909 307 3982 guenrie
328 3907 365 3963 de
383 3927 415 3964 ce
435 3927 512 3964 nom.
532 3906 680 3963 Herulsart
704 3917 747 3961 est
773 3905 986 3979 probablemeut
1009 3925 1066 3962 une
1087 3906 1261 3960 contractiora

188 3997 337 4056 d'Heroldl
351 4008 475 4067 sartum,
491 3997 697 4053 delricbement
717 3996 867 4063 d’He'rold‚
888 3997 938 4070 qui
954 4000 1025 4052 aura'
1041 3994 1172 4070 designe,
1194 3994 1263 4050 dam

187 4091 331 4165 longine,
346 4090 468 4165 quelque
478 4089 581 4162 cbamp
590 4088 695 4156 misia,
710 4088 768 4160 pria
780 4091 797 4143 t
808 4087 899 4144 meme
911 4105 960 4142 son
974 4085 1104 4143 etendue.

226 4185 267 4249 (a)
281 4181 415 4248 hunni,
429 4198 477 4235 sur
490 4178 515 4233 la
529 4178 631 4233 riviere
641 4177 677 4232 dc
692 4177 814 4235 Vienue.

227 4264 266 4337 (3)
279 4265 597 4323 situi-Desissur-sie.
717 4259 722 4266 '
