2888 4934
184 418 244 478 stt
457 417 642 478 HISTORIA
665 415 975 478 ECCLESIASTICA.
1154 422 1252 501 [tout]

183 546 424 639 Gislebertus,
440 548 669 622 Ebroicensis
681 548 881 647 episcopus,
894 549 930 620 in
942 549 1129 649 pulpitum
1139 575 1252 624 ascen·

181 665 255 754 dit,
272 682 307 738 et
324 664 504 763 prolixam
523 666 744 739 locutionem
756 665 801 739 de
814 666 1079 767 magnificentia
1098 666 1251 745 defuncti

182 783 356 882 principis
374 784 586 884 eloquenter
603 786 822 883 protelavit:
840 783 937 886 quod
958 787 1032 886 ipse
1050 786 1142 861 lines
1159 788 1252 862 Nor-

182 900 340 973 mannici
365 903 455 1001 juris
485 919 630 975 strenue
658 901 880 992 dilataverit,
908 920 1130 1004 gentemque
1161 932 1252 978 suam

182 1020 263 1118 plus
280 1045 388 1118 quam
405 1045 533 1094 omnes
549 1037 787 1095 antecessores
803 1023 857 1095 sui
874 1020 1146 1112 sublimaverit,
1160 1023 1255 1123 justi-

184 1139 270 1210 tiam
284 1153 321 1210 et
336 1163 460 1236 pacem
479 1137 546 1212 sub
565 1138 667 1211 omni
686 1137 825 1212 ditione
839 1167 899 1212 sna
917 1140 1094 1230 tenuerit,
1111 1142 1208 1214 tum
1222 1157 1255 1215 et

183 1259 370 1359 proedones
394 1261 496 1362 virga
524 1259 750 1335 rectitudinis
777 1263 917 1336 utiliter
944 1263 1194 1361 castigaverit,
1222 1279 1255 1337 et

183 1376 332 1451 clericos
353 1404 395 1450 ac
422 1376 618 1452 monachos
644 1393 681 1450 et
708 1380 884 1453 inermem
911 1378 1089 1477 populum
1117 1380 1255 1452 virtutis

181 1520 265 1570 ense
280 1496 425 1570 sortiter
440 1497 626 1568 munierit.
647 1496 764 1568 Finita
785 1521 872 1569 vero
888 1495 1093 1586 locutione,
1115 1495 1255 1596 plebem

183 1613 344 1711 rogavit,
364 1627 400 1684 et
419 1612 632 1710 propietate
649 1610 774 1684 multis
790 1610 982 1700 flentibus,
1002 1637 1043 1684 ac
1056 1610 1169 1686 verba
1187 1612 1255 1712 ejus

182 1726 447 1819 attestantibus,
481 1729 640 1829 adjecit:
671 1729 774 1829 Quia
804 1728 927 1803 nullus
953 1728 1124 1802 mortalis
1153 1728 1255 1804 bomo

180 1863 301 1948 potest
318 1849 356 1919 in
375 1846 448 1920 leuc
472 1852 553 1920 uita
569 1850 652 1921 sine
676 1865 830 1948 peccato
852 1849 988 1938 uivere,
1012 1851 1050 1919 in
1077 1846 1255 1920 charitate

182 1967 257 2038 Dei
286 1992 352 2039 eos
386 1992 510 2039 omnes
541 1992 741 2067 precamur
767 1992 838 2066 pro
868 1963 1044 2066 defuncto
1068 1967 1251 2066 principe,

177 2099 330 2184 propter
351 2082 457 2155 illum
481 2083 587 2184 apud
610 2084 891 2182 omnipotentem
920 2084 1040 2156 Deum
1080 2082 1253 2156 studeatis

182 2200 420 2290 intercedere,
436 2203 555 2300 eique,
566 2199 700 2300 siquid
708 2201 747 2271 in
757 2201 861 2274 uobis
871 2200 1047 2303 deliquit,
1059 2201 1254 2300 benigniter

183 2317 382 2390 dimittere!

231 2436 336 2507 Tunc
350 2435 555 2522 Ascelinus,
578 2435 704 2509 Arturi
721 2435 832 2526 lilius,
848 2433 893 2507 de
905 2432 1012 2507 turba
1025 2434 1204 2523 surrexit,
1222 2449 1252 2507 ct

182 2582 270 2631 voce
288 2582 418 2657 magns
440 2555 707 2657 querimoniam
731 2552 932 2657 hujusmodi
949 2555 1090 2627 eunctis
1107 2551 1252 2627 audien-

182 2674 278 2748 tibus
294 2674 407 2749 edidit
427 2705 436 2746 :
458 2675 553 2747 Herc
569 2692 686 2763 terra,
706 2673 767 2745 ubi
783 2675 1001 2763 consistitis,
1022 2699 1116 2745 area
1130 2672 1251 2746 demus

175 2796 299 2896 petris
320 2790 494 2893 meifuit,
513 2819 620 2893 quarn
639 2794 799 2880 viriste,
817 2818 888 2893 pro
906 2817 979 2891 quo
997 2794 1158 2889 rogatis,
1175 2790 1251 2862 dttn

183 2912 308 2985 uelituc
333 2929 423 2984 esset
450 2937 569 2985 comes
594 2911 837 2983 Normannice
856 2911 925 3007 (t),
949 2910 1053 3009 putri
1075 2935 1156 2981 meo
1181 2912 1251 2982 uic-

183 3030 297 3103 lenter
317 3028 486 3118 abstulit,
507 3029 677 3128 omnique
702 3028 885 3126 denegata
908 3026 1128 3100 rectitudine
1154 3028 1251 3099 istun

183 3148 299 3219 eedem
310 3163 479 3246 potenter
485 3142 678 3240 fundavit.
704 3147 813 3219 Hanc
827 3149 942 3246 igitur
961 3162 1097 3217 terram
1115 3144 1251 3219 calum·

181 3272 276 3353 nior,
293 3281 327 3337 et
340 3264 472 3367 palcun
486 3264 646 3338 melanto
653 3299 669 3351 ,·
687 3282 720 3336 et
735 3290 781 3337 ne
796 3290 928 3364 corpus
945 3265 1103 3362 raptoris
1119 3263 1252 3364 operic-

182 3405 242 3463 tnr
257 3390 392 3490 cespite
405 3414 499 3474 meo,
519 3413 586 3459 nec
603 3388 641 3458 in
660 3385 861 3459 hereditate
877 3412 959 3457 mea
975 3386 1198 3488 sepeliatur,
1212 3406 1251 3457 et

177 3523 286 3607 purte
312 3506 387 3578 Dei
400 3502 590 3604 prohibeo.
613 3502 690 3577 Hoc
712 3518 752 3574 ut
769 3502 926 3601 episcopi
951 3517 988 3575 et
1009 3526 1185 3599 proceres
1202 3497 1250 3573 alii

181 3624 393 3715 audierunt,
413 3639 449 3697 et
466 3622 604 3695 viciuos
626 3623 719 3722 ejus,
749 3621 811 3720 qui
835 3619 1003 3693 eumdem
1027 3644 1115 3692 vera
1132 3619 1252 3693 dixisse

182 3738 493 3825 contestabantur,
519 3735 795 3825 intellexerunt,
823 3733 1008 3808 hominem
1035 3737 1250 3818 accersiunt,

218 4056 442 4131 (1)C’est·is·dire
458 4068 542 4112 avant
557 4056 583 4112 la
599 4055 737 4132 conquete
748 4054 959 4128 d’bngleterre,
977 4053 1091 4127 lorsque
1109 4052 1168 4108 l’on
1182 4051 1251 4108 bnis

183 4150 235 4205 seit
245 4147 349 4222 l’eglise
359 4158 387 4203 et
398 4147 423 4202 le
433 4149 605 4215 monastere,
621 4157 650 4201 et
665 4165 720 4220 quc
734 4145 896 4202 Guillaume
911 4144 1008 4200 n’ttait
1022 4161 1125 4199 encore
1139 4163 1196 4220 que
1208 4141 1250 4197 duc

183 4240 218 4295 de
232 4238 412 4296 Normandie.
