2888 4934
185 391 246 450 sis
461 385 644 445 msrosn
666 381 968 443 scsssstssstct.
1020 354 1023 359 ’
1146 383 1254 463 [soso]

185 512 390 593 ruminabat
404 518 454 590 sic
466 543 530 591 ore
543 516 769 616 deprompsit
783 546 792 586 ε
804 515 942 602 Nostis,
959 513 1097 612 inquit,
1114 518 1255 614 egregii

185 636 349 724 barones,
370 632 528 735 qualiter
542 635 655 733 egerit
668 660 757 733 erga
771 658 826 704 me
842 629 1022 703 Rodbent
1023 626 1166 725 fratris
1184 633 1254 703 mei

179 754 287 849 fides,
300 768 334 826 et
343 767 499 852 quantos
513 751 604 823 mibi
612 752 820 852 procuravit
831 749 982 821 labores.
998 747 1084 819 Non
1096 775 1192 848 opus
1202 765 1251 823 est

184 869 307 943 multis
322 868 544 943 sermonibus
560 865 690 965 referre
701 885 788 968 quot
799 867 960 940 bomines
974 892 1072 938 meos
1091 868 1131 938 in
1144 891 1250 964 regno

184 1015 263 1061 meo
276 989 486 1061 oscitaverit
503 1003 632 1060 contra
644 1013 720 1075 me,
737 1002 770 1056 et
786 1010 1011 1082 summopere
1020 983 1250 1057 machinatus

168 1101 294 1201 ²fuerit
310 1132 367 1176 me
381 1131 493 1204 regno
508 1109 655 1203 vitaque
667 1107 825 1204 prioare.
845 1104 942 1175 Satis
959 1101 1126 1174 omnibus
1143 1101 1251 1202 liquet

183 1220 283 1320 quod
299 1222 527 1295 intolerabile
543 1221 632 1294 milu
646 1225 765 1323 primo
784 1222 889 1320 regni
901 1221 974 1291 mei
989 1246 1089 1292 anno
1107 1218 1249 1292 intulis-

182 1354 253 1425 set,
273 1340 344 1411 nisi
367 1338 492 1411 diuina
510 1343 623 1412 virtus
638 1364 707 1437 per
717 1340 893 1438 pietatem
909 1363 1015 1409 suam
1037 1334 1136 1408 illud
1152 1362 1179 1407 a
1200 1361 1249 1407 nu

182 1455 384 1556 repulisset.
411 1457 513 1530 Ecce
538 1454 812 1550 lacrymabilem
838 1455 1103 1554 querimoniam
1123 1469 1248 1526 sancta

182 1572 355 1644 Ecclesia
366 1571 413 1643 de
426 1574 680 1644 transmarinis
684 1570 858 1672 partibus
870 1570 924 1643 ad
936 1597 992 1642 me
1005 1569 1154 1669 dirigit,
1167 1573 1248 1669 quio

132 1718 134 1722 ⁴
186 1689 292 1761 ualde
304 1707 433 1762 rnoesta
448 1690 672 1789 quotidianis
677 1688 825 1779 [letibus
838 1688 1029 1774 madescit,
1043 1686 1146 1788 quod
1149 1689 1247 1787 justo

182 1805 373 1902 dejensore
388 1824 423 1879 et
430 1824 590 1909 patrono
605 1835 754 1897 carens,
777 1810 870 1880 inter
885 1807 1130 1903 malignantes
1148 1811 1248 1906 quasi

182 1925 256 1995 oris
271 1924 364 1994 inter
379 1922 482 2023 lupos
497 1929 670 1997 consistit.
697 1925 847 1996 Terram
866 1950 986 1995 meam
987 1919 1248 2021 fraudulentia

182 2055 217 2111 et
237 2041 377 2112 oiribus
394 2038 540 2139 asfferre
556 2047 705 2141 sategit,
727 2045 792 2141 qui
809 2058 941 2114 terram
960 2068 1068 2115 suam
1091 2069 1116 2114 a
1140 2039 1249 2117 mali·

64 2178 67 2182 ’
180 2160 266 2255 gnis
293 2156 535 2257 pradonibus
572 2157 767 2256 dejendere
798 2158 962 2257 negligit.
999 2158 1110 2230 Nunc
1144 2161 1254 2258 igitur

183 2300 391 2346 commoneo
408 2301 475 2348 vos
488 2301 629 2365 omnes,
645 2280 709 2375 qui
720 2278 838 2376 patris
853 2277 927 2348 mei
940 2273 1253 2374 bominessuistis,

183 2408 216 2460 et
224 2386 369 2487 feudos
383 2407 519 2464 oestros
539 2395 577 2463 in
594 2393 826 2466 Normannia
841 2410 875 2464 et
892 2393 1034 2489 Anglia
1053 2394 1100 2465 de
1115 2393 1180 2464 illo
1197 2409 1250 2464 te·

183 2509 332 2594 nuistis,
350 2526 388 2580 ut
403 2511 482 2581 sine
496 2509 580 2583 dolo
595 2511 648 2583 ad
666 2510 864 2611 probitatis
882 2537 976 2610 opus
994 2509 1084 2581 milri
1101 2511 1254 2582 viriliter

183 2624 554 2725 unanimesfaveatis.
571 2631 653 2700 Non
676 2629 844 2701 debemus
860 2631 946 2729 pati
961 2629 1143 2700 latronum
1167 2656 1254 2701 con-

184 2745 383 2834 venticula,
404 2763 442 2817 ut
463 2747 511 2818 ab
526 2747 598 2819 illis
606 2746 742 2846 fideles
759 2749 1025 2848 opprimantur,
1042 2763 1076 2818 et
1093 2746 1254 2820 Sancto·

183 2889 262 2933 rum
280 2863 513 2935 destruantur
528 2864 715 2951 coenobia,
742 2891 826 2962 quse
837 2880 964 2964 patres
981 2865 1096 2934 nostri
1116 2890 1255 2935 summo

182 2982 266 3050 nisu
285 2999 564 3053 construxerunt
581 2985 618 3054 in
644 2981 832 3053 Nerutria.
858 2981 955 3052 Tota
976 2982 1075 3079 regio
1090 2979 1267 3054 cudibus·

177 3114 287 3196 paret
299 3114 410 3196 atque
423 3104 581 3201 rapinis,
595 3104 732 3201 soepius
743 3128 790 3172 ec
802 3105 1012 3173 necessitate
1024 3102 1272 3173 reminiscens

186 3213 375 3285 Guillelmi
387 3220 515 3314 magni
526 3221 727 3319 principis,
745 3220 811 3317 qui
826 3217 930 3289 bellis
949 3244 1029 3288 eam
1047 3218 1184 3316 eripuit
1194 3245 1264 3289 ec·

184 3334 293 3406 ternis
317 3349 351 3405 ct
368 3336 557 3407 intestinis.
581 3336 696 3407 Decet
713 3362 798 3435 ergo
821 3352 876 3421 ut,
902 3336 996 3407 sicut
1020 3360 1153 3406 nomen
1175 3336 1257 3436 ejus

183 3467 217 3520 et
233 3450 407 3525 diadema
431 3480 540 3552 gero,
559 3456 614 3527 sic
631 3454 685 3527 ad
708 3451 952 3553 defensionem
978 3454 1111 3551 patrioe
1138 3451 1252 3524 inlue-

184 3594 284 3640 ream
298 3573 378 3670 ejus
396 3573 530 3644 studio.
555 3573 743 3672 Colligitc,
766 3598 910 3671 quoeso,
932 3570 1143 3660 concilium,
1159 3597 1246 3673 pru·

184 3684 310 3758 denter
332 3691 420 3760 inite
437 3689 648 3778 consilium,
667 3691 883 3761 sententiam
906 3687 1081 3788 preperte,
1102 3689 1195 3788 quid
1215 3690 1244 3759 io

185 3801 254 3875 boc
278 3807 463 3900 agendum
489 3811 536 3878 sit
563 3809 784 3880 discrimine.
813 3809 981 3895 Mittam,
1005 3809 1040 3878 si
1065 3805 1241 3894 bzudatis,

184 3926 380 3993 exercitum
410 3930 447 3994 in
477 3926 763 4010 Narmanniam,
792 3941 826 3996 ct
848 3926 1011 4024 injuriis,
1043 3950 1137 4023 quas
1167 3922 1245 3996 milti

170 4033 297 4123 ¹frater
310 4064 409 4109 meus
426 4045 503 4111 sinc
526 4067 643 4114 causa
668 4043 899 4112 machinatus
917 4057 987 4128 est,
1007 4039 1180 4112 talionem
1196 4065 1245 4111 re-

181 4152 356 4252 pendam.
379 4155 557 4229 Ecclesia
573 4159 646 4230 Dei
666 4157 894 4245 subremans,
913 4156 1050 4230 viduas
1067 4155 1244 4258 rtorpba·
