2888 4934
563 267 573 312 l

253 385 271 440 2
528 378 713 438 HISTORIA
737 378 1040 439 ECCLFSIASTICA.

250 515 369 613 operis
384 513 513 585 llorem
530 511 759 610 fructumque
778 509 909 584 obnixu
923 526 1106 610 expeteret
1116 512 1316 597 voluntate,

249 645 284 701 ct
307 628 475 701 ardenter
502 641 790 725 perscrutaretur
819 624 937 698 sedula
965 627 1243 761 perspicacitate.
1274 631 1316 700 ln

226 748 448 845 priscorum
467 742 650 846 questibus
668 743 745 816 haec
763 742 975 843 plerumque
990 743 1157 842 legimus,
1177 762 1213 817 et
1228 746 1318 818 insi-

247 885 333 961 gnes
350 858 558 945 didascalos,
576 857 620 929 de
634 882 782 929 suorum
795 856 1084 929 insultationibus
1096 858 1316 931 aemulorum

246 978 467 1078 plangentes,
485 976 688 1075 plangimus
703 975 771 1073 (r).
789 974 1313 1076 HieronymumetOrigenem,

246 1096 403 1196 aliosque
430 1094 595 1167 doctores
618 1092 662 1166 de
687 1092 972 1166 cavillationibus
995 1092 1257 1166 oblatratorum
1276 1096 1316 1166 in

245 1211 519 1315 allegationibus
532 1212 602 1283 suis
622 1226 836 1311 conquestos
852 1212 1049 1299 cernimus,
1068 1229 1104 1284 et
1122 1212 1315 1285 contrista·

247 1360 330 1406 mur
350 1330 449 1433 quod
468 1331 532 1404 hac
555 1328 599 1402 de
624 1357 723 1402 causa
745 1329 876 1402 nostris
893 1329 1004 1402 multa
1027 1332 1204 1428 praecipua
1223 1329 1314 1402 sub-

246 1467 359 1524 tracta
376 1466 459 1522 sunt
475 1446 661 1521 obtutibus
668 1502 678 1534 ,
696 1446 781 1517 dum
796 1446 932 1519 dicaces
948 1448 1113 1545 sophistae
1132 1449 1315 1521 malebant

199 1579 203 1588 '
247 1569 283 1639 iu
299 1567 375 1639 otio
396 1566 595 1666 quiescere,
615 1590 724 1662 quam
737 1560 856 1634 abdita
870 1561 1001 1635 diserte
1022 1563 1236 1662 proferendo
1254 1567 1312 1637 la-

245 1682 394 1770 borare,
415 1698 450 1753 et
473 1680 654 1753 maledicis
677 1677 948 1753 corrodentium
966 1680 1154 1753 latratibus
1172 1700 1310 1781 patere.

246 1801 496 1874 Conticescant
508 1799 658 1872 obsecro
671 1815 707 1870 et
726 1797 926 1898 quiescant,
943 1800 1004 1899 qui
1021 1825 1086 1873 nec
1103 1826 1162 1873 sna
1176 1799 1309 1888 edunt,

244 1943 311 1991 nec
321 1916 435 1990 aliena
446 1916 603 2017 benigne
613 1916 822 2015 suscipiunt,
838 1942 917 2003 nec,
931 1917 959 1989 si
973 1916 1060 2018 quid
1068 1918 1118 1990 cis
1128 1916 1309 2018 displicet,

245 2031 390 2133 pacifice
403 2033 603 2131 corrigunt.
620 2032 765 2103 Discunt
782 2058 820 2104 ea
839 2059 920 2133 quae
936 2033 1118 2122 nesciuut3
1135 2049 1189 2122 et,
1207 2035 1234 2105 si
1248 2033 1311 2106 di-

243 2174 341 2223 scere
355 2164 551 2248 nequcunt,
566 2148 748 2246 patiantur
761 2148 884 2220 saltem
901 2148 1142 2246 symmathites
1155 2152 1209 2248 (a)
1228 2177 1309 2224 suos

244 2266 350 2341 edere
365 2292 446 2367 quoe
464 2264 641 2338 sentiunt!

290 2386 343 2458 De
367 2383 523 2456 humano
541 2399 634 2454 statu
650 2383 839 2484 lapsuque,
863 2382 908 2456 de
926 2384 1077 2457 labentis
1092 2386 1212 2458 surculi
1236 2410 1308 2458 vo-

244 2500 438 2582 lubilitate,
458 2514 494 2571 et
510 2499 766 2598 praelatorum,
796 2499 1073 2601 principumque
1100 2518 1311 2574 nostrorum

243 2617 497 2706 vicissitudinc3
509 2615 553 2690 de
567 2642 651 2715 pace
663 2641 724 2689 seu
737 2616 846 2705 bello,
861 2634 896 2689 et
907 2618 1143 2708 multimodis,
1156 2620 1218 2719 qui
1233 2645 1308 2693 non

241 2736 424 2824 deficiunt,
437 2734 574 2809 casibus
584 2735 860 2835 terrigenarum,
875 2733 1180 2807 cuilibetdictanti
1192 2734 1310 2809 thema

243 2853 422 2928 scribendi
437 2870 489 2927 est
501 2853 697 2952 copiosum.
712 2852 765 2925 De
776 2851 957 2925 miraculis
970 2877 1056 2925 vcro
1069 2850 1313 2954 prodigiisque

242 2973 475 3059 Sanctorum,
495 2973 577 3070 quia
593 2972 702 3043 nimia
718 2999 816 3042 nunc
835 2971 870 3042 iu
887 2971 993 3043 terris
1011 2987 1063 3042 est
1079 2971 1227 3069 penuria
1244 2996 1310 3043 eo-

170 3072 175 3081 ·
245 3114 346 3176 rum,
362 3084 470 3160 modo
482 3085 717 3184 scriptoribus
734 3088 769 3157 in
785 3085 974 3158 referendo
990 3113 1063 3160 non
1078 3104 1131 3160 est
1145 3087 1311 3160 insudan-

243 3203 343 3276 dum.
361 3202 510 3302 Antiqui
525 3203 623 3275 enim
638 3219 757 3300 patres
772 3202 969 3275 :Martialis
981 3219 1017 3274 et
1030 3204 1220 3294 Taurinus,
1237 3204 1311 3277 Sil-

242 3337 372 3407 vester,
396 3318 574 3390 Martinus
594 3334 630 3390 et
647 3316 833 3406 Nicolaus,
858 3318 989 3418 aliique
1010 3318 1194 3392 mirabiles
1213 3321 1306 3407 viri,

243 3465 399 3539 quorum
417 3437 549 3535 linguae
559 3436 673 3509 claves
686 3436 769 3508 coeli
779 3436 879 3509 sactae
894 3453 996 3523 sunt,
1013 3437 1073 3533 qui
1087 3436 1216 3508 divinis
1230 3437 1310 3509 cha·

243 3553 448 3627 rismatibus
465 3553 580 3653 pleni,
602 3569 642 3624 ut
656 3552 815 3626 Plroebus
835 3554 870 3624 in
885 3553 1040 3626 Ecclesia
1058 3553 1253 3642 fulserunt,
1273 3572 1309 3626 et

241 3672 426 3745 elementis
439 3672 564 3744 mundi
578 3674 760 3771 aereisque
775 3669 1010 3769 potestatibus
1030 3673 1065 3743 in
1080 3672 1213 3744 virtute
1224 3697 1308 3744 om-

278 3895 316 3965 (r)
334 3896 369 3949 Le
382 3895 464 3949 rerbe
479 3896 614 3967 plangere
633 3907 675 3950 est
690 3896 816 3970 employd
831 3897 864 3951 ici
882 3896 949 3951 dans
966 3897 1038 3952 deux
1055 3899 1211 3971 acceptions
1224 3897 1308 3953 dille·

244 3994 353 4039 rentes:
366 3984 492 4057 plaindre
504 3996 533 4039 ct
545 4003 574 4038 se
586 3984 720 4057 plaindre.

278 4077 316 4146 (a)
330 4083 501 4142 Συμμαθητήςε
516 4076 693 4149 condisciplc.
716 4080 752 4131 le
772 4081 923 4133 manuscrit
941 4079 975 4133 de
993 4066 1207 4134 Salat-Err·oult
1226 4091 1307 4150 porte

243 4169 410 4227 aumatium
426 4164 450 4219 le
463 4176 536 4221 texte
548 4167 678 4238 imprime'
691 4189 696 4219 ε
709 4172 894 4238 symnrutr'tes.
