2888 4934
186 378 385 453 [ruurwsuuo
396 376 489 450 1099]
579 371 698 440 menn
717 371 855 437 NONUS.
1192 375 1256 437 603

186 530 273 602 ergo
284 500 909 602 cemetisiAggrediomuroliquid,
921 503 1024 602 quod
1032 503 1257 581 nobisomni·

188 621 254 693 bus
263 624 398 721 prosit,
415 621 517 720 quod
526 620 676 693 inclusis
687 619 826 695 civibus
838 619 947 694 obsit.
961 619 1257 718 Ligneasfacere

187 737 377 810 machinas
397 755 630 844 satagamus,
651 737 782 835 quibus
801 741 936 812 moenio
960 737 1020 812 oei
1042 753 1158 810 tunes
1182 742 1256 810 im-

184 880 404 954 pugnemus.
431 855 555 953 Tigno
578 854 626 927 de
646 854 832 946 domibus,
856 859 943 955 quio
967 873 1063 928 term
1083 855 1164 927 berc
1185 881 1257 928 non

186 990 239 1043 est
266 969 489 1069 arborffera,
524 998 729 1071 quaeramus
741 1029 754 1062 ,
783 972 844 1046 nel
873 972 993 1046 trabes
1021 972 1067 1047 de
1096 973 1257 1046 ecclesiis

188 1089 453 1190 absportemus,
477 1088 739 1188 machinasque
763 1106 977 1191 compactus
998 1092 1201 1186 engenius,
1224 1106 1259 1165 et

186 1204 283 1279 banc
298 1206 422 1278 urbem
437 1210 517 1279 totis
534 1205 798 1305 aggrediamur
809 1207 961 1280 nisibus.
977 1205 1153 1305 Alioquin
1170 1221 1259 1278 tem·

183 1350 254 1421 pus
272 1325 457 1398 incassum
474 1326 732 1397 consumimus.

236 1439 397 1514 Tandem
415 1439 536 1514 fideles
548 1440 691 1514 athletae
705 1440 816 1539 ligna,
833 1440 963 1539 procul
978 1467 998 1513 a
1018 1439 1100 1521 loco
1116 1439 1257 1512 distan-

189 1558 236 1629 tia
247 1560 313 1655 (ι),
326 1559 558 1646 invenerunt,
575 1585 656 1658 quae
671 1582 752 1631 cum
767 1557 895 1657 grandi
909 1556 1034 1631 labore
1047 1557 1256 1630 attulerunt.

188 1673 355 1747 Artifices
371 1675 514 1776 lignarii
528 1674 573 1748 dc
588 1691 668 1749 toto
682 1674 843 1749 exercitu
858 1676 960 1748 acciti
977 1690 1081 1762 sunt,
1101 1698 1259 1775 quorum

187 1790 244 1864 alii
272 1792 457 1892 lignorum
483 1793 738 1867 inconcinnum
760 1792 985 1890 superficiem
1009 1806 1257 1891 componunt,

187 1908 247 1980 alii
270 1907 412 1996 dolant,
434 1910 493 1982 alii
517 1908 723 1999 terebrant,
743 1909 802 1982 alii
828 1908 935 2008 lignis
953 1909 1050 2008 ligna
1071 1908 1257 2007 copulant.

188 2025 271 2097 Dux
287 2025 507 2098 Godelredus
523 2051 633 2122 unam
654 2024 699 2098 de
723 2024 794 2097 suis
813 2023 1041 2099 facultatibus
1063 2023 1261 2098 constituc-

189 2141 269 2231 bat,
288 2143 439 2215 alteram
451 2160 570 2215 comes
583 2142 783 2217 Tolosanus
797 2141 842 2215 de
855 2142 925 2214 suis
939 2140 1140 2239 sumptibus
1153 2140 1259 2214 statui

189 2258 432 2333 mandaverat.
460 2259 535 2332 Nec
560 2261 680 2333 minus
704 2259 860 2358 agareni
883 2259 928 2331 de
951 2256 1043 2331 urbe
1064 2254 1261 2330 munienda

188 2381 486 2454 sollicitabantur.
507 2380 621 2454 Nocte
639 2380 800 2453 turribus
820 2377 1010 2452 inaltandis
1029 2376 1260 2468 insistebant,

189 2514 226 2569 et
241 2497 323 2569 urbi
342 2496 566 2570 defensandae
585 2496 771 2595 irrequieti
787 2493 977 2572 vacabunt.

239 2611 400 2705 Quodam
415 2611 563 2683 subbato
576 2614 649 2709 (α),
666 2626 772 2683 nocte
786 2611 1015 2707 intempesta,
1031 2608 1131 2682 ducis
1144 2608 1262 2683 Gode·

191 2729 274 2801 iridi
289 2727 492 2801 machinam
502 2725 779 2815 transtulerunt,
792 2740 828 2797 et
838 2726 913 2798 sole
927 2741 1055 2798 exorto
1063 2725 1110 2798 ab
1122 2726 1264 2798 oriente

192 2860 405 2932 erexerunt,
423 2858 460 2915 et
476 2869 540 2941 per
559 2859 630 2915 tres
647 2841 722 2914 dies
737 2858 811 2914 tota
829 2839 1016 2914 sedulitate
1033 2865 1263 2939 praeparave-

193 2976 281 3033 runt
301 2977 338 3033 et
356 2975 626 3059 coaptaverunt.
652 2958 781 3032 Comes
801 2975 921 3030 autem
943 2986 963 3030 a
989 2956 1140 3031 meridie
1164 2984 1263 3030 suam

193 3074 1266 3177 propemurumconduxitmachinam‚quamligneumpossus
1390 3067 1391 3072 ’

194 3192 1134 3292 musvociturecastrum.Qu0ddamveroprolundum
1144 3192 1265 3290 praeci·

193 3312 324 3408 pitium
342 3308 558 3410 impediebat
571 3337 618 3384 ne
628 3337 736 3385 muro
747 3311 1043 3411 conjungeretur.
1058 3309 1154 3382 Talis
1165 3309 1264 3382 enim

227 3550 267 3618 (1)
278 3549 393 3605 Suivant
405 3549 444 3604 Μ.
459 3548 607 3617 liuhand,
622 3568 667 3605 ces
678 3549 740 3605 bois
750 3549 848 3606 iurent
861 3551 930 3605 tices
945 3549 994 3604 des
1008 3549 1164 3604 territoires
1176 3547 1264 3604 fores·

195 3637 263 3692 tiers
273 3637 308 3692 de
321 3639 444 3693 Senserie
455 3650 484 3694 et
495 3639 531 3694 de
543 3640 670 3696 Gabaon.
685 3639 807 3708 Gaston,
821 3641 941 3696 vicomte
954 3639 989 3696 de
1002 3639 1106 3706 Bearn,
1120 3640 1177 3694 tres
1188 3640 1267 3695 verse

196 3724 265 3778 dane
277 3724 302 3778 la
314 3729 505 3782 constnrction
517 3727 565 3784 des
580 3729 723 3784 machines
737 3728 773 3785 de
791 3748 903 3802 guerre,
918 3740 968 3784 eut
982 3728 1008 3782 la
1026 3728 1164 3783 direction
1181 3727 1217 3784 de
1234 3746 1266 3783 ce

197 3833 282 3888 genre
296 3813 331 3868 de
348 3825 471 3870 travaux.
489 3818 526 3872 Le
541 3817 596 3872 duc
613 3818 648 3875 de
665 3818 837 3874 Normandie
856 3819 899 3873 sut
916 3818 974 3872 l'uu
990 3816 1039 3872 des
1055 3816 1132 3872 chess
1148 3817 1266 3890 charges

196 3904 346 3960 d'escorter
358 3902 383 3959 le
396 3906 504 3960 couvoi.
522 3908 630 3980 Voyez,
646 3907 715 3963 daus
731 3907 758 3963 le
778 3909 854 3964 Belli
870 3909 953 3962 Sacri
964 3906 1089 3963 Histon'a
1107 3917 1136 3962 ct
1154 3906 1223 3960 dans
1239 3903 1266 3959 le

201 3997 288 4049 Gesta
301 3995 455 4063 Tuncredr',
469 3995 508 4050 les
517 3998 718 4053 circonstances
727 4000 785 4052 tres
794 4017 848 4071 peu
857 4000 1002 4072 poetiques
1011 3998 1060 4072 qui
1072 3996 1264 4070 procurireut,

197 4084 391 4151 disent-ils,is
416 4086 600 4142 Tancrbdcla
623 4087 790 4143 decouverte
812 4088 849 4143 de
872 4099 984 4163 poutres
1006 4097 1098 4151 tontes
1119 4083 1267 4158 preparees

198 4176 325 4230 d’avance
337 4194 408 4249 pour
420 4176 446 4230 la
459 4179 648 4234 construction
662 4178 710 4234 des
725 4179 876 4236 machiner.

234 4267 272 4337 (a)
288 4268 324 4322 Le
338 4266 442 4323 casnedi
453 4284 473 4340 9
480 4266 582 4338 juillet.
