2872 4920
186 430 294 506 [ioasi
554 424 671 486 traua
691 424 877 484 octavus.
1000 386 1005 396 “
1187 429 1247 486 aar

187 556 447 643 Belesmensis,
478 561 541 653 qui
561 560 663 654 patri
693 571 754 627 tao
767 551 853 651 juit
879 553 989 626 valde
1017 554 1189 644 dilectus,
1217 575 1251 628 et

187 671 312 744 multis
318 670 507 743 tortoribus
516 671 604 743 olim
613 670 659 743 ab
670 675 749 771 ipso
755 688 955 770 promotus,
970 696 1066 743 nunc
1076 698 1252 770 magnam

186 788 429 862 Normamaia
441 803 585 888 partem
596 787 780 888 possidet,
789 783 1077 887 fortissimisque
1095 787 1252 861 castellis

187 905 458 994 corroboratus,
475 930 570 1005 pene
585 904 753 977 omnibus
771 905 902 977 vicinis
922 906 999 977 suis
1020 921 1054 975 et
1069 905 1255 978 Neustrioe

185 1021 397 1124 proceribus
412 1024 637 1124 praeminet.
656 1023 727 1095 His
741 1028 865 1121 itaque
881 1024 915 1094 si
930 1022 1048 1094 animi
1060 1027 1112 1093 tui
1127 1049 1255 1096 ranco-

190 1165 264 1209 rem
290 1137 504 1227 indulseris,
532 1154 567 1210 et
592 1154 708 1210 tecum
736 1136 936 1237 benigniter
959 1139 1164 1227 retinueris,
1191 1153 1257 1210 aut

188 1256 318 1327 saltem
335 1284 361 1329 a
379 1272 412 1328 te
428 1282 622 1357 cumpace
641 1256 841 1345 dimiseris,
868 1281 992 1328 eorum
1014 1253 1136 1328 adbuc
1158 1254 1256 1327 ami-

189 1376 278 1446 citia
291 1375 503 1472 servitioque
519 1376 559 1444 in
574 1372 696 1445 multis
710 1371 887 1445 eventibus
901 1371 1038 1444 utiliter
1044 1369 1254 1471 perfrueris.

190 1490 295 1563 Idem
308 1493 373 1591 qui
386 1490 505 1581 ladit,
513 1491 596 1590 sbrs
609 1508 695 1591 post
713 1508 752 1562 ut
764 1493 907 1564 amicus
920 1489 1053 1562 obedit.
1068 1497 1114 1561 In
1128 1489 1257 1563 borum

189 1609 367 1678 comitutu
378 1606 535 1706 pollent,
554 1633 700 1706 seseque
715 1607 782 1678 tibi
794 1607 949 1705 offerunt
962 1609 1094 1679 exinsii
1105 1609 1255 1696 tirones,

189 1748 339 1820 quorum
369 1726 591 1811 servitutem,
623 1723 757 1819 inclyte
785 1752 868 1815 rea,
892 1724 1159 1826 parvipendere
1187 1751 1259 1797 non

190 1838 311 1912 debes.
332 1841 456 1939 Igitur
471 1866 560 1939 quos
576 1842 660 1939 jam
681 1845 860 1941 superasti
881 1856 1075 1940 potestate,
1100 1842 1259 1931 diuitiis,¹

191 1974 223 2027 et
247 1959 386 2056 ingenti
405 1958 613 2059 probitate,
640 1957 802 2057 subjuga
831 1957 900 2030 tibi
926 1959 1201 2058 magnificentia
1225 1974 1260 2030 et

189 2077 338 2171 pietate.
705 2167 707 2171 v
839 2078 844 2083 ”

240 2190 492 2290 Magnanimus
513 2192 631 2290 itaque
653 2216 734 2278 rex,
757 2188 912 2262 fidelium
930 2215 1077 2263 suorum
1097 2187 1264 2289 precibus

190 2308 320 2394 victus,
332 2308 492 2397 assensit,
503 2307 652 2380 exitium
665 2324 702 2379 et
714 2305 962 2381 membrorum
976 2306 1262 2382 debilitationem

189 2421 342 2498 obsessis
358 2421 523 2514 indulsit,
543 2421 636 2496 etde
648 2421 783 2522 oppido
796 2423 947 2497 exeundi
960 2425 1165 2497 facultatem
1180 2451 1262 2496 cum

189 2541 293 2642 equis
314 2556 351 2615 ct
372 2541 481 2613 armis
504 2539 689 2614 concessit.
718 2539 788 2612 Sed
811 2565 956 2614 omnem
983 2566 1082 2639 spem
1107 2538 1261 2613 habendi

188 2653 408 2730 hereditates
440 2671 477 2729 et
506 2671 619 2727 terras
648 2656 684 2727 in
716 2679 831 2754 regno
860 2656 956 2753 ejus,
988 2652 1158 2754 quamdiu
1189 2654 1262 2751 ipse

185 2787 380 2874 regnaret,
398 2770 558 2845 funditus
574 2769 737 2844 abscidit.
757 2773 860 2843 Tunc
877 2770 953 2843 Odo
971 2772 1130 2870 pontifex
1145 2798 1165 2843 a
1179 2793 1263 2871 rege

183 2889 286 2962 Rufo
325 2891 519 2988 impetrare
552 2887 740 2986 temptavit
776 2912 821 2959 ne
853 2886 1029 2960 tubicines
1060 2887 1097 2959 in
1136 2911 1264 2960 eorum

181 3031 336 3107 egressu
362 3005 458 3078 tubis
483 3020 673 3095 canerent,
699 3006 790 3077 sicut
810 3004 923 3077 moris
944 3018 1015 3096 est,
1037 3002 1123 3076 dum
1147 3003 1264 3078 hostes

184 3126 408 3215 vincuntur,
431 3139 468 3195 et
493 3149 558 3222 per
580 3122 655 3195 vim
679 3122 852 3221 oppidum
875 3122 1028 3221 capitur.
1047 3122 1122 3194 Rex
1146 3138 1266 3195 autem

179 3241 320 3329 iratus,
339 3241 437 3342 quod
455 3240 643 3340 petebatur
656 3225 807 3314 omnino
820 3238 1029 3339 denegavit,
1045 3263 1113 3311 nec
1129 3264 1165 3311 se
1181 3264 1265 3312 con·

176 3383 375 3432 cessurum
388 3359 498 3431 etiam
512 3373 663 3457 propter
678 3356 780 3430 mille
796 3356 873 3429 auri
889 3382 1029 3430 marcos
1046 3356 1163 3456 palam
1180 3379 1266 3428 asse·

177 3477 276 3547 ruit.
314 3473 510 3574 Oppidanis
546 3498 634 3575 ergo
669 3500 752 3546 cum
786 3497 948 3546 moerore
980 3486 1017 3545 et
1054 3469 1266 3545 verecundia

178 3589 483 3693 egredientibus,
516 3608 552 3663 et
580 3591 761 3692 regalibus
792 3589 886 3662 tubis
915 3617 998 3662 cum
1028 3588 1268 3689 gratulatione

181 3707 466 3809 clangentibus,
486 3707 683 3781 multitudo
705 3706 929 3807 Angforum,
954 3732 1034 3807 quae
1052 3707 1128 3806 regi
1151 3703 1269 3779 adhae-

179 3827 319 3914 lebat,
336 3826 474 3898 cunctis
491 3824 718 3899 audientibus
735 3822 1010 3913 vociferabatur,
1037 3840 1072 3896 et
1091 3821 1233 3895 dicebat
1258 3853 1268 3894 ι

184 3943 382 4041 Torques,
411 3961 553 4041 torques
584 3942 730 4040 offirte,
763 3959 795 4011 et
827 3942 1036 4014 traditorem
1061 3944 1270 4042 episcopum

184 4088 279 4132 cum
296 4065 371 4132 suis
386 4059 623 4161 complicibus
632 4059 808 4159 patibulis
822 4059 1042 4160 suspendite.
1060 4061 1199 4159 Magne
1207 4085 1273 4130 ren
