2872 4920
305 368 363 426 208
581 364 763 424 HISTORIA
786 365 1090 426 Ecctssslls'rtca.
1266 360 1401 449 [1037]

304 496 430 569 Finitis
442 521 528 569 vero
539 495 765 593 singulorum
773 495 952 594 precibus,
966 515 1160 598 coeperunt
1169 498 1332 600 aedituo(
1350 492 1400 588 ι)

301 612 528 709 percunctari
561 608 623 681 ubi
648 612 783 709 jaceret
812 638 941 710 corpus
973 615 1083 685 sancti
1114 614 1270 689 Nicolai.
1304 607 1402 709 Qui

302 755 387 803 mox
404 729 523 801 locum
540 727 753 816 ostendunt,
772 727 868 800 etde
887 729 1026 828 liquore
1042 748 1166 804 sancto
1183 733 1406 808 extrahen-

301 862 365 928 tes,
384 845 452 917 illis
469 843 648 916 tribuunt.
664 845 768 917 Tunc
783 846 915 943 Lupus,
932 847 1095 918 Barensis
1111 847 1316 946 presbyter,
1329 846 1409 921 (lc

300 965 381 1036 oleo
408 978 531 1035 sancto
557 963 593 1034 in
618 963 728 1034 vitrea
752 964 907 1061 ampulla
930 965 1101 1061 suscepit,
1127 965 1315 1068 ipsamque
1334 969 1409 1040 in

300 1081 392 1168 alto,
417 1096 457 1151 ut
475 1078 526 1151 ibi
548 1080 658 1151 tutius
678 1096 894 1169 servaretur,
915 1082 1037 1179 ponit;
1058 1107 1140 1180 quae
1160 1109 1264 1174 casu,
1286 1083 1414 1158 dum

300 1198 549 1298 loquerentur,
570 1200 814 1297 pavimentum
837 1224 943 1297 super
959 1225 1205 1272 marmoreum
1222 1202 1355 1277 cecidit
1377 1255 1412 1290 ,

253 1345 263 1369 ·
299 1314 360 1386 sed
371 1313 477 1387 illaesa
491 1341 563 1387 non
574 1316 650 1386 sine
663 1314 901 1386 admiratione
912 1316 1076 1387 omnium
1088 1320 1290 1414 permansit
1302 1320 1365 1418 (π)
1381 1370 1413 1389 .

298 1433 414 1506 Porro
432 1434 602 1504 Barenses
620 1459 700 1504 curn
725 1432 840 1503 tribus
861 1431 1064 1520 monachis,
1088 1433 1151 1532 qui
1175 1431 1221 1504 ad
1248 1451 1418 1510 custo-

298 1548 443 1622 diendas
458 1550 626 1650 reliquias
642 1549 757 1621 relicti
773 1566 893 1636 erant,
912 1550 1009 1650 quasi
1028 1566 1286 1648 attemptantes
1302 1554 1420 1627 ool-

299 1666 399 1766 loqui
416 1683 609 1764 coeperunt
630 1696 638 1735 :
662 1667 704 1736 V
699 1666 837 1737 olumur
860 1666 946 1738 binc
965 1684 1130 1739 sanetum
1152 1694 1291 1768 corpus
1305 1669 1419 1743 tol-

299 1781 390 1872 lere,
410 1799 640 1880 nostramque
653 1781 707 1852 ad
714 1784 878 1882 patriam
893 1800 1154 1884 transportare.
1173 1785 1265 1856 Hac
1277 1791 1419 1857 enirn

295 1927 364 2000 pro
379 1925 497 1972 causa
514 1901 682 1972 Romano
698 1904 800 1971 missi
817 1927 840 1971 a
855 1901 1027 1999 pontifice
1048 1905 1234 1989 venimus,
1256 1902 1417 1974 tribu-⁵

299 2017 441 2089 aduecti
463 2015 629 2089 navibus.
658 2015 699 2087 Si
723 2020 923 2088 consentire
945 2016 1050 2089 nobis
1071 2016 1140 2089 boe
1159 2017 1347 2091 uolueritis
1377 2071 1413 2104 ‚

223 2197 225 2201 ,
298 2133 471 2207 dabimus
496 2133 595 2207 uobis
617 2133 662 2205 de
687 2160 907 2233 unaquaque
929 2139 1048 2236 puppi
1072 2151 1215 2206 eentum
1239 2155 1416 2209 aureos

299 2251 452 2325 solidos.

347 2367 543 2443 Audientes
561 2385 680 2441 autem
698 2368 774 2441 haec
791 2369 956 2443 monachi
966 2424 976 2456 ,
998 2371 1118 2442 statim
1131 2373 1316 2469 stupefacti
1332 2376 1417 2444 el

297 2486 417 2586 pavidi
428 2484 599 2559 dixerunt
614 2518 622 2558 :
642 2488 811 2587 Qualiter
821 2489 889 2561 boc
899 2489 1077 2562 audemus
1094 2493 1417 2590 incipere,curr1

297 2603 421 2675 nullus
444 2604 609 2676 mortalis
633 2605 807 2677 haetenus
825 2603 891 2677 boc
912 2606 1067 2677 voluerit
1083 2611 1232 2702 impune
1249 2623 1421 2706 ιειημκ

298 2720 401 2823 tare?
430 2722 525 2820 Quis
552 2727 762 2794 temerarius
787 2729 877 2795 tanti
902 2729 1106 2795 commercii
1131 2751 1210 2797 esse
1232 2721 1425 2826 poterit

296 2855 435 2937 emptor
448 2837 509 2910 vel
528 2836 723 2910 ueriditor?
747 2838 841 2936 Qua
858 2855 931 2909 tam
944 2843 1107 2939 pretiosa
1123 2865 1178 2911 res
1197 2855 1233 2909 et
1249 2838 1429 2910 adiniae

297 2955 424 3027 rabilis
442 2973 542 3028 tanto
561 2956 728 3029 thesauro
745 2955 1040 3058 comparabitur?
1061 2957 1108 3029 Si
1123 2958 1281 3030 Domini
1295 2974 1432 3028 tens

297 3096 421 3142 rarum
438 3098 512 3144 non
531 3079 733 3162 temerarie,
755 3074 822 3146 sed
832 3074 1004 3175 precibus
1023 3093 1057 3146 et
1079 3076 1432 3177 supplicationi-f

298 3187 364 3261 bus
390 3190 491 3261 istud
516 3215 589 3261 nou
615 3186 787 3262 inchoare
813 3208 1090 3293 temptauerunt,
1120 3192 1278 3286 qualiter
1298 3214 1398 3263 aa(

296 3305 466 3378 valebitis
484 3309 631 3405 operari
639 3312 660 3376 Ρ
677 3306 794 3379 Sinite
815 3335 899 3408 ergo
919 3312 1079 3411 amplius
1097 3327 1242 3383 tantum
1259 3309 1360 3410 nefas

331 3608 371 3681 (1)
387 3606 464 3661 Lisez
483 3630 489 3659 ι
505 3604 640 3660 AEdituis.
666 3605 690 3660 ll
712 3605 801 3678 paralt
814 3625 868 3680 que
886 3606 912 3660 le
929 3617 1047 3661 convent
1069 3607 1137 3662 erait
1154 3611 1169 3661 a
1187 3608 1316 3681 tros-peu
1328 3606 1359 3660 de

295 3698 418 3754 distance
431 3697 479 3754 des
492 3697 671 3753 liabitations.
697 3698 741 3753 Ua
754 3708 889 3769 pretato,
908 3698 952 3754 dit
963 3699 1083 3753 l'auteur
1097 3698 1203 3754 italien.
1218 3699 1269 3754 Les
1280 3716 1357 3770 voya-

297 3807 378 3862 geurs
393 3809 412 3861 y
425 3791 586 3843 trouverent
601 3798 700 3862 quatre
720 3789 840 3856 moines,
862 3799 890 3842 et
910 3807 966 3843 non
986 3807 1034 3862 pas
1046 3791 1131 3855 troiS,
1151 3807 1261 3843 comme
1281 3786 1345 3843 ledi

297 3890 376 3934 notre
389 3890 499 3933 auteur.

330 3975 369 4038 (a)
384 3970 499 4024 Suivant
511 3968 549 4024 les
561 3989 728 4044 voyageurs,
742 3989 773 4024 ce
789 3971 832 4025 lut
844 3973 915 4024 saint
933 3970 1043 4025 Nicolas
1061 3971 1110 4045 qui
1125 3970 1156 4024 lit
1170 3970 1278 4025 toniber
1289 3975 1432 4023 uelut-a·

296 4058 358 4114 siole
370 4077 417 4114 sur
428 4057 455 4112 le
468 4057 523 4111 lieu
536 4061 573 4112 οὺ
592 4061 712 4130 reposait
729 4077 778 4113 son
791 4078 885 4132 corps,
899 4059 953 4113 asin
966 4059 1001 4113 de
1014 4059 1076 4114 lcur
1088 4078 1124 4113 en
1138 4058 1271 4132 indiquer
1282 4057 1429 4111 tun-

1384 3788 1434 3803 f

175 4172 180 4181 ·
296 4149 449 4223 placement
461 4159 547 4201 exact.
