2888 4934
185 483 375 558 [hato-tuaac
392 479 483 553 1099]
583 468 700 550 LIBER
720 474 859 535 NONUS.
1192 471 1252 543 ‘59⁵

188 610 350 681 civitates
374 638 382 678 ε
403 604 632 701 Bamch(1),
652 622 689 678 et
705 606 911 704 Sar-eptam,
929 632 1038 706 quam
1061 610 1171 706 vulgo
1187 637 1255 683 vo-

186 741 273 798 cant
295 724 470 823 Sagittam
487 724 557 820 (a);
575 740 615 795 et
629 724 788 820 Tyrum,
816 749 898 822 quae
916 723 984 796 Sor
1006 742 1253 824 nuncupatum

185 858 225 913 et
245 839 415 914 Acbaron
425 893 435 928 ,
454 865 535 939 quae
552 838 646 912 Aera
656 837 794 912 dicitnr
810 841 884 938 (5);
904 856 941 914 et
955 840 1038 915 inde
1050 844 1253 934 castellum,

187 959 286 1059 quod
303 955 452 1056 Caipbas
466 957 669 1055 appellatur
686 958 754 1054 (d).
779 957 941 1046 Exinde,
958 957 1159 1057 hospitandi
1175 987 1256 1060 gra-

186 1078 249 1165 tia,
263 1079 363 1177 juxta
376 1077 575 1149 Caesaream
593 1075 647 1171 (ὅ)
662 1093 854 1164 venerunt,
870 1073 931 1148 ubi
944 1075 1003 1149 die
1015 1079 1254 1167 Pentecostes,

186 1206 238 1268 tv⁰
254 1193 331 1266 idus
343 1195 437 1293 junii
452 1194 522 1291 (6),
537 1191 765 1292 quieverunt.
783 1192 921 1266 Deinde
936 1194 1154 1293 Diospolim,
1173 1218 1255 1296 quae

187 1309 379 1396 Ramatba,
410 1309 467 1382 vel
498 1307 718 1398 Arimathia,
748 1333 808 1381 seu
836 1309 985 1382 Ramula
1007 1327 1157 1383 vocatur
1179 1313 1253 1410 (7),

187 1442 366 1499 venerunt
374 1457 386 1516 ς
411 1426 553 1526 ibique,
574 1428 630 1497 via
647 1426 804 1525 fatigati,
824 1426 1081 1516 substiterunt,
1101 1444 1137 1501 et
1163 1431 1255 1503 cives

182 1546 259 1643 ejus
276 1570 353 1641 prae
373 1544 504 1617 timore
522 1544 802 1643 peregrinorum
822 1546 903 1643 luga
928 1545 1038 1644 elapsi
1056 1563 1156 1618 sunt.
1176 1548 1255 1619 lllic

186 1662 276 1734 olim
292 1662 484 1760 episcopali
504 1660 644 1733 honore
664 1679 780 1734 mater
802 1662 959 1735 Ecclesia
979 1662 1174 1762 gaudebat,
1195 1665 1255 1736 sed

184 1802 299 1869 nune,
311 1777 451 1850 viduata
464 1778 640 1878 dignitate
653 1779 831 1876 praesulis,
846 1778 1040 1853 admodum
1048 1797 1177 1853 moesta
1192 1807 1255 1881 ge·

183 1891 326 1979 mebat,
358 1894 442 1993 quia
476 1894 574 1967 locus
609 1893 671 1967 ille
699 1894 937 1966 cervicositati
974 1895 1255 1968 Sarraceuorum

186 1991 363 2106 inglorius
387 2006 606 2105 subjacebat.
629 2009 746 2080 Porro
769 2007 962 2080 Christiani
983 2011 1144 2105 praelatae
1171 2010 1253 2082 urbi

184 2123 394 2220 pontificem
427 2122 686 2210 restituerunt,
718 2124 824 2223 eique
854 2123 1011 2196 decimas
1045 2125 1255 2197 facultatum

182 2267 330 2314 suarum
346 2240 581 2331 obtuderunt,
599 2241 732 2342 quibus
749 2241 923 2339 potuisset
945 2243 1085 2315 collatis
1103 2243 1255 2342 dapsili-

183 2357 317 2430 tatibus
328 2359 451 2431 virere
459 2412 471 2450 ,
485 2375 522 2431 et
533 2359 722 2432 ecclesiam
734 2357 868 2431 diutius
879 2358 1075 2433 desolatam
1090 2360 1251 2434 relicere.

183 2472 239 2544 tbi
254 2474 339 2546 felix
350 2476 513 2574 agonista
523 2475 703 2574 Georgius
722 2475 913 2574 insigniter
924 2492 1143 2565 certaverat,
1159 2503 1254 2549 mar-

181 2589 339 2687 tyriique
351 2591 405 2693 ¹sui
417 2615 565 2661 clusum
578 2588 753 2659 nobiliter
764 2588 985 2685 expleverat3
1001 2591 1100 2686 cujus
1111 2588 1254 2662 basilica

216 2904 259 2975 (ι)
270 2902 385 2970 tenth,
399 2901 579 2973 aujourd'hui
593 2902 716 2957 Reirout.

220 2992 259 3063 (a)
272 2992 360 3046 Notre
368 3003 468 3046 auteur
478 2990 599 3047 confond
611 2991 725 3064 Sarepta
736 2993 746 3062 (
752 2991 930 3063 aujourd’tui
942 2992 1085 3066 Sarphen)
1095 3012 1158 3048 avec
1166 2994 1254 3049 Sidon

180 3082 194 3154 l
200 3081 380 3154 aujourd'hui
392 3081 504 3153 Seide),
519 3083 557 3137 ou
565 3080 604 3137 les
617 3082 718 3137 croises
730 3083 872 3154 passemnt
882 3099 919 3137 en
927 3081 1001 3138 effet.
1012 3083 1067 3139 Sur
1080 3083 1119 3139 les
1130 3096 1255 3157 serpents

183 3174 332 3230 venium
345 3172 428 3247 qu’ils
443 3174 656 3228 rencontneoent
666 3191 722 3227 aux
734 3174 863 3228 environs
875 3172 910 3229 de
923 3185 999 3229 cette
1013 3174 1091 3239 ville,
1109 3185 1138 3230 et
1151 3174 1178 3231 le
1194 3177 1254 3229 sin-

184 3262 277 3337 gulier
291 3262 403 3318 remede
416 3265 465 3337 qui
478 3262 539 3318 leur
552 3264 595 3319 lut
613 3263 730 3337 indique
745 3283 795 3337 par
812 3263 851 3319 les
867 3264 1009 3319 habitants
1022 3264 1060 3318 du
1074 3284 1153 3338 pays,
1172 3284 1253 3337 voyez

185 3352 284 3409 Albert
298 3353 393 3422 d'Aix,
408 3353 428 3406 l.
443 3371 471 3420 v,
485 3371 514 3425 p.
530 3357 572 3419 lo.

221 3441 261 3515 (ὅ)
275 3444 342 3517 Tyr.
352 3475 388 3486 -
397 3441 686 3498 Satur-tean-d’ncm.

219 3534 260 3604 (l)
273 3535 436 3589 L‘ancienne
445 3533 552 3606 Galpha
563 3532 630 3588 &tait
641 3533 729 3587 situee
738 3550 787 3586 sur
798 3531 963 3586 l’extrdmite
974 3531 1040 3586 d'un
1052 3533 1252 3605 promontoire,

182 3641 221 3678 an
236 3621 382 3677 sud-onest
393 3622 477 3679 d'une
489 3624 576 3696 petite
587 3621 729 3697 bourgade
740 3621 825 3695 qu’on
836 3620 943 3695 appelle
955 3621 1223 3695 calpha-labente.

221 3713 260 3784 (5)
268 3713 389 3768 'Ce'saree
402 3712 437 3767 de
449 3712 596 3767 Palestine.

222 3802 261 3874 (6)
274 3804 317 3857 Au
329 3801 387 3856 lieu
399 3801 434 3857 de
446 3802 522 3871 idus,
538 3802 601 3857 lissa
616 3802 764 3857 kalendas.
780 3803 817 3856 Le
830 3818 864 3875 29
877 3803 942 3855 mai.
1027 3802 1032 3812 ’

221 3894 261 3966 (7)
274 3892 314 3945 Ici
328 3901 408 3944 notre
424 3901 523 3946 auteur
540 3890 661 3946 confond
678 3891 786 3963 Lydda,
806 3891 960 3945 l'ancienne
976 3890 1127 3963 Diospolis,
1146 3892 1253 3948 celebre

186 4000 239 4056 par
252 3979 278 4037 le
290 3991 412 4054 martyre
428 3980 463 4035 de
480 3981 552 4035 saint
568 3979 709 4052 Georges,
726 3997 790 4035 avec
806 3978 913 4034 Ramla.
930 3981 980 4034 Les
988 3980 1093 4034 croises
1104 3981 1251 4055 s‘empare2

186 4080 251 4124 rent
264 4069 493 4124 successivement
504 4066 540 4123 de
553 4085 598 4124 ces
610 4066 780 4123 deux'villes.
794 4068 835 4124 Ce
849 4067 893 4122 lut
904 4065 973 4121 dans
984 4066 1009 4121 la
1022 4069 1160 4140 premiere
1171 4067 1252 4142 qu’ils

187 4157 336 4213 ctablirent
349 4175 388 4212 un
399 4157 513 4232 evaque.
526 4157 567 4212 Ce
577 4155 667 4230 prelat
677 4157 745 4212 etait
756 4153 915 4225 Narmaud,
929 4156 1080 4232 oripiuaire
1091 4157 1130 4211 du
1144 4156 1253 4211 diocese

185 4245 222 4300 de
236 4245 353 4319 Rosea,
366 4257 395 4302 et
408 4245 551 4320 a’appelait
562 4244 679 4301 Robert.
