2888 4934
184 458 424 532 [ιν-1111111111.
438 453 528 527 1099]
575 448 692 511 nutu
714 448 850 510 NONUS.
1182 454 1241 512 6¹1

183 585 380 684 subjugatae
408 582 509 656 urbis
530 580 793 680 spoliaverunt,
819 582 874 653 vel
902 596 1169 670 cremaverunt3
1188 582 1247 655 sed

184 704 275 774 sicut
294 699 419 773 domos
442 698 610 773 omnibus
630 697 737 771 bonis
759 698 906 771 reterns
930 699 1166 785 invenerunt,
1193 724 1249 771 eas

184 819 257 890 suis
280 814 545 889 necessitatibus
567 814 756 913 peculiatas
779 830 1070 902 reservaverunt,
1089 831 1125 886 et
1145 816 1251 888 multi

185 933 372 1032 dapsiliter
399 933 543 1005 inventa
576 931 850 1029 pauperioribus
880 932 1249 1005 communicaverunt.

186 1050 438 1149 Unusquisque
467 1048 616 1121 domum
647 1048 966 1147 qualemcumque,
997 1073 1163 1146 magnam
1193 1073 1254 1120 seu

187 1192 354 1263 parvam,
368 1189 476 1265 quam
490 1165 659 1263 primitus
671 1163 816 1253 invasit,
833 1190 873 1236 ae
887 1163 1038 1237 ethnicis
1051 1165 1253 1253 evacuavit,

187 1283 308 1379 quiete
318 1281 399 1368 sibi,
413 1307 496 1354 cum
507 1279 791 1379 omnibusgaais,
805 1305 886 1379 quae
902 1281 996 1352 intus
1009 1295 1126 1369 erant,
1142 1280 1256 1353 libere

189 1394 362 1494 possedit,
381 1412 418 1468 et
432 1421 544 1495 usqne
559 1393 667 1468 hodie
683 1395 902 1471 hereditario
914 1397 994 1496 jure
1012 1394 1180 1469 custodit.

238 1511 445 1603 Christiani,
457 1513 595 1612 jamdiu
608 1512 808 1586 desiderato
824 1514 928 1611 potiti
948 1511 1153 1612 triumpho,
1177 1539 1257 1584 ma-

189 1628 295 1701 nibus
311 1656 331 1701 a
348 1630 444 1703 eaede
460 1628 611 1718 ablutis,
634 1630 740 1702 multi
754 1630 903 1729 pedibus
916 1630 1144 1718 discalciatis,
1168 1656 1258 1728 gau-

189 1746 313 1819 dentes
339 1763 375 1820 et
402 1775 478 1846 prae
501 1747 631 1847 gaudio
652 1748 855 1844 plorantes,
880 1747 924 1818 ad
950 1763 1113 1820 sanctum
1137 1746 1257 1818 Sancti

188 1862 382 1935 Salvatoris
399 1863 604 1962 sepulcrum
620 1861 917 1947 deosculandum,
936 1862 1147 1934 catervatim
1169 1887 1257 1960 pro-

191 1994 429 2071 peraverunt,
456 1977 578 2076 ibique
605 1976 867 2073 gratulabunda
891 1975 1038 2047 donaria
1064 1991 1100 2047 et
1126 1975 1259 2048 hostias

191 2091 353 2188 pacificas
364 2089 591 2164 obtulerunt.
603 2094 708 2164 Tunc
719 2093 845 2190 ingens
857 2089 1021 2162 fidelibus
1033 2092 1157 2164 laetitia
1170 2093 1255 2181 luit,

192 2204 254 2278 ubi
268 2233 393 2279 omnes
406 2206 524 2305 adepti
538 2223 621 2279 suut
633 2206 730 2307 quod
743 2207 806 2279 diu
819 2223 1110 2306 expectaverant,
1127 2223 1258 2285 etcum

190 2323 314 2395 multis
334 2322 517 2396 laboribus
533 2325 772 2424 periculisque
790 2327 1049 2422 expetiverant.
1070 2324 1125 2396 lbi
1148 2325 1258 2399 finem

189 2439 324 2514 laboris
350 2442 403 2513 sui
435 2442 568 2514 alacres
595 2440 786 2522 videbant,
812 2443 960 2540 jamque
987 2442 1183 2516 securiores
1213 2472 1257 2518 ex

189 2555 1258 2655 praesentibusdeluturisbenissibiretributionesaffuturas

191 2671 492 2771 imaginabantur.
524 2672 576 2743 De
606 2670 794 2743 efferendis
822 2686 940 2744 autem
970 2690 1258 2770 procuraverunt

189 2786 437 2874 cadaveribus,
460 2786 632 2889 quoniam
657 2785 790 2860 horror
814 2785 1068 2874 invalescebat,
1090 2804 1125 2862 et
1144 2791 1257 2863 sector

190 2904 478 2978 immanissimus.
517 2903 549 2977 A
576 2904 724 3004 captivis
754 2904 948 3003 gentilibus
981 2922 1017 2979 et
1046 2906 1256 2984 Christianis

190 3020 425 3120 pauperibus,
443 3020 528 3094 dato
541 3021 677 3120 pretio,
694 3015 896 3096 occisorum
908 3047 1062 3121 corpora
1074 3049 1139 3121 per
1152 3050 1256 3122 pyras

188 3154 396 3212 coacervata
414 3155 514 3224 sunt;
530 3138 661 3240 quibus
678 3138 884 3228 combustis,
905 3141 1018 3213 nostri
1036 3139 1082 3213 ab
1097 3142 1256 3215 immun-

190 3253 288 3330 ditiis
303 3253 430 3329 urbem
450 3255 749 3332 emundaverunt.
1262 3244 1264 3249 ¹

240 3373 342 3448 XVI.
369 3371 507 3447 Fideles
531 3371 664 3446 Christi
680 3374 813 3447 milites
834 3374 872 3446 in
893 3375 1036 3447 civitate
1059 3375 1256 3449 Jerusalem

193 3489 306 3561 securi
329 3487 520 3579 sederunt,
550 3487 744 3588 condignas
772 3489 848 3561 Deo
873 3488 1004 3587 gratias
1030 3489 1255 3580 retulerunt,

194 3606 292 3704 cujus
314 3632 383 3706 ope
403 3607 557 3708 gratuita
575 3604 619 3679 de
636 3604 788 3679 ethnicis
807 3606 997 3679 victoriam
1018 3605 1135 3707 adepti
1159 3624 1255 3680 sunt.

196 3719 394 3819 Dignitates
421 3723 527 3796 etiam
557 3750 636 3800 suas
663 3723 818 3797 ecclesiis
846 3723 1103 3811 restituerunt,
1134 3749 1261 3826 easque

199 3836 355 3936 singulas
376 3837 420 3909 ad
439 3863 529 3936 opus
546 3839 720 3912 orationis
734 3854 959 3939 aptaverunt.
979 3839 1109 3933 Quinta
1125 3840 1261 3933 decima

199 3952 257 4026 die
261 3954 357 4056 julii,
369 3967 420 4027 v1·
432 3954 533 4046 seria,
547 3955 792 4031 celebritatem
802 3958 1047 4050 instituerunt,
1059 3984 1130 4061 qua
1143 3961 1263 4034 civita-

202 4088 274 4144 tem
291 4090 606 4171 recuperaverunt.
626 4075 678 4147 De
693 4074 942 4150 constituendo
954 4076 1060 4151 etiam
1075 4077 1124 4150 ihi
1141 4099 1263 4186 regem
