2888 4934
551 458 667 519 uem
687 459 873 521 acastus.
1182 465 1243 528 437
1324 437 1329 444 ’

181 591 440 693 AEgyptiorum
455 606 603 687 patrum
632 592 792 678 tramite,
819 592 946 688 quiin
974 591 1184 684 Thebaida,
1210 612 1244 666 et

183 709 323 782 Sancta
335 713 373 780 in
394 711 508 780 Terra
522 707 842 782 commorabantur
856 713 949 781 iuter
959 709 1131 783 barbaros
1148 716 1246 783 anti-

183 854 253 924 quo
273 836 447 929 tempore,
464 830 705 899 necessariam
718 829 893 898 rationem
912 827 1036 899 subtili
1052 829 1247 902 considera

183 964 473 1017 examinatione.

233 1063 367 1135 Nullus
389 1063 519 1135 doctor
532 1065 617 1162 jure
636 1066 732 1160 cogit
743 1062 879 1161 fideles
903 1066 1025 1135 omnia
1044 1067 1124 1163 pati
1139 1068 1249 1164 pacis

185 1197 358 1278 tempore,
381 1207 464 1278 quea
482 1184 600 1251 sancti
618 1196 792 1277 martyres
810 1180 991 1280 cornpulsi
1008 1185 1146 1253 suntin
1162 1208 1251 1281 per-

183 1298 421 1370 secutionibus
440 1324 675 1398 paganorum
698 1297 869 1383 tolerare,
898 1302 1068 1397 quoniam
1091 1324 1158 1371 nec
1179 1301 1253 1399 ipsi

184 1415 314 1486 eadem
331 1433 416 1487 ante
432 1442 637 1515 pressuram
659 1417 848 1513 impiorum
865 1417 958 1487 ultro
970 1421 1133 1516 perpessi
1148 1434 1249 1506 sunt,

183 1537 500 1629 quae,neeessitate
503 1531 900 1632 postmodumcogente,
906 1560 975 1631 pro
972 1532 1054 1628 fide
1061 1548 1249 1621 certantes,

182 1654 440 1721 sustirmerunt.
459 1652 544 1722 Hoc
558 1652 724 1731 nimirum
742 1651 923 1721 Dominus
936 1656 1047 1721 Petro
1063 1645 1254 1745 mandeste

183 1766 402 1857 declaravit,
422 1769 546 1839 dicens
563 1795 573 1838 :
589 1767 678 1837 Cum
697 1792 785 1838 esses
798 1767 937 1865 junior,
956 1766 1125 1863 cingebas
1143 1782 1196 1854 te,
1218 1783 1254 1838 et

183 1882 389 1955 ambulabas
403 1885 464 1956 ubi
478 1884 634 1958 volebas.
650 1884 740 1954 Cum
755 1900 873 1956 autem
891 1884 1069 1973 senueris,
1088 1881 1254 1955 extendes

186 2027 312 2073 manus
332 2020 425 2090 tuas,
449 2020 485 2074 et
504 2003 592 2074 alius
613 2019 647 2073 te
665 2003 805 2101 cinget,
830 2017 868 2073 et
889 2000 996 2074 ducet
1018 2028 1092 2102 quo
1116 2019 1155 2073 tu
1176 2026 1254 2074 non

187 2121 241 2192 vis
258 2121 327 2217 (1).
348 2121 557 2193 Secundum
571 2138 758 2219 praecepta
781 2120 914 2192 divina
932 2121 1044 2219 legis,
1060 2120 1258 2220 prudenter

189 2238 324 2309 intuere
347 2265 458 2336 quam
484 2237 638 2309 discrete
657 2241 695 2307 in
714 2242 777 2308 oia
796 2238 869 2308 Dei
884 2235 1022 2308 deceat*
1039 2253 1072 2307 te
1091 2235 1172 2308 illos
1193 2235 1255 2306 di-

188 2357 318 2450 n'gere,
339 2358 400 2450 qui
413 2370 542 2453 sponte
556 2381 626 2425 sua
644 2357 799 2425 conversi
814 2379 840 2424 a
854 2351 1044 2423 mundana
1056 2359 1252 2448 pravitate,

188 2470 253 2541 sub
271 2487 333 2542 tuo
351 2476 568 2569 magistratu
585 2470 865 2543 emendatiorem
883 2474 999 2542 uitam
1016 2469 1143 2541 volunt
1157 2471 1254 2543 arri-

187 2613 283 2684 pere.
323 2587 408 2686 Qua
437 2590 576 2659 ratione
597 2602 718 2685 potest
746 2585 950 2687 approbari
985 2601 1024 2657 ut
1055 2585 1159 2673 illos,
1192 2586 1258 2682 qui

190 2702 281 2773 ultro
294 2704 424 2775 uolunt
439 2729 544 2774 snum
557 2728 714 2800 nequam
731 2727 808 2773 esse
822 2703 860 2772 in
877 2701 1009 2772 bonum
1025 2716 1186 2788 mutare,
1205 2699 1259 2770 ad

188 2820 344 2892 latebras
360 2821 473 2891 Pauli
486 2820 547 2892 vel
562 2821 717 2891 Antonii
728 2819 907 2890 violenter
918 2816 1051 2888 debeas
1068 2813 1256 2913 effugare?

189 2937 249 3009 Illi
265 2943 414 3038 quippe,
426 2955 618 3038 parentum
633 2940 743 3009 etiam
757 2963 903 3009 suarum
917 2939 1057 3022 timore,
1073 2935 1118 3006 de
1130 2949 1258 3032 pater-

190 3057 248 3126 nis
270 3055 426 3144 laribus,
454 3083 497 3127 ne
522 3055 787 3143 occiderentur,
798 3050 951 3152 sugere.
978 3050 1159 3124 Providus
1181 3053 1258 3122 Ar-

191 3172 330 3244 cltiater
350 3192 525 3273 aegrotum
533 3172 639 3268 Jovet
661 3191 859 3275 temperato
878 3173 1142 3258 medicamine,
1165 3197 1210 3242 ne
1225 3172 1261 3241 si

191 3292 297 3361 nimis
320 3296 532 3390 importunae
555 3292 808 3365 medicationis
831 3309 945 3363 verrat
968 3290 1148 3390 infirmum
1172 3315 1258 3360 cru-

191 3411 363 3496 ciamine,
380 3437 484 3507 quem
499 3409 703 3483 curandum
716 3426 936 3510 susceperat,
953 3409 1124 3480 videatur
1136 3408 1260 3479 eatin-

107 3541 113 3553 '
187 3551 311 3623 guere.
334 3527 469 3600 Nullus
483 3528 647 3630 prudens
666 3527 826 3601 invalido
846 3525 954 3625 irffert
972 3552 1063 3598 onus
1082 3527 1260 3622 importa-

193 3642 284 3734 bile,
298 3673 343 3716 ne
356 3645 474 3718 lassus
488 3650 656 3747 portitor,
675 3646 736 3718 vel
751 3671 944 3747 oppressus
959 3646 1122 3731 sarcina,
1133 3658 1261 3742 pereat

194 3789 233 3832 tn
251 3779 386 3833 itinere.

242 3879 299 3949 Sic
314 3880 429 3977 palam
441 3879 626 3953 monachis
635 3878 934 3978 repugnantibus,
945 3876 1037 3949 dixit
1047 3876 1156 3949 abbas
1168 3874 1263 3949 Rod-

191 3995 316 4068 bertus
335 4030 343 4068 :
364 3999 619 4070 Inimitabilem
637 4000 899 4098 AEgyptiorum
911 4013 1061 4099 patrum
1078 3997 1193 4068 uitam
1211 3994 1264 4066 ael

230 4253 269 4319 (ι)
284 4253 416 4315 doliana..
431 4274 487 4321 uss,
507 4258 547 4311 18.
