2888 4934
186 361 225 417 82
459 356 643 417 HISTORIA
663 356 968 420 tecteslas'nca
1080 363 1251 445 [saecat]

186 487 235 560 ob
264 486 459 559 sanctitatis
485 489 760 587 praerogativam
790 490 942 562 nimium
967 490 1153 564 dilexerat.
1184 495 1252 569 Hic

183 630 290 704 ergo,
318 630 400 675 cum
423 602 560 677 rideret
587 606 768 703 privatum
794 631 831 679 se
858 622 959 680 tanto
987 624 1109 707 patre,
1137 612 1253 686 nimio

184 721 329 794 allectus
351 721 497 808 dolore,
517 721 657 795 dicebat
677 755 685 794 ε
705 728 815 797 Heu!
840 725 932 823 quid
941 721 1095 824 faciam
1116 729 1252 802 miser?

186 841 261 912 Car
273 840 437 911 destituis
454 866 559 938 quem
580 858 613 912 te
615 839 802 939 fatebaris
817 842 1009 932 dilexisse,
1025 844 1160 945 pater?
1176 848 1255 947 Qui

184 961 254 1029 tuis
270 984 370 1028 eram
387 962 534 1030 intimus
556 959 737 1046 consiliis,
761 988 827 1032 cnr
845 988 869 1032 a
888 977 921 1032 te
942 962 1068 1034 divelli
1080 963 1254 1065 pateris?

187 1075 304 1174 Quem
327 1076 513 1148 tractabas
531 1092 572 1148 ut
580 1076 728 1177 filiam,
753 1102 820 1149 cur
839 1080 999 1178 despicis
1017 1096 1056 1150 at
1071 1081 1253 1154 exosum?

183 1199 280 1267 Sane
302 1219 491 1291 rtanquam
510 1195 617 1292 apud
641 1211 675 1264 te
695 1196 876 1292 promerui
902 1212 940 1265 ut
961 1213 1047 1267 ante
1066 1223 1123 1268 me
1140 1197 1254 1271 celles

187 1310 382 1410 sepulturae
400 1311 510 1382 tradi.

304 1466 382 1520 Talia
396 1467 535 1538 perstabat
549 1468 587 1539 (ι)
606 1486 773 1535 nictttorans,
790 1470 978 1543 lacrymasque
990 1470 1089 1525 ciebat.

182 1600 232 1671 Et
247 1624 329 1672 ecce
352 1600 387 1670 in
410 1601 481 1698 ipsa
501 1616 605 1672 nocte
626 1601 825 1674 Dominicae
849 1602 1139 1675 circumcisionis
1162 1619 1255 1677 nutu

184 1716 309 1790 divino
325 1718 443 1790 emisit
458 1717 638 1816 spiritum.
659 1717 762 1810 Quod
787 1720 958 1792 nimirum
979 1719 1146 1819 precibus
1162 1719 1253 1794 bea·

186 1835 308 1906 tissimi
327 1836 438 1934 patris
462 1833 604 1907 Ebrulfi
623 1852 760 1909 constat
780 1836 884 1909 luisse
906 1854 1063 1936 gestum,
1088 1836 1256 1912 videlicet

57 1970 64 1981 ’
187 1976 352 2053 nequem
366 1950 539 2025 dilexerat
555 1951 795 2052 hujusmundi
811 1952 969 2028 ludibrio
982 1952 1201 2055 subjaceret,
1220 1972 1257 2026 et

188 2086 226 2141 ut
237 2085 449 2167 precantum
462 2071 554 2143 votis
570 2096 606 2143 se
620 2072 886 2171 promptissime
898 2070 1096 2145 all'uturum
1108 2071 1258 2148 demon·

188 2204 330 2259 straret.
357 2187 484 2287 Sicque
508 2187 705 2260 monachus
731 2188 790 2261 ille
818 2189 941 2287 (juxta
971 2187 1067 2288 quod
1091 2205 1258 2287 precatus

188 2305 325 2403 suerat)
346 2305 524 2403 expositus
545 2321 596 2377 est
613 2303 658 2376 ad
673 2303 916 2403 sepeliendum
940 2306 976 2377 iu
997 2307 1155 2380 crastino
1173 2333 1257 2379 cum

191 2447 255 2494 suo
272 2419 414 2494 abbate.
434 2422 464 2493 0
481 2447 579 2494 mors
597 2423 770 2521 gloriosa,
789 2448 870 2523 quae
888 2422 1079 2521 pretiosior
1095 2424 1260 2497 consistit

192 2565 300 2642 quam
313 2539 401 2611 vital
418 2537 521 2633 Quod
533 2539 630 2612 enim
643 2536 823 2638 subripuit
837 2537 991 2630 mundo,
1012 2537 1262 2614 indubitanter

194 2658 355 2758 ascripsit
380 2656 489 2730 coelo.
511 2656 647 2729 Verum
672 2657 869 2755 (quantum
896 2681 1039 2754 ροεευω
1062 2658 1262 2758 conjicere)

196 2776 321 2848 melius
345 2774 412 2846 tuit
434 2773 485 2845 illi
511 2773 561 2845 sic
584 2774 699 2861 mori,
725 2799 833 2873 qnam
856 2771 900 2844 de
924 2789 1041 2845 morte
1062 2773 1196 2844 iterum
1218 2770 1281 2874 ad*

197 2908 353 2968 mortem
385 2891 597 2964 resuscitari.
633 2891 738 2963 Nunc
770 2891 868 2963 enim
902 2906 1019 2964 certus
1049 2888 1093 2962 de
1124 2891 1262 2982 salute,

199 3012 300 3085 nullo
317 3011 419 3082 timet
436 3009 670 3082 contaminari
688 3010 905 3107 peccamine.
927 3008 963 3079 Si
979 3009 1264 3098 resuscitaretur,

199 3129 301 3227 (spe)
315 3127 372 3224 (a)
388 3126 514 3198 anxius
526 3123 708 3197 laboraret
720 3123 831 3199 dubio
843 3124 1060 3197 discrimine.
1079 3125 1162 3200 Non
1177 3151 1267 3228 ergo

196 3245 292 3320 istud
311 3245 423 3318 levius
439 3241 683 3340 accipiendum
705 3259 757 3314 est
779 3245 1015 3343 suprascripta
1034 3263 1268 3319 mortuorum

201 3363 452 3439 vivificatione.
470 3393 487 3430 s

834 3528 884 3535 .—-
894 3528 902 3533 ·-
908 3528 1130 3535 —--.-...·--—-
1143 3526 1269 3536 —-—·-—-

237 3615 277 3678 (t)
292 3611 327 3665 La
339 3610 476 3682 premiere
487 3608 576 3681 partie
588 3605 624 3661 de
635 3624 667 3661 oe
678 3626 739 3661 vers
750 3618 791 3663 est
801 3611 990 3680 empruntcel
1004 3609 1127 3683 Virgile,
1142 3609 1269 3681 AEner'd,

205 3719 237 3768 u,
252 3720 277 3754 v.
290 3700 357 3768 650,
375 3710 404 3754 et
420 3699 445 3753 la
457 3697 576 3753 oecoudc
589 3716 625 3753 au
637 3698 728 3753 meme
739 3707 847 3765 auteur,
863 3698 941 3765 tttd„
957 3717 995 3767 vt,
1014 3697 1074 3766 468.
1096 3701 1141 3754 Aa
1160 3698 1217 3756 lieu
1236 3698 1272 3756 de

204 3791 361 3863 perstabat,
375 3788 401 3843 la
412 3788 528 3861 legende
539 3788 679 3860 primitive
691 3789 838 3861 imprimes
849 3797 930 3862 porte
942 3812 947 3841 ι
958 3789 1124 3860 praestabat.

240 3885 281 3951 (a)
293 3877 435 3934 Peccandi
446 3897 504 3950 spe.
515 3881 525 3948 (
532 3879 595 3933 llas.
607 3878 660 3933 Rec
671 3888 700 3933 et
709 3878 836 3947 Conch.).
851 3878 931 3934 Cette
944 3877 1045 3951 phrase
1059 3877 1119 3934 doit
1128 3877 1202 3934 alors
1211 3879 1274 3934 etse

206 3972 343 4044 pouctuca
358 3969 427 4023 ainsi
445 3991 451 4020 τ
468 3969 500 4021 Si
512 3971 736 4034 resuscitaretur,
756 3967 904 4040 peccandi,
924 3988 973 4040 spe
993 3971 1111 4035 auxius,
1130 3966 1276 4022 labomret

205 4059 290 4115 dubio
304 4055 473 4114 discrimine.
489 4058 528 4114 Ce
540 4056 609 4131 qu'il
626 4077 644 4129 y
658 4060 747 4113 aurait
762 4076 862 4113 encore
875 4057 910 4110 de
925 4058 1015 4112 micnx
1029 4061 1044 4112 l
1060 4057 1128 4112 faire
1142 4058 1225 4112 serait
1239 4056 1277 4111 de

207 4151 358 4206 substituer
371 4147 509 4222 peccandi
520 4167 554 4202 au
571 4159 629 4202 mot
644 4167 700 4219 spe.
