2872 4920
63 400 306 494 [soar-1⁰90]
461 409 577 472 metu
598 412 803 475 suauitatis.
1111 414 1171 473 217
1247 419 1254 435 ·

62 563 166 646 que
179 541 219 614 in
231 540 376 614 ecclesia
387 541 487 615 Beati
500 543 671 642 Stephani
686 546 976 644 protomartyris,
991 569 1073 645 quae
1088 557 1172 615 ante

64 677 169 733 tres
193 681 310 730 annos
330 655 502 731 fabricata
525 659 641 732 lucrat
667 660 713 732 ab
734 659 1024 759 archiepiscopo,
1052 657 1171 732 nautis

65 771 303 875 petentibus
316 790 352 847 et
366 776 504 848 cunctis
519 774 674 867 civibus,
690 793 898 850 reverenter
912 776 1068 876 positum
1077 790 1145 848 est.
1233 826 1237 835 ·

137 890 284 965 Deinde
307 892 495 992 propriam
517 891 702 966 basilicam
725 910 849 968 sancto
872 893 1024 968 Nicolao
1046 916 1173 991 coepe-

68 1025 201 1099 runt,
227 1027 464 1113 unctumque
494 1038 626 1111 corpus
654 1027 692 1086 et
714 1010 917 1087 oblationes
942 1010 1102 1086 fidelium
1135 1024 1172 1082 et

69 1152 185 1227 opus
207 1125 365 1202 basilicae
387 1127 595 1202 venerando
615 1128 729 1202 Heliae
749 1127 870 1202 abbati
889 1126 1169 1212 commiserunt,

74 1246 542 1347 ipsumquepraepositum,
554 1271 729 1320 consensu
739 1245 997 1345 archiepiscopi
1006 1247 1172 1319 etlavore

74 1364 280 1457 omnium,
293 1389 402 1465 super
412 1363 583 1440 omnibus
596 1391 678 1466 quae
692 1363 827 1464 agenda
845 1380 962 1453 erant,
982 1362 1173 1437 constitue·

77 1497 196 1556 runt.
210 1481 384 1556 Protinus
393 1481 544 1556 diversoe
556 1480 806 1556 multitudines
815 1480 861 1554 ab
873 1481 1048 1554 universis
1063 1478 1172 1552 totius

78 1597 277 1700 Hesperie
301 1600 499 1707 prouinciis
521 1617 784 1675 convenerunt.
809 1601 1004 1674 Innumero
1027 1620 1173 1698 quoque

80 1712 195 1813 signa
219 1731 257 1788 et
283 1716 457 1790 miracula
486 1714 648 1817 quotidie
676 1715 849 1789 divinitus
876 1714 981 1788 fiunt.
1014 1714 1106 1788 Nam
1135 1712 1171 1783 iu

83 1829 322 1921 primodie,
350 1830 438 1905 dum
463 1849 626 1908 sanctum
652 1858 784 1933 corpus
810 1835 848 1905 in
876 1832 1021 1906 ecclesia
1048 1828 1171 1902 Sancti

82 1938 301 2038 Benedicti,
330 1965 371 2023 ut
399 1948 537 2024 dictum
565 1964 637 2041 est,
665 1950 869 2051 depositum
899 1952 986 2039 luit,
1019 1947 1172 2047 amplius

83 2077 205 2154 quum
218 2088 293 2137 xxx
308 2062 532 2137 infirmantes
549 2064 738 2165 utriusque
751 2090 854 2137 sexus
871 2079 907 2137 et
920 2063 1040 2137 omnis
1057 2060 1172 2135 aetatis

82 2192 113 2240 θ
149 2180 364 2255 multimodis
397 2179 667 2254 infirmitatibus
693 2180 913 2271 liberantur,
945 2180 1172 2279 perlectoque

79 2297 245 2370 sanine
262 2313 427 2396 recepta,
451 2323 533 2370 cum
551 2299 749 2398 gratiarum
768 2303 910 2372 actione
927 2297 1002 2371 laeti
1019 2311 1055 2369 et
1073 2296 1171 2368 inco·

75 2393 210 2489 ¹unies
221 2415 266 2488 ad
277 2416 427 2515 propria
440 2433 615 2489 remeant.
631 2415 723 2488 Aliis
733 2441 878 2518 quoque
888 2413 1015 2489 diebus
1025 2437 1173 2514 sequen·

74 2520 152 2602 tis
168 2534 356 2634 temporis,
379 2550 470 2634 quot
489 2532 701 2609 daemoniaci
722 2535 778 2608 vel
798 2533 916 2623 surdi,
941 2549 1032 2635 quot
1054 2527 1170 2604 claudi

69 2651 164 2721 ⁸211
185 2650 295 2738 muti,
324 2650 399 2724 sive
427 2651 536 2739 caeci,
568 2666 659 2751 quot
686 2650 844 2751 denique
873 2651 933 2724 alii
964 2647 1173 2746 multigenis

66 2766 373 2865 “egritudinibus
383 2770 557 2868 oppressi,
572 2771 714 2868 penitus
727 2770 882 2843 alleviati
896 2784 981 2841 sunt
994 2783 1031 2840 et
1042 2764 1169 2854 sanati,

65 2884 193 2959 'lctis
212 2885 457 2987 particulatim
479 2887 622 2986 signare
645 2888 874 2987 negavimus,
902 2901 938 2960 et
963 2907 1168 2958 numerare.

63 2976 261 3078 lufinitus
274 3005 373 3079 enim
386 3021 457 3094 est,
479 3021 520 3077 ut
536 3005 784 3107 sequipollenti
802 3004 1064 3109 significatione
1080 3028 1172 3102 prae·

63 3117 337 3214 ostendimus,
355 3136 393 3194 et
409 3119 514 3195 nobis
534 3122 738 3222 incognitus
753 3148 937 3196 numerus.

68 3346 148 3415 ¹isc.
158 3361 266 3432 cuent,
277 3361 303 3417 le
317 3372 352 3416 ι’*
362 3360 477 3417 octobre
493 3379 574 3436 1099,
589 3361 615 3416 le
627 3362 736 3418 celebre
749 3362 855 3418 concile
868 3364 906 3417 oia
918 3363 1014 3417 furent
1033 3360 1172 3415 discute'es

70 3443 326 3530 wunnettement
344 3448 384 3504 les
405 3451 550 3525 questions
568 3452 776 3505 controversees
796 3461 875 3505 entre
893 3438 1004 3523 l’Eglise
1025 3447 1121 3502 Latine
1141 3457 1172 3501 et

71 3515 205 3611 ¹’Eglisc
213 3537 360 3613 Grecque,
376 3548 404 3594 et
416 3538 675 3613 particulieremeut
686 3538 754 3594 celle
765 3538 799 3594 de
811 3538 837 3594 la
850 3539 1009 3612 processior
1024 3536 1063 3592 du
1078 3536 1170 3593 Saint-

74 3607 199 3699 Espffl,
219 3624 268 3684 On
288 3628 341 3682 uit
358 3626 451 3702 quelle
470 3638 533 3701 part
549 3628 684 3683 e'clatante
698 3646 736 3682 un
749 3629 846 3683 ancien
861 3627 989 3682 habitant
1002 3626 1038 3681 de
1057 3626 1082 3681 la
1099 3626 1171 3681 Non·

77 3715 221 3786 mardie,
236 3717 310 3772 saint
321 3716 465 3786 Anselme,
480 3718 652 3793 archeveque
661 3718 696 3774 de
703 3718 888 3792 Cantemus-y,
900 3719 981 3792 prist
994 3736 1039 3774 ces
1051 3717 1170 3792 grandes

82 3789 264 3863 discussions
278 3807 481 3882 theologiques.
496 3808 519 3862 ll
532 3808 621 3883 paralt
636 3827 691 3882 que
707 3808 747 3863 les
759 3820 873 3863 travaux
884 3808 920 3864 de
931 3809 1123 3865 construction
1134 3808 1170 3864 de

84 3878 201 3968 l’egtise
220 3898 384 3972 superieure
398 3915 427 3952 se
447 3897 613 3954 raleutirent
624 3899 734 3954 ensuite
752 3898 911 3973 beaucoup3
925 3917 972 3955 car
989 3918 1021 3956 ce
1033 3899 1104 3955 n’est
1115 3917 1171 3974 que

87 3969 124 4031 le
139 4002 173 4042 m
180 3987 243 4060 juin
259 4006 342 4063 1199,
358 3999 388 4044 et
399 4008 450 4063 par
462 3993 634 4065 consequent
645 4008 681 4044 au
695 3989 764 4045 bont
777 3988 845 4044 d'un
857 3989 939 4047 siecle
952 3990 1052 4068 qu'elle
1065 3991 1123 4059 sut,
1134 4009 1170 4046 en

93 4082 182 4135 'ertu
196 4076 281 4136 d'uue
301 4077 460 4154 delegation
479 4080 517 4136 du
537 4101 608 4154 pape
629 4080 724 4136 Pascal
743 4081 787 4147 ll,
810 4084 956 4138 consacree
978 4101 1028 4157 par
1041 4080 1167 4148 Conmd,

98 4158 203 4304 {gitque
213 4171 248 4228 de
262 4171 438 4228 llildcsheim
452 4172 647 4229 etchancelier
660 4172 695 4229 de
708 4172 734 4227 la
744 4191 813 4228 cour
822 4173 944 4248 Aulique
957 4173 992 4229 de
1004 4173 1171 4246 l'cnapereur

133 4261 253 4319 enrivl.
684 4266 695 4287 '
