2888 4934
319 428 379 488 350
597 424 783 485 HISTORIA
805 423 1111 484 uectusltsrlct.
1282 429 1387 507 [toust

317 576 372 632 tra
390 557 552 631 ethnicos
576 557 905 656 peregrinationem
926 558 1092 655 arripuit.
1112 557 1153 628 lu
1180 557 1248 630 illo
1262 558 1389 632 itinere

316 700 423 774 super
448 700 572 748 omnes
597 699 782 772 compares
805 698 886 746 suos
911 674 1085 746 exaltatus
1101 688 1174 760 est,
1200 690 1239 746 et
1256 674 1388 747 virtute

317 792 481 866 cruciferi
496 790 652 890 opificis,
670 807 779 888 prout
804 792 840 863 in
867 791 1009 864 somnio
1030 790 1233 889 speculatus
1252 791 1385 877 suerat,

316 911 472 1010 gloriose
485 909 651 982 suffultus
664 926 729 982 est.
746 910 850 981 Prius
862 910 960 982 enim
973 909 1104 1007 Reges,
1121 907 1157 980 id
1171 925 1227 981 est
1239 907 1384 997 Edisse,

316 1024 549 1099 nobilissimae
561 1024 676 1113 urbis,
689 1023 762 1097 dux
775 1027 888 1098 sactus
901 1042 969 1117 est,
983 1040 1111 1124 etpost
1121 1026 1265 1124 aliquot
1277 1050 1387 1098 annus

315 1143 484 1216 defuncto
501 1141 703 1216 Godesredo
719 1143 831 1216 fratre
849 1169 931 1227 suo,
948 1142 1010 1214 diu
1028 1168 1142 1242 regno
1164 1142 1386 1216 Hierusalem

315 1263 451 1360 potitus
473 1278 538 1334 est.
568 1262 635 1334 Hic
661 1278 788 1334 contra
815 1287 971 1361 paganos
995 1262 1179 1336 multoties
1206 1261 1385 1361 praeliatus

314 1396 385 1467 est,
402 1379 595 1478 multisque
619 1377 813 1477 triumphis
826 1377 1106 1452 adminiculante
1121 1381 1199 1453 Deo
1217 1380 1384 1480 gloriatus

315 1515 381 1570 est.
403 1497 580 1594 Rogerius
593 1521 681 1569 vero
695 1495 822 1569 eodem
834 1522 948 1583 anno,
962 1522 1035 1597 quo
1048 1496 1123 1568 haec
1137 1498 1211 1569 visa
1225 1498 1381 1579 fuerant,

316 1615 353 1687 iu
374 1615 508 1687 lectum
521 1612 708 1700 decubuit,
725 1631 761 1685 et
772 1612 901 1686 devote
916 1614 1112 1712 complexis
1127 1614 1164 1684 iu
1180 1638 1226 1687 eo
1238 1637 1383 1713 quaeque

314 1727 410 1802 fideli
429 1731 509 1802 viro
523 1746 751 1827 competunt,
768 1729 850 1802 Idus
869 1731 954 1801 maii
974 1731 1028 1827 (1)
1042 1729 1086 1802 de
1102 1727 1244 1803 mundo
1256 1729 1382 1827 migra-

314 1846 386 1932 vit,
409 1862 543 1918 etcum
559 1845 659 1918 luctu
672 1847 873 1920 multorum
890 1846 1114 1920 Castellionis
1125 1872 1211 1918 cum
1225 1843 1382 1944 parenti-

314 1961 381 2036 bus
395 1965 465 2037 suis
482 1964 661 2062 sepultus,
681 1965 845 2064 quiescit.

363 2083 448 2158 XV.
485 2082 624 2157 Eodem
658 2099 822 2182 tempore
852 2082 1181 2156 Constantinienses
1215 2080 1382 2153 Henricus

313 2202 402 2275 clito
425 2219 572 2275 strenue
591 2199 759 2301 regebat,
784 2200 992 2301 rigidusque
1010 2216 1137 2274 contra
1162 2200 1295 2272 fratres
1311 2221 1382 2270 suos

312 2318 537 2417 persistebat.
570 2319 663 2390 Nam
691 2336 816 2392 contra
845 2318 973 2392 ducem
1004 2318 1212 2391 iuimicitias
1234 2315 1382 2416 agitabat

313 2460 381 2533 pro
397 2436 524 2534 injusta
540 2437 723 2533 captione,
743 2462 852 2535 quam
867 2436 995 2508 nudius
1013 2436 1158 2524 tertius,
1176 2450 1220 2505 ut
1232 2431 1381 2533 praedic-

313 2567 391 2622 tum
412 2567 482 2640 est,
509 2549 641 2622 abillo
669 2576 855 2650 perpessus
881 2553 1009 2624 suerat.
1039 2551 1126 2650 Regi
1152 2548 1380 2622 nibilominus

313 2668 456 2766 Angtiae
481 2667 592 2742 hostis
615 2685 693 2740 erat
723 2695 791 2767 pro
823 2685 919 2741 terra
948 2670 1074 2741 matris
1101 2693 1195 2756 sure,
1224 2693 1296 2766 qua
1326 2688 1380 2736 rex

310 2786 476 2859 eumdem
488 2790 525 2860 in
535 2787 665 2886 Anglia
678 2786 928 2874 dissaisiverat,
941 2805 976 2860 et
985 2786 1186 2872 Rodberto,
1200 2781 1379 2856 Haimouis

311 2903 386 2977 silio
401 2906 470 3003 (a),
487 2903 646 2977 dederat.
662 2907 725 2976 His
741 2908 859 3006 itaque
873 2933 942 3005 pro
955 2909 1068 2980 causis
1082 2904 1215 3004 oppida
1228 2931 1293 2976 sua
1307 2925 1380 2974 cou-
1410 2951 1414 2961 ·

310 3037 447 3093 stanter
474 3022 643 3094 firmabat
669 3025 743 3122 (ὅ),
770 3041 807 3096 et
832 3027 988 3098 lautores
1012 3024 1080 3097 sibi
1107 3023 1151 3096 de
1174 3017 1378 3121 proceribus

311 3140 422 3239 patris
449 3142 501 3211 sui
529 3141 708 3239 plurimos
738 3143 865 3216 callide
890 3143 1118 3216 conciliabat.
1149 3141 1330 3214 Abrincas
1348 3151 1379 3208 et

309 3257 618 3358 caesarisburgum
637 3275 673 3331 et
689 3259 936 3333 Constantiam
950 3279 1056 3361 atque
1070 3259 1297 3332 Guabreium
1311 3256 1376 3353 (4),

344 3502 384 3566 (ι)
399 3499 434 3553 Le
452 3500 482 3553 15
497 3500 562 3552 urai.

344 3595 384 3658 (¹2)
399 3593 454 3644 Sur
466 3609 496 3644 ce
507 3591 648 3661 seigneur,
663 3609 745 3662 voycz
758 3589 911 3657 ci-dessus‚
927 3610 953 3664 p.
968 3592 1029 3646 218.

345 3677 384 3748 (5)
399 3678 474 3733 C’est
486 3698 517 3733 ce
530 3678 579 3752 qui
592 3698 661 3734 nous
673 3691 715 3733 cst
726 3679 860 3734 consume
872 3701 921 3753 par
931 3681 957 3735 le
968 3682 1082 3735 curieux
1094 3680 1162 3737 reicit
1172 3675 1377 3750 conternporaiu

308 3767 357 3820 dos
370 3767 568 3840 depredations
581 3774 708 3824 excrcces
722 3789 769 3823 sur
787 3769 826 3824 les
842 3772 999 3843 proprietcs
1015 3770 1050 3824 de
1068 3767 1377 3841 l‘Abbayeauanmes

308 3856 343 3910 ‹lc
357 3857 446 3925 Caere,
462 3861 540 3931 apres
554 3859 578 3913 la
592 3871 666 3914 niort
675 3861 710 3913 de
719 3859 1122 3934 Guillatrmele·Conque'rant.
1138 3861 1236 3915 Comes
1244 3857 1377 3913 Hemicus

305 3946 459 4018 pedagium
472 3954 580 4021 accepit
592 3951 627 4003 de
648 3950 835 4006 Cbetellielmo
851 3954 860 4021 l
867 3952 1046 4021 Quettehou)
1059 3960 1086 4004 et
1099 3949 1134 4002 de
1147 3951 1226 4003 omui
1243 3948 1375 4002 constan·

309 4041 367 4091 tino
380 4047 406 4089 ct
420 4057 505 4108 suaper
517 4039 652 4111 boesacit
669 4044 781 4111 operari
793 4041 917 4095 homiues·
935 4042 963 4095 S.
988 4042 1136 4094 Trinitatis
1150 4037 1298 4093 decadem
1314 4035 1375 4091 uilla

309 4139 334 4178 rt
346 4132 439 4197 patrio
453 4127 494 4180 ud
505 4132 620 4183 rastello
635 4151 746 4184 uturum
761 4132 910 4186 homiuum.

343 4221 381 4286 (l)
394 4219 505 4272 Gurrui.
