<?xml version="1.0" encoding="UTF-8"?>
<!DOCTYPE html PUBLIC "-//W3C//DTD XHTML 1.0 Transitional//EN"
    "http://www.w3.org/TR/xhtml1/DTD/xhtml1-transitional.dtd">
<html xmlns="http://www.w3.org/1999/xhtml" xml:lang="en" lang="en">
 <head>
  <title>
</title>
<meta http-equiv="Content-Type" content="text/html;charset=utf-8" />
  <meta name='ocr-system' content='tesseract 3.04.00' />
  <meta name='ocr-capabilities' content='ocr_page ocr_carea ocr_par ocr_line ocrx_word'/>
</head>
<body>
  <div class='ocr_page' id='page_1' title='image "./ordericivitalis05deligoog/ordericivitalis05deligoog_0023.png"; bbox 0 0 2888 4934; ppageno 0'>
   <div class='ocr_carea' id='block_1_1' title="bbox 185 398 968 462">
    <p class='ocr_par' dir='ltr' id='par_1_1' title="bbox 185 398 968 462">
     <span class='ocr_line' id='line_1_1' title="bbox 185 398 968 462; baseline -0.009 0"><span class='ocrx_word' id='word_1_1' title='bbox 185 408 222 462; x_wconf 89' lang='lat'>10</span> <span class='ocrx_word' id='word_1_2' title='bbox 459 399 642 460; x_wconf 72' lang='lat' dir='ltr'>lllSTOllld</span> <span class='ocrx_word' id='word_1_3' title='bbox 664 398 968 459; x_wconf 72' lang='lat' dir='ltr'>Eccttsllstlca.</span> 
     </span>
    </p>
   </div>
   <div class='ocr_carea' id='block_1_2' title="bbox 177 529 1253 3433">
    <p class='ocr_par' dir='ltr' id='par_1_2' title="bbox 177 529 1245 978">
     <span class='ocr_line' id='line_1_2' title="bbox 180 529 1245 633; baseline 0.004 -31"><span class='ocrx_word' id='word_1_4' title='bbox 180 529 266 621; x_wconf 87' lang='lat' dir='ltr'>bus,</span> <span class='ocrx_word' id='word_1_5' title='bbox 287 532 464 633; x_wconf 89' lang='lat' dir='ltr'>variisque</span> <span class='ocrx_word' id='word_1_6' title='bbox 479 531 781 604; x_wconf 72' lang='lat' dir='ltr'><strong>ferramentorum</strong></span> <span class='ocrx_word' id='word_1_7' title='bbox 792 529 983 629; x_wconf 78' lang='lat' dir='ltr'>generibus</span> <span class='ocrx_word' id='word_1_8' title='bbox 998 549 1245 629; x_wconf 68' lang='lat' dir='ltr'><strong>argumentose</strong></span> 
     </span>
     <span class='ocr_line' id='line_1_3' title="bbox 181 644 1244 748; baseline 0.003 -30"><span class='ocrx_word' id='word_1_9' title='bbox 181 644 326 736; x_wconf 83' lang='lat' dir='ltr'>incidit,</span> <span class='ocrx_word' id='word_1_10' title='bbox 339 649 543 748; x_wconf 84' lang='lat' dir='ltr'>jactatoque</span> <span class='ocrx_word' id='word_1_11' title='bbox 554 648 599 720; x_wconf 92' lang='lat' dir='ltr'>de</span> <span class='ocrx_word' id='word_1_12' title='bbox 617 645 793 746; x_wconf 88' lang='lat' dir='ltr'>lapidibus</span> <span class='ocrx_word' id='word_1_13' title='bbox 806 644 1039 721; x_wconf 80' lang='lat' dir='ltr'>firndamento</span> <span class='ocrx_word' id='word_1_14' title='bbox 1056 673 1155 721; x_wconf 88' lang='lat' dir='ltr'>secus</span> <span class='ocrx_word' id='word_1_15' title='bbox 1170 649 1244 722; x_wconf 89' lang='lat' dir='ltr'>llu-</span> 
     </span>
     <span class='ocr_line' id='line_1_4' title="bbox 181 761 1244 860; baseline 0.002 -25"><span class='ocrx_word' id='word_1_16' title='bbox 181 785 266 837; x_wconf 88' lang='lat' dir='ltr'>men</span> <span class='ocrx_word' id='word_1_17' title='bbox 292 762 417 836; x_wconf 82' lang='lat' dir='ltr'>Araris</span> <span class='ocrx_word' id='word_1_18' title='bbox 437 765 512 860; x_wconf 84' lang='grc' dir='ltr'>(ι),</span> <span class='ocrx_word' id='word_1_19' title='bbox 541 763 636 833; x_wconf 89' lang='lat' dir='ltr'>viam</span> <span class='ocrx_word' id='word_1_20' title='bbox 660 762 765 834; x_wconf 90' lang='lat' dir='ltr'>altius</span> <span class='ocrx_word' id='word_1_21' title='bbox 792 761 934 835; x_wconf 86' lang='lat' dir='ltr'>sustulit</span> <span class='ocrx_word' id='word_1_22' title='bbox 954 778 990 835; x_wconf 90' lang='lat' dir='ltr'>et</span> <span class='ocrx_word' id='word_1_23' title='bbox 1012 763 1128 835; x_wconf 89' lang='lat' dir='ltr'>monti</span> <span class='ocrx_word' id='word_1_24' title='bbox 1153 789 1244 837; x_wconf 91' lang='lat' dir='ltr'>con-</span> 
     </span>
     <span class='ocr_line' id='line_1_5' title="bbox 177 880 311 978; baseline -0.007 -26"><span class='ocrx_word' id='word_1_25' title='bbox 177 880 311 978; x_wconf 84' lang='lat' dir='ltr'>junxit.</span> 
     </span>
    </p>

    <p class='ocr_par' dir='ltr' id='par_1_3' title="bbox 179 993 1253 3433">
     <span class='ocr_line' id='line_1_6' title="bbox 230 993 1242 1095; baseline 0.001 -27"><span class='ocrx_word' id='word_1_26' title='bbox 230 995 449 1085; x_wconf 82' lang='lat' dir='ltr'>Ludoricus,</span> <span class='ocrx_word' id='word_1_27' title='bbox 466 994 585 1068; x_wconf 86' lang='lat' dir='ltr'>Caroli</span> <span class='ocrx_word' id='word_1_28' title='bbox 602 993 713 1084; x_wconf 84' lang='lat' dir='ltr'>filius,</span> <span class='ocrx_word' id='word_1_29' title='bbox 730 1020 794 1067; x_wconf 88' lang='lat' dir='ltr'>rex</span> <span class='ocrx_word' id='word_1_30' title='bbox 808 993 1032 1095; x_wconf 80' lang='lat' dir='ltr'>Aquitaniae,</span> <span class='ocrx_word' id='word_1_31' title='bbox 1049 1023 1130 1070; x_wconf 90' lang='lat' dir='ltr'>cum</span> <span class='ocrx_word' id='word_1_32' title='bbox 1143 999 1242 1070; x_wconf 92' lang='lat' dir='ltr'>omni</span> 
     </span>
     <span class='ocr_line' id='line_1_7' title="bbox 181 1112 1248 1213; baseline -0.002 -25"><span class='ocrx_word' id='word_1_33' title='bbox 181 1112 355 1202; x_wconf 90' lang='lat' dir='ltr'>bonitate,</span> <span class='ocrx_word' id='word_1_34' title='bbox 366 1113 411 1186; x_wconf 93' lang='lat' dir='ltr'>de</span> <span class='ocrx_word' id='word_1_35' title='bbox 422 1113 513 1186; x_wconf 87' lang='lat' dir='ltr'>fiscis</span> <span class='ocrx_word' id='word_1_36' title='bbox 523 1113 688 1213; x_wconf 87' lang='lat' dir='ltr'>suijuris,</span> <span class='ocrx_word' id='word_1_37' title='bbox 698 1112 892 1186; x_wconf 90' lang='lat' dir='ltr'>Guillelmo</span> <span class='ocrx_word' id='word_1_38' title='bbox 902 1131 1058 1212; x_wconf 86' lang='lat' dir='ltr'>petente,</span> <span class='ocrx_word' id='word_1_39' title='bbox 1072 1131 1248 1188; x_wconf 85' lang='lat' dir='ltr'>monaste·</span> 
     </span>
     <span class='ocr_line' id='line_1_8' title="bbox 182 1228 1244 1330; baseline 0.004 -29"><span class='ocrx_word' id='word_1_40' title='bbox 182 1231 239 1305; x_wconf 89' lang='lat' dir='ltr'>rio</span> <span class='ocrx_word' id='word_1_41' title='bbox 255 1228 372 1319; x_wconf 86' lang='lat' dir='ltr'>dedit,</span> <span class='ocrx_word' id='word_1_42' title='bbox 393 1245 528 1303; x_wconf 89' lang='lat' dir='ltr'>etcum</span> <span class='ocrx_word' id='word_1_43' title='bbox 544 1246 726 1327; x_wconf 78' lang='lat' dir='ltr'>praecepto</span> <span class='ocrx_word' id='word_1_44' title='bbox 743 1231 844 1330; x_wconf 81' lang='lat' dir='ltr'>regio</span> <span class='ocrx_word' id='word_1_45' title='bbox 861 1231 1030 1330; x_wconf 81' lang='lat' dir='ltr'>anulique</span> <span class='ocrx_word' id='word_1_46' title='bbox 1046 1233 1098 1304; x_wconf 90' lang='lat' dir='ltr'>sui</span> <span class='ocrx_word' id='word_1_47' title='bbox 1116 1248 1244 1305; x_wconf 90' lang='lat' dir='ltr'>aucto-</span> 
     </span>
     <span class='ocr_line' id='line_1_9' title="bbox 183 1345 1247 1446; baseline 0 -28"><span class='ocrx_word' id='word_1_48' title='bbox 183 1347 289 1421; x_wconf 85' lang='lat' dir='ltr'>ritate</span> <span class='ocrx_word' id='word_1_49' title='bbox 305 1345 462 1421; x_wconf 81' lang='lat' dir='ltr'>firmavit</span> <span class='ocrx_word' id='word_1_50' title='bbox 474 1348 543 1446; x_wconf 89' lang='lat'><strong>(2).</strong></span> <span class='ocrx_word' id='word_1_51' title='bbox 556 1345 769 1420; x_wconf 87' lang='lat' dir='ltr'>Guillelmus</span> <span class='ocrx_word' id='word_1_52' title='bbox 787 1348 880 1419; x_wconf 88' lang='lat' dir='ltr'>circa</span> <span class='ocrx_word' id='word_1_53' title='bbox 896 1348 1153 1420; x_wconf 82' lang='lat' dir='ltr'>monasterium</span> <span class='ocrx_word' id='word_1_54' title='bbox 1163 1348 1247 1419; x_wconf 91' lang='lat' dir='ltr'>fecit</span> 
     </span>
     <span class='ocr_line' id='line_1_10' title="bbox 183 1460 1247 1561; baseline 0 -27"><span class='ocrx_word' id='word_1_55' title='bbox 183 1461 302 1535; x_wconf 79' lang='lat' dir='ltr'>vineu</span> <span class='ocrx_word' id='word_1_56' title='bbox 318 1477 355 1535; x_wconf 91' lang='lat' dir='ltr'>et</span> <span class='ocrx_word' id='word_1_57' title='bbox 369 1460 500 1535; x_wconf 86' lang='lat' dir='ltr'>oliveta</span> <span class='ocrx_word' id='word_1_58' title='bbox 519 1461 695 1559; x_wconf 89' lang='lat' dir='ltr'>plantari,</span> <span class='ocrx_word' id='word_1_59' title='bbox 717 1460 911 1561; x_wconf 85' lang='lat' dir='ltr'>hortosque</span> <span class='ocrx_word' id='word_1_60' title='bbox 927 1463 1102 1559; x_wconf 87' lang='lat' dir='ltr'>plurimos</span> <span class='ocrx_word' id='word_1_61' title='bbox 1119 1462 1247 1535; x_wconf 87' lang='lat' dir='ltr'>consti·</span> 
     </span>
     <span class='ocr_line' id='line_1_11' title="bbox 183 1577 1244 1679; baseline 0.002 -29"><span class='ocrx_word' id='word_1_62' title='bbox 183 1581 249 1669; x_wconf 89' lang='lat' dir='ltr'>tui,</span> <span class='ocrx_word' id='word_1_63' title='bbox 263 1581 445 1679; x_wconf 88' lang='lat' dir='ltr'>ipsamque</span> <span class='ocrx_word' id='word_1_64' title='bbox 455 1579 597 1668; x_wconf 86' lang='lat' dir='ltr'>vallem,</span> <span class='ocrx_word' id='word_1_65' title='bbox 606 1577 795 1652; x_wconf 87' lang='lat' dir='ltr'>destructis</span> <span class='ocrx_word' id='word_1_66' title='bbox 804 1578 994 1653; x_wconf 80' lang='lat' dir='ltr'>arboribus</span> <span class='ocrx_word' id='word_1_67' title='bbox 1005 1579 1244 1668; x_wconf 79' lang='lat' dir='ltr'>infructuosis,</span> 
     </span>
     <span class='ocr_line' id='line_1_12' title="bbox 179 1697 1247 1797; baseline 0.001 -27"><span class='ocrx_word' id='word_1_68' title='bbox 179 1698 372 1771; x_wconf 76' lang='lat' dir='ltr'>fructiferis</span> <span class='ocrx_word' id='word_1_69' title='bbox 397 1698 566 1797; x_wconf 87' lang='lat' dir='ltr'>pomeriis</span> <span class='ocrx_word' id='word_1_70' title='bbox 592 1698 720 1771; x_wconf 88' lang='lat' dir='ltr'>melius</span> <span class='ocrx_word' id='word_1_71' title='bbox 745 1697 995 1796; x_wconf 86' lang='lat' dir='ltr'>complantari.</span> <span class='ocrx_word' id='word_1_72' title='bbox 1024 1699 1087 1770; x_wconf 89' lang='lat' dir='ltr'>llis</span> <span class='ocrx_word' id='word_1_73' title='bbox 1110 1699 1184 1797; x_wconf 86' lang='lat' dir='ltr'>ipse</span> <span class='ocrx_word' id='word_1_74' title='bbox 1211 1716 1247 1771; x_wconf 89' lang='lat' dir='ltr'>et</span> 
     </span>
     <span class='ocr_line' id='line_1_13' title="bbox 182 1813 1247 1914; baseline -0.001 -26"><span class='ocrx_word' id='word_1_75' title='bbox 182 1814 260 1890; x_wconf 86' lang='lat' dir='ltr'>aliis</span> <span class='ocrx_word' id='word_1_76' title='bbox 276 1814 516 1914; x_wconf 82' lang='lat' dir='ltr'>hujuscemodi</span> <span class='ocrx_word' id='word_1_77' title='bbox 528 1813 652 1888; x_wconf 89' lang='lat' dir='ltr'>studiis</span> <span class='ocrx_word' id='word_1_78' title='bbox 665 1816 825 1889; x_wconf 90' lang='lat' dir='ltr'>intentus</span> <span class='ocrx_word' id='word_1_79' title='bbox 840 1815 1045 1904; x_wconf 85' lang='lat' dir='ltr'>laborabat,</span> <span class='ocrx_word' id='word_1_80' title='bbox 1062 1817 1247 1914; x_wconf 88' lang='lat' dir='ltr'>proprias-</span> 
     </span>
     <span class='ocr_line' id='line_1_14' title="bbox 182 1929 1245 2030; baseline -0.001 -26"><span class='ocrx_word' id='word_1_81' title='bbox 182 1955 252 2030; x_wconf 87' lang='lat' dir='ltr'>que</span> <span class='ocrx_word' id='word_1_82' title='bbox 267 1957 393 2004; x_wconf 89' lang='lat' dir='ltr'>manus</span> <span class='ocrx_word' id='word_1_83' title='bbox 410 1932 596 2005; x_wconf 85' lang='lat' dir='ltr'>rusticanis</span> <span class='ocrx_word' id='word_1_84' title='bbox 611 1929 748 2004; x_wconf 88' lang='lat' dir='ltr'>actibus</span> <span class='ocrx_word' id='word_1_85' title='bbox 760 1956 829 2030; x_wconf 91' lang='lat' dir='ltr'>pro</span> <span class='ocrx_word' id='word_1_86' title='bbox 842 1957 965 2004; x_wconf 90' lang='lat' dir='ltr'>amore</span> <span class='ocrx_word' id='word_1_87' title='bbox 981 1932 1044 2003; x_wconf 90' lang='lat' dir='ltr'>Dei</span> <span class='ocrx_word' id='word_1_88' title='bbox 1059 1933 1245 2030; x_wconf 90' lang='lat' dir='ltr'>mancipa-</span> 
     </span>
     <span class='ocr_line' id='line_1_15' title="bbox 182 2044 1246 2146; baseline 0 -27"><span class='ocrx_word' id='word_1_89' title='bbox 182 2044 264 2135; x_wconf 87' lang='lat' dir='ltr'>bat,</span> <span class='ocrx_word' id='word_1_90' title='bbox 282 2063 320 2121; x_wconf 88' lang='lat' dir='ltr'>et</span> <span class='ocrx_word' id='word_1_91' title='bbox 340 2048 389 2121; x_wconf 86' lang='lat' dir='ltr'>sic</span> <span class='ocrx_word' id='word_1_92' title='bbox 414 2047 452 2121; x_wconf 89' lang='lat' dir='ltr'>in</span> <span class='ocrx_word' id='word_1_93' title='bbox 479 2071 564 2121; x_wconf 87' lang='lat' dir='ltr'>vera</span> <span class='ocrx_word' id='word_1_94' title='bbox 581 2046 782 2122; x_wconf 85' lang='lat' dir='ltr'>humilitate</span> <span class='ocrx_word' id='word_1_95' title='bbox 804 2063 841 2120; x_wconf 89' lang='lat' dir='ltr'>et</span> <span class='ocrx_word' id='word_1_96' title='bbox 862 2048 1038 2146; x_wconf 78' lang='lat' dir='ltr'>religione</span> <span class='ocrx_word' id='word_1_97' title='bbox 1056 2070 1092 2118; x_wconf 90' lang='lat' dir='ltr'>se</span> <span class='ocrx_word' id='word_1_98' title='bbox 1111 2047 1246 2146; x_wconf 81' lang='lat' dir='ltr'>jugiter</span> 
     </span>
     <span class='ocr_line' id='line_1_16' title="bbox 182 2163 1247 2262; baseline 0.001 -26"><span class='ocrx_word' id='word_1_99' title='bbox 182 2163 384 2239; x_wconf 85' lang='lat' dir='ltr'>exercebat.</span> <span class='ocrx_word' id='word_1_100' title='bbox 405 2165 537 2239; x_wconf 87' lang='lat' dir='ltr'>Coram</span> <span class='ocrx_word' id='word_1_101' title='bbox 559 2164 688 2241; x_wconf 83' lang='lat' dir='ltr'>abbate</span> <span class='ocrx_word' id='word_1_102' title='bbox 707 2181 743 2238; x_wconf 89' lang='lat' dir='ltr'>et</span> <span class='ocrx_word' id='word_1_103' title='bbox 759 2163 930 2238; x_wconf 89' lang='lat' dir='ltr'>fratribus</span> <span class='ocrx_word' id='word_1_104' title='bbox 944 2163 1074 2239; x_wconf 89' lang='lat' dir='ltr'>crebro</span> <span class='ocrx_word' id='word_1_105' title='bbox 1091 2166 1247 2262; x_wconf 87' lang='lat' dir='ltr'>provol-</span> 
     </span>
     <span class='ocr_line' id='line_1_17' title="bbox 182 2280 1245 2382; baseline 0 -28"><span class='ocrx_word' id='word_1_106' title='bbox 182 2281 346 2370; x_wconf 86' lang='lat' dir='ltr'>vebatur,</span> <span class='ocrx_word' id='word_1_107' title='bbox 361 2299 485 2380; x_wconf 86' lang='lat' dir='ltr'>petens</span> <span class='ocrx_word' id='word_1_108' title='bbox 498 2299 539 2355; x_wconf 92' lang='lat' dir='ltr'>ut</span> <span class='ocrx_word' id='word_1_109' title='bbox 556 2308 624 2382; x_wconf 91' lang='lat' dir='ltr'>pro</span> <span class='ocrx_word' id='word_1_110' title='bbox 635 2281 879 2358; x_wconf 87' lang='lat' dir='ltr'>misericordia</span> <span class='ocrx_word' id='word_1_111' title='bbox 893 2283 958 2354; x_wconf 92' lang='lat' dir='ltr'>Dei</span> <span class='ocrx_word' id='word_1_112' title='bbox 973 2282 1125 2380; x_wconf 86' lang='lat' dir='ltr'>amplius</span> <span class='ocrx_word' id='word_1_113' title='bbox 1142 2280 1245 2381; x_wconf 88' lang='lat' dir='ltr'>abjici</span> 
     </span>
     <span class='ocr_line' id='line_1_18' title="bbox 182 2397 1247 2476; baseline 0 -4"><span class='ocrx_word' id='word_1_114' title='bbox 182 2415 219 2472; x_wconf 90' lang='lat' dir='ltr'>et</span> <span class='ocrx_word' id='word_1_115' title='bbox 247 2397 428 2473; x_wconf 89' lang='lat' dir='ltr'>humiliari</span> <span class='ocrx_word' id='word_1_116' title='bbox 452 2399 519 2473; x_wconf 88' lang='lat' dir='ltr'>sibi</span> <span class='ocrx_word' id='word_1_117' title='bbox 546 2398 776 2474; x_wconf 82' lang='lat' dir='ltr'>concedatur.</span> <span class='ocrx_word' id='word_1_118' title='bbox 804 2400 942 2476; x_wconf 91' lang='lat' dir='ltr'>Viliora</span> <span class='ocrx_word' id='word_1_119' title='bbox 970 2401 1006 2472; x_wconf 90' lang='lat' dir='ltr'>in</span> <span class='ocrx_word' id='word_1_120' title='bbox 1030 2400 1247 2473; x_wconf 86' lang='lat' dir='ltr'>monasterio</span> 
     </span>
     <span class='ocr_line' id='line_1_19' title="bbox 182 2515 1246 2615; baseline 0 -26"><span class='ocrx_word' id='word_1_121' title='bbox 182 2515 369 2614; x_wconf 84' lang='lat' dir='ltr'>expetebat</span> <span class='ocrx_word' id='word_1_122' title='bbox 381 2517 507 2592; x_wconf 82' lang='lat' dir='ltr'>officia.</span> <span class='ocrx_word' id='word_1_123' title='bbox 524 2517 633 2615; x_wconf 88' lang='lat' dir='ltr'>Optat</span> <span class='ocrx_word' id='word_1_124' title='bbox 648 2518 837 2591; x_wconf 79' lang='lat' dir='ltr'>vilissimus</span> <span class='ocrx_word' id='word_1_125' title='bbox 852 2517 953 2610; x_wconf 86' lang='lat' dir='ltr'>fieri,</span> <span class='ocrx_word' id='word_1_126' title='bbox 970 2533 1006 2590; x_wconf 90' lang='lat' dir='ltr'>et</span> <span class='ocrx_word' id='word_1_127' title='bbox 1026 2518 1246 2615; x_wconf 87' lang='lat' dir='ltr'>contemptui</span> 
     </span>
     <span class='ocr_line' id='line_1_20' title="bbox 184 2632 1245 2734; baseline 0 -28"><span class='ocrx_word' id='word_1_128' title='bbox 184 2632 322 2707; x_wconf 88' lang='lat' dir='ltr'>haberi.</span> <span class='ocrx_word' id='word_1_129' title='bbox 354 2634 443 2710; x_wconf 86' lang='lat' dir='ltr'>Vult</span> <span class='ocrx_word' id='word_1_130' title='bbox 467 2659 539 2708; x_wconf 91' lang='lat' dir='ltr'>esse</span> <span class='ocrx_word' id='word_1_131' title='bbox 561 2651 602 2707; x_wconf 92' lang='lat' dir='ltr'>ut</span> <span class='ocrx_word' id='word_1_132' title='bbox 621 2636 843 2734; x_wconf 90' lang='lat' dir='ltr'>jumentum,</span> <span class='ocrx_word' id='word_1_133' title='bbox 864 2662 926 2724; x_wconf 86' lang='lat' dir='ltr'>ac,</span> <span class='ocrx_word' id='word_1_134' title='bbox 944 2651 985 2706; x_wconf 88' lang='lat' dir='ltr'>ut</span> <span class='ocrx_word' id='word_1_135' title='bbox 1001 2636 1120 2733; x_wconf 89' lang='lat' dir='ltr'>pullus</span> <span class='ocrx_word' id='word_1_136' title='bbox 1136 2636 1245 2724; x_wconf 89' lang='lat' dir='ltr'>asini,</span> 
     </span>
     <span class='ocr_line' id='line_1_21' title="bbox 183 2750 1247 2850; baseline -0.003 -23"><span class='ocrx_word' id='word_1_137' title='bbox 183 2768 329 2850; x_wconf 89' lang='lat' dir='ltr'>portare</span> <span class='ocrx_word' id='word_1_138' title='bbox 352 2777 464 2826; x_wconf 88' lang='lat' dir='ltr'>onera</span> <span class='ocrx_word' id='word_1_139' title='bbox 486 2752 640 2827; x_wconf 85' lang='lat' dir='ltr'>fratrum</span> <span class='ocrx_word' id='word_1_140' title='bbox 669 2754 706 2826; x_wconf 90' lang='lat' dir='ltr'>in</span> <span class='ocrx_word' id='word_1_141' title='bbox 733 2751 842 2827; x_wconf 94' lang='lat' dir='ltr'>domo</span> <span class='ocrx_word' id='word_1_142' title='bbox 872 2754 1032 2827; x_wconf 86' lang='lat' dir='ltr'>Domini.</span> <span class='ocrx_word' id='word_1_143' title='bbox 1058 2750 1247 2846; x_wconf 88' lang='lat' dir='ltr'>Quondam</span> 
     </span>
     <span class='ocr_line' id='line_1_22' title="bbox 183 2868 1247 2970; baseline 0 -29"><span class='ocrx_word' id='word_1_144' title='bbox 183 2868 256 2942; x_wconf 83' lang='lat' dir='ltr'>dux</span> <span class='ocrx_word' id='word_1_145' title='bbox 266 2872 545 2968; x_wconf 90' lang='lat' dir='ltr'>potentissimus,</span> <span class='ocrx_word' id='word_1_146' title='bbox 557 2897 633 2945; x_wconf 91' lang='lat' dir='ltr'>non</span> <span class='ocrx_word' id='word_1_147' title='bbox 644 2871 893 2945; x_wconf 88' lang='lat' dir='ltr'>erubescitvili</span> <span class='ocrx_word' id='word_1_148' title='bbox 904 2870 1013 2945; x_wconf 91' lang='lat' dir='ltr'>asello</span> <span class='ocrx_word' id='word_1_149' title='bbox 1024 2871 1152 2970; x_wconf 80' lang='lat' dir='ltr'>gestari</span> <span class='ocrx_word' id='word_1_150' title='bbox 1166 2896 1247 2942; x_wconf 91' lang='lat' dir='ltr'>cum</span> 
     </span>
     <span class='ocr_line' id='line_1_23' title="bbox 184 2984 1251 3062; baseline 0.001 -5"><span class='ocrx_word' id='word_1_151' title='bbox 184 2988 255 3059; x_wconf 85' lang='lat' dir='ltr'>suis</span> <span class='ocrx_word' id='word_1_152' title='bbox 263 2984 488 3061; x_wconf 84' lang='lat' dir='ltr'>flasconibus.</span> <span class='ocrx_word' id='word_1_153' title='bbox 501 2987 595 3061; x_wconf 88' lang='lat' dir='ltr'>Ecce</span> <span class='ocrx_word' id='word_1_154' title='bbox 606 2986 759 3062; x_wconf 90' lang='lat' dir='ltr'>domnus</span> <span class='ocrx_word' id='word_1_155' title='bbox 771 2989 983 3062; x_wconf 87' lang='lat' dir='ltr'>Guillelmus</span> <span class='ocrx_word' id='word_1_156' title='bbox 997 2988 1039 3060; x_wconf 89' lang='lat' dir='ltr'>fit</span> <span class='ocrx_word' id='word_1_157' title='bbox 1047 2987 1091 3060; x_wconf 92' lang='lat' dir='ltr'>de</span> <span class='ocrx_word' id='word_1_158' title='bbox 1104 2986 1251 3061; x_wconf 88' lang='lat' dir='ltr'>consule</span> 
     </span>
     <span class='ocr_line' id='line_1_24' title="bbox 185 3101 1252 3203; baseline 0 -29"><span class='ocrx_word' id='word_1_159' title='bbox 185 3128 332 3203; x_wconf 88' lang='lat' dir='ltr'>coquus,</span> <span class='ocrx_word' id='word_1_160' title='bbox 346 3101 391 3175; x_wconf 92' lang='lat' dir='ltr'>de</span> <span class='ocrx_word' id='word_1_161' title='bbox 404 3103 495 3176; x_wconf 90' lang='lat' dir='ltr'>duce</span> <span class='ocrx_word' id='word_1_162' title='bbox 509 3128 642 3200; x_wconf 83' lang='lat' dir='ltr'>magno</span> <span class='ocrx_word' id='word_1_163' title='bbox 655 3104 806 3175; x_wconf 81' lang='lat' dir='ltr'>eflicitur</span> <span class='ocrx_word' id='word_1_164' title='bbox 820 3103 1030 3203; x_wconf 89' lang='lat' dir='ltr'>inquilinus,</span> <span class='ocrx_word' id='word_1_165' title='bbox 1046 3104 1143 3201; x_wconf 83' lang='lat' dir='ltr'>ligna</span> <span class='ocrx_word' id='word_1_166' title='bbox 1156 3102 1252 3175; x_wconf 90' lang='lat' dir='ltr'>collo</span> 
     </span>
     <span class='ocr_line' id='line_1_25' title="bbox 184 3216 1253 3318; baseline -0.001 -28"><span class='ocrx_word' id='word_1_167' title='bbox 184 3217 357 3305; x_wconf 88' lang='lat' dir='ltr'>deferens,</span> <span class='ocrx_word' id='word_1_168' title='bbox 373 3216 584 3316; x_wconf 86' lang='lat' dir='ltr'>amphoram</span> <span class='ocrx_word' id='word_1_169' title='bbox 594 3244 695 3318; x_wconf 77' lang='lat' dir='ltr'>aquae</span> <span class='ocrx_word' id='word_1_170' title='bbox 705 3217 881 3318; x_wconf 87' lang='lat' dir='ltr'>bajulans,</span> <span class='ocrx_word' id='word_1_171' title='bbox 894 3218 1016 3318; x_wconf 78' lang='lat' dir='ltr'>ignem</span> <span class='ocrx_word' id='word_1_172' title='bbox 1026 3218 1208 3293; x_wconf 82' lang='lat' dir='ltr'>excutiens</span> <span class='ocrx_word' id='word_1_173' title='bbox 1216 3233 1253 3290; x_wconf 90' lang='lat' dir='ltr'>et</span> 
     </span>
     <span class='ocr_line' id='line_1_26' title="bbox 184 3331 1249 3433; baseline -0.001 -27"><span class='ocrx_word' id='word_1_174' title='bbox 184 3331 411 3409; x_wconf 87' lang='lat' dir='ltr'>succendens.</span> <span class='ocrx_word' id='word_1_175' title='bbox 440 3332 606 3406; x_wconf 91' lang='lat' dir='ltr'>Manibus</span> <span class='ocrx_word' id='word_1_176' title='bbox 628 3335 785 3433; x_wconf 89' lang='lat' dir='ltr'>propriis</span> <span class='ocrx_word' id='word_1_177' title='bbox 808 3333 1009 3433; x_wconf 89' lang='lat' dir='ltr'>parapsides</span> <span class='ocrx_word' id='word_1_178' title='bbox 1036 3333 1091 3431; x_wconf 76' lang='lat'>(3)</span> <span class='ocrx_word' id='word_1_179' title='bbox 1116 3332 1249 3420; x_wconf 90' lang='lat' dir='ltr'>abluit,</span> 
     </span>
    </p>
   </div>
   <div class='ocr_carea' id='block_1_3' title="bbox 186 3556 1253 4259">
    <p class='ocr_par' dir='ltr' id='par_1_4' title="bbox 221 3556 427 3626">
     <span class='ocr_line' id='line_1_27' title="bbox 221 3556 427 3626; baseline 0 -17"><span class='ocrx_word' id='word_1_180' title='bbox 221 3557 259 3626; x_wconf 84' lang='lat' dir='ltr'>(r)</span> <span class='ocrx_word' id='word_1_181' title='bbox 270 3556 427 3610; x_wconf 75' lang='lat' dir='ltr'>L’lldrault.</span> 
     </span>
    </p>

    <p class='ocr_par' dir='ltr' id='par_1_5' title="bbox 186 3641 1253 4058">
     <span class='ocr_line' id='line_1_28' title="bbox 218 3641 1250 3720; baseline 0 -23"><span class='ocrx_word' id='word_1_182' title='bbox 218 3647 258 3712; x_wconf 84' lang='lat' dir='ltr'>(a)</span> <span class='ocrx_word' id='word_1_183' title='bbox 281 3645 316 3697; x_wconf 83' lang='lat' dir='ltr'>la</span> <span class='ocrx_word' id='word_1_184' title='bbox 329 3645 425 3699; x_wconf 84' lang='lat' dir='ltr'>charte</span> <span class='ocrx_word' id='word_1_185' title='bbox 437 3645 486 3718; x_wconf 90' lang='lat' dir='ltr'>qui</span> <span class='ocrx_word' id='word_1_186' title='bbox 500 3643 639 3699; x_wconf 89' lang='lat' dir='ltr'>renferme</span> <span class='ocrx_word' id='word_1_187' title='bbox 654 3661 698 3720; x_wconf 77' lang='lat' dir='ltr'>ces</span> <span class='ocrx_word' id='word_1_188' title='bbox 717 3642 863 3698; x_wconf 79' lang='lat' dir='ltr'>donatione</span> <span class='ocrx_word' id='word_1_189' title='bbox 882 3653 962 3717; x_wconf 85' lang='lat' dir='ltr'>porte</span> <span class='ocrx_word' id='word_1_190' title='bbox 975 3642 1002 3697; x_wconf 90' lang='lat' dir='ltr'>la</span> <span class='ocrx_word' id='word_1_191' title='bbox 1017 3642 1081 3697; x_wconf 80' lang='lat' dir='ltr'>date</span> <span class='ocrx_word' id='word_1_192' title='bbox 1093 3641 1133 3696; x_wconf 89' lang='lat' dir='ltr'>du</span> <span class='ocrx_word' id='word_1_193' title='bbox 1150 3641 1184 3697; x_wconf 79' lang='lat'>28</span> <span class='ocrx_word' id='word_1_194' title='bbox 1201 3641 1250 3697; x_wconf 77' lang='lat' dir='ltr'>de-</span> 
     </span>
     <span class='ocr_line' id='line_1_29' title="bbox 186 3733 1253 3802; baseline 0 -15"><span class='ocrx_word' id='word_1_195' title='bbox 186 3734 298 3789; x_wconf 87' lang='lat' dir='ltr'>cembre</span> <span class='ocrx_word' id='word_1_196' title='bbox 317 3734 386 3802; x_wconf 75' lang='lat'>8083</span> <span class='ocrx_word' id='word_1_197' title='bbox 407 3734 445 3789; x_wconf 85' lang='lat' dir='ltr'>les</span> <span class='ocrx_word' id='word_1_198' title='bbox 465 3735 544 3789; x_wconf 87' lang='lat' dir='ltr'>biens</span> <span class='ocrx_word' id='word_1_199' title='bbox 563 3734 698 3792; x_wconf 75' lang='lat' dir='ltr'>concedes</span> <span class='ocrx_word' id='word_1_200' title='bbox 720 3745 782 3789; x_wconf 84' lang='lat' dir='ltr'>sont</span> <span class='ocrx_word' id='word_1_201' title='bbox 804 3735 890 3791; x_wconf 65' lang='lat' dir='ltr'>sitnia</span> <span class='ocrx_word' id='word_1_202' title='bbox 902 3733 1021 3790; x_wconf 80' lang='lat' dir='ltr'>dansles</span> <span class='ocrx_word' id='word_1_203' title='bbox 1043 3733 1197 3788; x_wconf 87' lang='lat' dir='ltr'>territoires</span> <span class='ocrx_word' id='word_1_204' title='bbox 1218 3733 1253 3787; x_wconf 89' lang='lat' dir='ltr'>de</span> 
     </span>
     <span class='ocr_line' id='line_1_30' title="bbox 187 3821 1253 3898; baseline -0.004 -18"><span class='ocrx_word' id='word_1_205' title='bbox 187 3825 310 3880; x_wconf 76' lang='lat' dir='ltr'>Bdaiers:</span> <span class='ocrx_word' id='word_1_206' title='bbox 324 3844 418 3898; x_wconf 77' lang='lat' dir='ltr'>pagus</span> <span class='ocrx_word' id='word_1_207' title='bbox 427 3825 609 3893; x_wconf 79' lang='lat' dir='ltr'>Biterrensis,</span> <span class='ocrx_word' id='word_1_208' title='bbox 619 3837 648 3881; x_wconf 84' lang='lat' dir='ltr'>et</span> <span class='ocrx_word' id='word_1_209' title='bbox 666 3825 701 3881; x_wconf 93' lang='lat' dir='ltr'>de</span> <span class='ocrx_word' id='word_1_210' title='bbox 717 3826 840 3894; x_wconf 80' lang='lat' dir='ltr'>Lodeve,</span> <span class='ocrx_word' id='word_1_211' title='bbox 853 3845 946 3898; x_wconf 77' lang='lat' dir='ltr'>pagus</span> <span class='ocrx_word' id='word_1_212' title='bbox 964 3823 1148 3880; x_wconf 82' lang='lat' dir='ltr'>Ludovensis.</span> <span class='ocrx_word' id='word_1_213' title='bbox 1162 3822 1210 3879; x_wconf 91' lang='lat' dir='ltr'>On</span> <span class='ocrx_word' id='word_1_214' title='bbox 1227 3821 1253 3876; x_wconf 85' lang='lat' dir='ltr'>la</span> 
     </span>
     <span class='ocr_line' id='line_1_31' title="bbox 186 3906 1253 3986; baseline -0.003 -19"><span class='ocrx_word' id='word_1_215' title='bbox 186 3924 315 3970; x_wconf 81' lang='lat' dir='ltr'>trouvera</span> <span class='ocrx_word' id='word_1_216' title='bbox 328 3917 343 3969; x_wconf 71' lang='lat' dir='ltr'>d</span> <span class='ocrx_word' id='word_1_217' title='bbox 356 3913 382 3967; x_wconf 86' lang='lat' dir='ltr'>la</span> <span class='ocrx_word' id='word_1_218' title='bbox 394 3913 466 3968; x_wconf 81' lang='lat' dir='ltr'>suite</span> <span class='ocrx_word' id='word_1_219' title='bbox 475 3912 511 3968; x_wconf 93' lang='lat' dir='ltr'>de</span> <span class='ocrx_word' id='word_1_220' title='bbox 524 3912 550 3968; x_wconf 83' lang='lat' dir='ltr'>la</span> <span class='ocrx_word' id='word_1_221' title='bbox 563 3913 729 3986; x_wconf 74' lang='lat' dir='ltr'>precedente</span> <span class='ocrx_word' id='word_1_222' title='bbox 743 3914 812 3970; x_wconf 85' lang='lat' dir='ltr'>dans</span> <span class='ocrx_word' id='word_1_223' title='bbox 824 3914 863 3970; x_wconf 88' lang='lat' dir='ltr'>les</span> <span class='ocrx_word' id='word_1_224' title='bbox 878 3915 953 3970; x_wconf 77' lang='lat' dir='ltr'>Acta</span> <span class='ocrx_word' id='word_1_225' title='bbox 967 3913 1021 3968; x_wconf 86' lang='lat' dir='ltr'>SS.</span> <span class='ocrx_word' id='word_1_226' title='bbox 1037 3911 1106 3968; x_wconf 74' lang='lat' dir='ltr'>ora.</span> <span class='ocrx_word' id='word_1_227' title='bbox 1119 3913 1148 3966; x_wconf 89' lang='lat' dir='ltr'>S.</span> <span class='ocrx_word' id='word_1_228' title='bbox 1161 3906 1253 3965; x_wconf 82' lang='lat' dir='ltr'>Bene·</span> 
     </span>
     <span class='ocr_line' id='line_1_32' title="bbox 189 4002 266 4058; baseline -0.013 0"><span class='ocrx_word' id='word_1_229' title='bbox 189 4002 266 4058; x_wconf 76' lang='lat' dir='ltr'>dicti.</span> 
     </span>
    </p>

    <p class='ocr_par' dir='ltr' id='par_1_6' title="bbox 191 4091 1253 4259">
     <span class='ocr_line' id='line_1_33' title="bbox 219 4091 1253 4168; baseline -0.004 -19"><span class='ocrx_word' id='word_1_230' title='bbox 219 4092 259 4165; x_wconf 73' lang='grc' dir='ltr'>(ὅ)</span> <span class='ocrx_word' id='word_1_231' title='bbox 280 4091 328 4149; x_wconf 89' lang='lat' dir='ltr'>On</span> <span class='ocrx_word' id='word_1_232' title='bbox 345 4093 416 4148; x_wconf 88' lang='lat' dir='ltr'>e&#39;crit</span> <span class='ocrx_word' id='word_1_233' title='bbox 437 4093 499 4167; x_wconf 86' lang='lat' dir='ltr'>plus</span> <span class='ocrx_word' id='word_1_234' title='bbox 518 4093 736 4168; x_wconf 73' lang='lat' dir='ltr'>reguliemment</span> <span class='ocrx_word' id='word_1_235' title='bbox 754 4099 898 4168; x_wconf 76' lang='lat' dir='ltr'>paropsis,⁸</span> <span class='ocrx_word' id='word_1_236' title='bbox 920 4094 988 4148; x_wconf 85' lang='lat' dir='ltr'>mais</span> <span class='ocrx_word' id='word_1_237' title='bbox 1012 4111 1083 4149; x_wconf 85' lang='lat' dir='ltr'>nous</span> <span class='ocrx_word' id='word_1_238' title='bbox 1102 4109 1184 4148; x_wconf 76' lang='lat' dir='ltr'>arone</span> <span class='ocrx_word' id='word_1_239' title='bbox 1203 4110 1253 4146; x_wconf 87' lang='lat' dir='ltr'>cru</span> 
     </span>
     <span class='ocr_line' id='line_1_34' title="bbox 191 4171 1062 4259; baseline 0.002 -23"><span class='ocrx_word' id='word_1_240' title='bbox 191 4182 286 4238; x_wconf 79' lang='lat' dir='ltr'>devoir</span> <span class='ocrx_word' id='word_1_241' title='bbox 301 4195 438 4258; x_wconf 84' lang='lat' dir='ltr'>respecter</span> <span class='ocrx_word' id='word_1_242' title='bbox 450 4185 475 4240; x_wconf 85' lang='lat' dir='ltr'>la</span> <span class='ocrx_word' id='word_1_243' title='bbox 490 4185 568 4259; x_wconf 76' lang='lat' dir='ltr'>leqon</span> <span class='ocrx_word' id='word_1_244' title='bbox 581 4184 621 4239; x_wconf 92' lang='lat' dir='ltr'>du</span> <span class='ocrx_word' id='word_1_245' title='bbox 634 4187 786 4241; x_wconf 86' lang='lat' dir='ltr'>manuscrit</span> <span class='ocrx_word' id='word_1_246' title='bbox 797 4186 832 4241; x_wconf 87' lang='lat' dir='ltr'>de</span> <span class='ocrx_word' id='word_1_247' title='bbox 845 4171 1062 4241; x_wconf 63' lang='lat' dir='ltr'>&amp;int-Encolt.</span> 
     </span>
    </p>
   </div>
   <div class='ocr_carea' id='block_1_4' title="bbox 0 0 1453 4934">
    <p class='ocr_par' dir='ltr' id='par_1_7' title="bbox 0 0 1453 4934">
     <span class='ocr_line' id='line_1_35' title="bbox 0 0 1453 4934; baseline 0 0"><span class='ocrx_word' id='word_1_248' title='bbox 0 0 1453 4934; x_wconf 95' lang='lat' dir='ltr'> </span> 
     </span>
    </p>
   </div>
  </div>
 </body>
</html>
