2888 4934
183 464 289 543 [1091]
555 438 675 518 'ulnus
696 458 886 518 ocutvns.
1197 461 1258 524 ssa

182 594 316 679 erexit,
340 608 378 664 et
403 591 546 688 copiose
568 589 706 662 bellicis
723 588 954 688 apparatibus
979 590 1163 662 instruxit.
1191 588 1261 663 Sed

184 739 253 787 nec
269 713 320 786 sio
336 709 558 810 oppidaneos
578 708 621 781 ad
642 707 787 781 libitum
805 736 909 781 suum
930 709 1138 782 coarctavit.
1158 707 1261 800 Quo-

185 834 279 906 tiens
294 832 394 904 enim
412 830 585 902 assultum
607 843 733 901 contra
755 826 947 901 Curceium
970 825 1180 913 inchoabat,
1200 842 1261 922 to-

186 951 279 1024 tiens
295 948 462 1021 militaris
483 948 597 1018 virtus
614 945 659 1019 de
675 946 872 1019 Grentonis
893 947 1081 1020 Mansione
1097 945 1155 1044 (1)
1174 971 1264 1043 sup-

184 1068 298 1167 petias
312 1063 521 1152 festinabat,
549 1080 586 1138 et
610 1064 801 1137 assultores
822 1063 869 1136 ab
894 1066 1057 1163 incoepto
1082 1063 1263 1136 violenter

186 1183 406 1260 retrahebat.
432 1185 571 1256 Interea
598 1181 780 1255 castellani
799 1181 1036 1256 Guillelmum
1058 1180 1103 1255 de
1128 1181 1263 1255 Ferra-

187 1304 251 1376 riis
264 1303 339 1402 (α),
359 1318 396 1374 et
411 1300 646 1374 Guillelmum
663 1298 708 1372 de
724 1299 880 1398 Ruperia
896 1300 969 1398 (3),
989 1316 1026 1374 et
1039 1301 1128 1374 alios
1141 1300 1264 1398 plures

188 1418 558 1518 comprehenderunt.
597 1416 762 1509 Quorum
796 1416 1106 1517 redemptionibus
1142 1417 1265 1515 opime

188 1537 298 1639 adjuti
316 1554 413 1611 suut.
433 1535 502 1610 Sed
518 1534 645 1609 bellica
662 1561 740 1610 sors
753 1536 927 1624 variatur,
948 1552 984 1608 et
999 1537 1147 1609 victora
1166 1535 1264 1608 victo

189 1655 406 1755 plerumque
421 1669 625 1752 superatur.
646 1654 732 1741 lvo,
753 1651 847 1725 filius
864 1653 1027 1750 Hugonis
1045 1654 1101 1750 (4)
1112 1708 1122 1741 ,
1143 1667 1180 1724 et
1196 1651 1265 1722 Ri-

191 1771 330 1859 oardus,
351 1769 542 1844 Gisleberti
557 1771 651 1843 titius
667 1772 737 1869 (5),
759 1797 775 1841 n
790 1771 977 1844 forinsecis
992 1768 1154 1844 hostibus
1170 1769 1264 1867 capti

187 1906 291 1979 sunt,
310 1891 443 1991 aliique
456 1889 576 1987 plures
585 1944 596 1977 ‚
613 1890 674 1990 qui
688 1887 864 1962 Rodberti
878 1888 999 1962 dirum
1014 1913 1194 1963 carcerom
1209 1913 1267 1960 ex·

189 2007 284 2106 petti
298 2023 394 2079 sunt.
422 2008 525 2079 Tunc
549 2008 656 2106 Hugo
672 2033 770 2079 arma
788 2033 857 2106 pro
881 2008 982 2081 senio
1005 2032 1080 2082 non
1106 2003 1263 2091 serebat,

191 2123 251 2197 sed
277 2125 448 2222 sapientia
472 2124 694 2224 consilioque
715 2140 858 2213 acutus,
881 2123 1051 2198 omnibus
1069 2121 1264 2198 eminebat.

192 2242 260 2314 Hic
276 2239 462 2314 obsidione
475 2239 609 2313 diutius
623 2242 765 2342 gravari
779 2240 1012 2315 vehementer
1024 2240 1160 2329 doluit,
1177 2238 1269 2312 ideo·

192 2385 264 2460 que
286 2358 464 2433 obsidenti
489 2359 571 2433 duci
601 2356 786 2431 mandavit
813 2362 947 2433 :Patri
965 2377 1026 2432 tuo
1049 2375 1084 2431 et
1109 2384 1177 2431 avo
1202 2357 1269 2427 diu

193 2479 339 2565 servivi,
355 2493 389 2548 et
402 2481 439 2547 in
453 2503 575 2549 eorum
593 2479 736 2549 servitio
748 2477 864 2549 multa
877 2481 1011 2576 gravia
1020 2476 1168 2576 pertuli.
1187 2473 1269 2546 Tibi

194 2620 337 2695 quoque
364 2620 506 2694 semper
519 2594 651 2694 fidelis
676 2597 795 2667 extiti.
832 2594 937 2692 Quid
964 2597 1050 2692 egi,.
1062 2595 1154 2694 quid
1178 2595 1216 2663 in
1236 2607 1270 2663 te

186 2710 368 2808 peceavi?
380 2713 475 2784 unde
480 2719 670 2811 promerui
680 2728 757 2783 tam
765 2712 944 2786 hostiliter
953 2741 977 2785 a
989 2729 1021 2784 te
1032 2709 1270 2812 impugnari?

193 2829 393 2902 Dominum
410 2857 529 2901 meum
549 2848 583 2900 te
601 2829 753 2928 publice
755 2827 898 2928 fateor,
925 2847 959 2902 et
981 2829 1120 2902 idcireo
1144 2846 1270 2901 eontra
1297 2878 1305 2895 .

194 2962 229 3016 te
245 2972 317 3017 non
326 2946 539 3047 piwliubor.
561 2945 639 3019 Sed
653 2973 753 3020 nutzc
767 2973 792 3018 a
811 2973 866 3019 me
881 2947 1060 3020 ducentas
1074 2945 1188 3018 libras
1206 2972 1273 3018 ac-

196 3065 297 3160 cipe,
316 3080 349 3136 et
369 3080 596 3137 tenetentum
611 3064 673 3136 die
691 3091 764 3164 quo
782 3070 838 3138 vis
855 3066 1002 3156 recede,
1015 3082 1062 3138 ¹ut
1080 3082 1114 3137 te
1127 3064 1273 3137 absente

196 3179 306 3253 liceat
318 3180 408 3252 milti
419 3209 503 3255 cum
518 3180 705 3255 Rodberto
720 3182 947 3255 Belesmensi
959 3184 1149 3256 dimicare.
1167 3184 1273 3253 Putet

238 3455 276 3524 (i)
289 3453 509 3508 Grentemesnil.

238 3550 277 3609 (α)
290 3542 466 3610 Guillwme,
486 3542 573 3597 baron
588 3543 623 3597 de
637 3541 1011 3609 Ferrieres-Saint-Hilaite‚
1028 3543 1091 3614 pres
1106 3540 1219 3609 Bernai,
1235 3541 1278 3595 fils

204 3633 239 3688 de
252 3634 355 3699 flenti,
370 3635 419 3706 qui
432 3634 527 3687 assista
540 3637 556 3687 ὲ
567 3632 594 3686 la
607 3632 719 3687 bataille
732 3632 903 3704 d'Hastings.

238 3721 278 3792 (3)
293 3723 331 3780 Ce
345 3724 475 3797 seigneur
486 3723 579 3778 donna
592 3727 608 3778 b
620 3723 746 3794 l’abbaye
756 3722 791 3778 de
801 3724 911 3777 Troum
921 3722 1027 3795 l‘e'glise
1039 3721 1074 3777 de
1086 3722 1276 3791 Frenouville,

204 3823 248 3879 et,
261 3831 295 3868 en
310 3831 391 3886 1099,
408 3814 426 3867 it
440 3834 456 3886 y
469 3815 561 3884 ajouta
575 3813 600 3867 la
613 3813 696 3867 dtme.
713 3813 853 3886 Rupiene
866 3824 908 3869 est
922 3813 994 3867 situe
1008 3812 1076 3868 dans
1089 3813 1115 3868 le
1128 3824 1229 3869 canton
1244 3813 1280 3868 de

205 3904 396 3958 Cambremer.

240 3997 281 4060 (4)
295 3994 355 4062 lue,
369 3996 525 4067 quatrieme
539 3995 581 4048 fils
594 3994 629 4048 de
642 3995 746 4065 Hugue
758 3993 794 4049 de
807 3994 1025 4050 Grentemesuil.

242 4083 282 4152 (5)
296 4081 421 4137 Richard
436 4083 471 4139 de
486 4083 568 4140 Clare
586 4103 623 4138 ou
641 4083 676 4140 de
692 4085 841 4151 Bienfaite‚
861 4083 903 4139 fils
917 4084 952 4139 de
965 4084 1121 4153 eisteten,
1142 4096 1232 4139 comte
1246 4084 1283 4140 de

206 4173 337 4228 Brionue.
358 4175 436 4229 Nous
452 4194 567 4230 verrons
586 4174 655 4250 qu’il
672 4186 789 4231 mourut
805 4176 915 4233 bientbt
931 4174 980 4234 des
996 4177 1081 4232 suites
1096 4175 1145 4232 des
1160 4175 1284 4232 mauvats

208 4265 384 4321 traitemeuts
396 4265 517 4322 sudores
530 4265 599 4322 dans
612 4277 684 4323 cette
697 4267 834 4341 captivite.
