2872 4920
179 387 242 447 618
439 382 626 445 nlstottls
645 381 954 445 ECCLRSIASTICA.
977 384 1138 459 [wenc.
1155 384 1252 462 1⁰9⁹]

178 513 244 595 risi
259 528 460 587 stantarum
476 516 534 612 (1)
549 514 696 614 alonge
708 511 954 602 considerans,
970 510 1069 612 quod
1087 511 1128 585 in
1149 538 1253 586 snm·

179 629 304 701 mitate
331 628 442 703 bastae
469 656 619 705 aureum
644 654 796 730 pomum
823 628 999 719 habebnt,
1030 627 1132 702 basta
1159 655 1253 705 run

179 760 331 842 argento
349 744 523 821 decenter
542 763 713 846 cooperta
734 744 932 835 albicabat,
951 741 1016 817 ubi
1035 745 1157 843 ipsum
1175 771 1252 822 esse

179 860 435 960 deprehendit,
464 865 632 939 audacter
658 889 726 964 per
751 862 886 938 medias
909 863 1003 936 acies
1025 888 1140 961 super
1164 889 1250 939 enm

179 977 309 1069 irruit,
332 994 369 1052 et
393 980 554 1080 graviter
573 978 619 1053 ad
639 995 797 1053 mortem
816 977 1033 1053 vulneravit.
1057 975 1164 1071 Quod
1187 982 1249 1053 ui·

181 1095 296 1168 mium
310 1098 506 1195 gentilibus
518 1099 690 1171 timorem
705 1095 865 1170 incussit.
878 1094 1006 1168 Comes
1017 1094 1128 1168 etiam
1143 1095 1251 1169 Flau-

181 1210 276 1285 drita
294 1212 473 1288 hostiliter
489 1240 553 1289 ecs
567 1216 715 1304 invasit,
733 1230 771 1287 et
785 1210 992 1286 Taucaedus
1004 1236 1073 1311 per
1089 1210 1249 1286 mcdimn

183 1328 381 1401 tentorium
399 1330 662 1428 imperterritus
681 1355 744 1404 eos
760 1328 952 1427 impetivit.
970 1326 1105 1401 Milites
1119 1330 1249 1426 pagani

182 1469 271 1519 mox
282 1445 405 1546 lugam
416 1449 590 1522 inierunt.
602 1447 791 1545 AEtbiopes
798 1445 983 1544 stupefacti
994 1443 1247 1517 substiterunt.

183 1559 260 1634 Rex
275 1544 397 1636 aiutem
420 1579 458 1635 et
476 1563 701 1637 Francorum
720 1559 887 1662 quidam,
901 1557 947 1632 ad
961 1558 1153 1658 AEthiopes
1166 1584 1251 1633 con·

183 1680 276 1751 versi
307 1695 345 1752 et
378 1678 430 1752 ibi
456 1680 722 1779 aliquantulum
749 1676 950 1765 demorati,
982 1701 1048 1751 eos
1078 1691 1250 1777 tanquam

131 1848 140 1867 .
183 1811 336 1893 segetem
354 1798 394 1868 in
411 1812 615 1872 transverso
630 1796 756 1896 gladiis
771 1794 957 1884 secabant,
975 1811 1013 1868 et
1028 1819 1157 1869 eornm
1171 1820 1249 1866 eor·

184 1936 274 2010 pora
288 1910 542 1989 detruncantes
553 1913 802 1988 dimidiabant.
818 1913 944 2012 Campi
957 1913 1135 2012 sanguiue
1150 1913 1252 1984 inuu-

183 2027 378 2122 dabantur,
395 2048 431 2106 et
448 2033 578 2131 passim
594 2032 787 2105 morticina
803 2031 995 2130 gentilium
1007 2028 1252 2104 obvolveban·

185 2162 259 2219 tur.
286 2148 480 2222 Christiani
501 2149 677 2250 fugientes
695 2149 845 2222 insecuti
862 2163 961 2220 snut.
983 2145 1169 2235 Gentiles,
1188 2146 1253 2218 Dei

184 2263 319 2336 virtute
344 2265 560 2355 tremefacti,
581 2291 656 2339 non
686 2262 869 2337 habebant
894 2263 1016 2336 locum
1034 2260 1252 2360 respirandi.

185 2375 288 2449 Oculi
310 2403 440 2451 eorum
462 2383 478 2476 (
484 2398 524 2451 ut
544 2379 592 2453 ab
611 2379 684 2469 bis,
702 2382 766 2479 ‹pii
782 2397 993 2471 evaseruut,
1013 2395 1133 2478 postea
1153 2380 1256 2451 rela-

186 2509 264 2567 tum
275 2496 347 2593 est)
365 2497 414 2571 ita
430 2497 693 2596 caligaverunt,
709 2513 749 2568 ut
761 2498 894 2595 apertis
906 2496 1018 2570 oculis
1029 2493 1256 2569 Christianos

185 2611 415 2710 rix'possent
439 2612 582 2704 videre,
605 2615 697 2687 nihil
717 2630 839 2687 autem
860 2614 1014 2687 omnino
1033 2612 1084 2684 eis
1105 2637 1254 2685 nocere.

186 2729 293 2801 Multi
312 2747 437 2804 contra
457 2758 589 2830 paucos
603 2731 788 2806 oblatrare
806 2756 880 2804 non
896 2729 1095 2817 audebant,
1113 2730 1256 2802 multis·

188 2872 258 2945 que
273 2848 389 2921 modis
403 2848 553 2923 evadere
567 2848 787 2948 satagebant.
802 2847 871 2919 Sed
887 2847 1125 2945 praevalentes
1141 2849 1255 2920 nostri

188 2959 350 3034 ethnicos
369 2964 406 3036 in
424 2989 615 3037 commune
627 2961 846 3062 puniebant,
865 2962 1028 3062 nullique
1044 2959 1255 3059 parcebant.

189 3076 345 3150 Lethalis
370 3080 488 3179 itaque
511 3082 586 3153 dies
603 3082 748 3179 paganis
766 3078 996 3167 incubuerat,
1022 3105 1093 3176 qua
1115 3079 1256 3150 nemini

190 3193 344 3268 dabatur
358 3196 530 3269 evadendi
556 3199 711 3287 occasio,
730 3198 812 3297 quia
833 3199 869 3267 iu
889 3194 1102 3284 arboribus,
1121 3221 1256 3293 scopu-

191 3312 326 3412 lisque,
353 3314 452 3387 etin
477 3341 712 3389 cavernarum
738 3312 918 3403 latibulis,
945 3313 1104 3385 victricis
1130 3339 1258 3386 manus

191 3430 300 3502 armis
319 3431 448 3529 passim
467 3430 675 3504 interibant.

227 3641 266 3713 (1)
285 3642 459 3699 L'etcndard.
477 3643 565 3699 Notre
579 3654 679 3698 auteur
692 3653 758 3698 veut
775 3641 836 3698 dire
853 3660 907 3716 que
924 3641 1042 3708 Robert,
1063 3644 1152 3695 averti
1170 3661 1220 3715 pn·
1237 3643 1263 3695 la

192 3732 324 3804 presence
335 3734 370 3789 de
381 3745 424 3789 cet
438 3734 572 3790 ‹itendard
586 3735 623 3788 du
634 3733 690 3788 licu
701 3736 737 3787 orl
753 3751 780 3787 se
792 3733 913 3787 trouvait
923 3730 950 3785 le
960 3731 1026 3785 visir
1039 3730 1108 3785 dans
1119 3730 1145 3784 la
1158 3732 1260 3787 utilia.

194 3820 307 3876 marcha
316 3821 413 3878 orcita
427 3825 465 3879 lui
474 3836 503 3880 et
511 3823 537 3879 lc
544 3824 632 3879 blessa
640 3833 815 3894 gravement;
825 3822 981 3895 supprimes
989 3821 1028 3874 les
1037 3831 1108 3874 muts
1119 3846 1124 3873 z
1140 3822 1184 3875 ad
1190 3842 1262 3874 mus

194 3922 257 3967 tem.
272 3910 348 3965 Nous
356 3929 508 3985 supposous
518 3934 573 3988 que
585 3925 630 3968 oet
638 3913 772 3968 utendard
782 3914 858 3977 enit,
869 3930 978 3966 contine
989 3912 1031 3965 lut
1043 3911 1106 3983 plus
1114 3913 1179 3966 tard
1190 3913 1262 3967 celui

194 4003 229 4058 ‹lc
239 4002 652 4060 lliclrartl-Coeu1··tle·Liouitla
660 4006 684 4059 T
686 4005 866 4071 erre-Salute,
878 4023 933 4057 stne
941 4002 1043 4074 longus
1052 4014 1155 4076 pontiu
1166 4011 1264 4077 portet·

195 4112 242 4147 sui·
253 4113 292 4148 uu
306 4093 414 4147 cliariot
429 4096 443 4144 a
457 4104 554 4165 qurum
569 4113 662 4160 nouus,
679 4108 706 4149 et
722 4098 878 4150 suriuoutdc
890 4094 972 4148 ‹l’uuu
988 4093 1120 4149 bannitio
1132 4117 1170 4151 ou
1184 4109 1263 4153 auln-

195 4185 271 4256 sigue
284 4185 318 4242 ‹le
333 4184 501 4253 rallictueut,
516 4184 564 4256 qui
577 4184 701 4240 detenuit
713 4187 739 4240 le
752 4198 845 4241 curatve
859 4185 896 4238 ilu
911 4204 991 4257 corps
1003 4185 1132 4240 tl’armir.
