2888 4934
165 396 272 472 grosr]
532 392 650 454 narni
670 393 874 455 sernuus.
1176 400 1235 456 aas

165 527 337 626 omnique
348 541 484 599 remota
502 526 692 617 violentia,
703 525 870 626 precibus
880 525 1021 599 blandis
1034 526 1233 614 lenierunt,

165 661 201 718 et
215 669 340 744 pacem
358 669 440 717 cum
459 645 695 717 coiecerunt.
716 644 808 717 Nam
827 670 896 742 pro
912 643 1032 718 loculo
1049 645 1160 718 solius
1178 672 1236 719 se-

165 761 324 862 poltnrae
350 762 533 862 sexaginta
557 761 689 836 solidos
721 764 751 836 ei
781 763 946 861 protinus
971 762 1234 853 adhibuerunt,

165 905 233 978 pro
248 879 385 981 reliqua
402 905 489 955 vero
506 879 650 970 tellure,
671 907 780 980 quam
797 879 1098 969 calumniabatur,
1125 884 1238 983 aequi·

165 995 308 1096 pollens
324 1013 492 1072 mutuum
503 996 619 1070 eidem
632 997 896 1095 promiserunt,
915 1012 951 1070 et
966 1013 1047 1096 post
1060 1023 1133 1071 non
1147 1000 1238 1071 mul·

165 1127 245 1186 tum
264 1114 437 1213 temporis
458 1138 528 1212 pro
547 1112 659 1186 salute
679 1112 840 1213 specialis
859 1112 937 1186 heri
948 1168 959 1202 ,
980 1139 1087 1215 quem
1107 1111 1237 1217 ditige-

165 1226 276 1340 bent,
297 1247 443 1330 pactum
463 1231 736 1329 compleverunt
755 1232 825 1329 (r).
845 1230 979 1324 Porro,
996 1232 1084 1305 dum
1107 1258 1238 1331 corpus

196 1500 363 1569 (olerent
372 1498 408 1553 de
423 1500 510 1553 Wace
520 1510 561 1554 est
570 1498 787 1572 completement
802 1497 931 1553 d’accord
945 1516 1010 1553 avec
1023 1498 1095 1553 celui
1105 1498 1140 1553 de
1158 1510 1238 1554 notrc

165 1599 274 1644 auteur.
293 1589 409 1644 suivant
422 1588 584 1645 Guillaume
600 1589 635 1643 de
649 1588 852 1661 Malmesbnry‚
868 1607 899 1644 ce
915 1589 998 1643 serait
1018 1589 1107 1643 Henri
1125 1590 1158 1643 10¹
1172 1590 1236 1663 qui,

165 1682 277 1755 prbent
288 1699 341 1735 aux
357 1680 516 1736 t'une'railles
530 1680 568 1735 du
580 1681 637 1748 roi,
653 1680 851 1753 auraitpayel
868 1680 979 1736 Ascelin
999 1698 1048 1734 roo
1063 1681 1146 1736 livres
1163 1681 1222 1736 d'ar

165 1779 233 1844 gent
245 1788 318 1844 pour
331 1772 393 1843 prix
403 1769 441 1824 dn
451 1772 556 1826 terrain
563 1773 668 1844 nsurpe
677 1789 724 1826 sur
741 1788 791 1825 son
801 1772 877 1843 pere.

192 1860 273 1916 Nous
286 1880 321 1915 ne
334 1879 458 1935 pourous
470 1863 605 1916 terminer
622 1880 653 1916 ce
667 1863 738 1916 recit
752 1861 800 1915 des
811 1860 939 1916 derniers
954 1872 1092 1916 momente
1106 1861 1141 1917 de
1153 1862 1237 1918 Guil-

165 1948 257 2007 leame
274 1969 336 2006 sans
356 1954 493 2025 eprourer
504 1950 530 2006 le
545 1951 641 2006 besoio
655 1951 690 2006 de
699 1952 848 2024 consiguer
857 1951 891 2005 ici
906 1949 980 2005 deux
994 1951 1058 2006 faite
1075 1963 1238 2025 contempo·

165 2042 240 2098 raiae
252 2043 303 2117 qni
321 2059 392 2097 nous
405 2043 557 2115 paraissent
573 2041 609 2096 de
623 2051 722 2097 nature
738 2045 754 2097 l
767 2042 794 2097 le
810 2041 973 2114 completer.

198 2133 239 2188 lue
256 2132 379 2207 premier
397 2150 468 2188 nous
487 2144 529 2188 eat
551 2133 645 2188 t'ourni
666 2151 716 2206 par
733 2132 896 2188 Guillaume
919 2132 955 2188 de
970 2133 1168 2205 Malmesbnry.
1188 2134 1239 2189 Cet

166 2220 306 2277 historica
322 2240 392 2277 nous
404 2221 530 2296 apprend
543 2240 599 2296 qne
613 2220 791 2292 Guillanme‚
803 2221 878 2297 plein
890 2220 925 2277 dc
936 2232 1045 2294 respect
1056 2239 1129 2294 pour
1144 2221 1170 2276 la
1186 2225 1242 2276 nii·

166 2311 258 2367 moire
271 2311 307 2365 de
323 2330 372 2366 son
386 2314 465 2385 pere,
478 2313 550 2367 nvait
562 2312 665 2385 charge
675 2330 714 2367 un
727 2313 862 2368 seruiteur
874 2311 910 2368 de
922 2311 1063 2366 confiance
1072 2311 1108 2367 de
1124 2331 1241 2385 rappor-

166 2409 210 2454 ter
221 2398 259 2454 de
268 2399 354 2454 Nicee
362 2400 388 2454 le
399 2418 481 2474 corps
496 2401 532 2456 de
544 2399 661 2455 Robert.
677 2399 730 2455 Cet
742 2403 865 2474 euvoye,
880 2401 960 2473 apres
976 2398 1053 2454 avoir
1066 2400 1200 2474 accompli
1213 2419 1240 2454 sa

166 2490 297 2559 mirsion,
313 2502 396 2562 ayant
408 2493 502 2565 appris
511 2491 536 2546 la
545 2501 621 2546 mort
635 2490 674 2545 du
690 2491 732 2545 roi
744 2490 869 2565 lorequ’il
883 2491 951 2546 etait
962 2507 1063 2545 encore
1071 2507 1107 2544 en
1115 2490 1239 2554 Pouille,

166 2580 206 2656 ι’]
217 2581 310 2637 mlta
322 2591 351 2635 et
362 2601 379 2654 y
398 2582 429 2636 fit
441 2577 550 2638 donner
567 2582 592 2637 la
611 2582 754 2655 sepulture
771 2601 825 2636 aux
840 2592 927 2637 restes
940 2581 1054 2636 mortels
1073 2580 1112 2634 dn
1125 2583 1192 2654 pere
1206 2582 1241 2635 de

166 2688 218 2727 ron
231 2671 389 2728 souverain.
407 2672 484 2727 Nous
502 2671 733 2727 recommandons
750 2672 777 2727 la
798 2672 951 2727 recherche
970 2671 1006 2726 de
1023 2681 1097 2726 cette
1113 2671 1207 2726 tombc
1226 2674 1241 2725 a

167 2779 238 2818 ceux
250 2760 288 2816 de
306 2779 356 2817 nos
368 2763 565 2836 compatriotes
576 2763 626 2836 qui
638 2762 751 2817 visitent
762 2762 788 2816 le
807 2762 877 2816 midi
890 2760 925 2815 de
939 2760 1048 2815 l’Itelie.

201 2852 241 2908 1ae
256 2852 360 2907 second
375 2855 504 2926 presente
518 2871 557 2906 un
573 2853 689 2907 curienx
705 2862 845 2907 contracte
858 2861 938 2906 entre
954 2850 1027 2904 deux
1042 2848 1179 2904 destioees
1192 2851 1240 2922 qni

168 2959 198 2997 ee
216 2952 282 2998 aont
294 2943 444 2998 terminees
459 2945 474 2996 t
489 2943 618 3015 tres-peu
633 2941 669 2997 de
683 2942 763 3014 jours
779 2941 814 2997 de
833 2940 967 2996 distance.
987 2941 1024 2994 Le
1038 2957 1177 3013 voyageur
1193 2940 1241 3013 qni

167 3032 249 3088 ritite
260 3031 365 3106 l’e'glise
377 3032 412 3087 de
424 3033 643 3088 Saint-Sauveur
655 3032 690 3087 de
703 3033 808 3106 Bruges
819 3053 837 3106 y
851 3043 918 3106 peut
933 3032 986 3087 lire
998 3049 1047 3086 sur
1056 3049 1110 3086 une
1120 3030 1192 3085 lame
1207 3029 1242 3083 de

167 3120 279 3196 plomb,
293 3122 444 3178 transferte
457 3122 492 3177 de
506 3121 611 3195 l’e'gliee
621 3121 709 3178 saint·
715 3122 806 3178 Donat
818 3122 852 3178 de
865 3121 892 3177 la
902 3120 992 3177 mime
1001 3119 1078 3190 ville,
1092 3119 1243 3192 l'epitaplie

166 3213 296 3268 mirante
311 3235 317 3264 ε

201 3302 294 3358 Pater
301 3312 405 3371 noster,
421 3303 511 3359 Credo
521 3307 551 3359 iri
562 3304 652 3359 Deum
659 3314 780 3378 patrem,
796 3312 824 3359 et
833 3312 925 3359 cetera
934 3321 999 3376 quae
1007 3305 1037 3356 in
1051 3300 1174 3355 Simlrolo
1183 3300 1243 3369 (sic)

167 3391 370 3465 Apostolorum
380 3401 446 3448 sunt
454 3397 568 3467 scripta.

207 3480 341 3537 Gauildr's
359 3482 540 3538 nobilissirrus
556 3492 620 3539 orta
636 3482 816 3555 parentibus,
836 3497 938 3554 genere
954 3479 1067 3551 Angla,
1083 3485 1165 3550 patre
1185 3478 1243 3530 Go-

168 3569 257 3626 duim
273 3573 379 3639 comiti,
402 3571 456 3626 sub
481 3573 562 3647 cujus
579 3573 701 3629 dominio
723 3575 850 3628 maxima
866 3589 935 3643 pars
955 3567 1095 3635 militabat
1111 3568 1241 3639 Angtiae,

169 3669 259 3716 matre
276 3660 362 3716 Gitlra
379 3661 484 3716 illustri
497 3665 631 3736 prosapia
647 3663 789 3718 Dacorum
808 3656 929 3716 oriunda
949 3682 955 3708 .·
974 3657 1035 3712 liae
1046 3655 1113 3710 dum
1132 3665 1246 3711 voveret

169 3749 265 3806 αᾰΙιιιε
275 3752 372 3824 puella
380 3753 550 3824 virginalem
556 3756 728 3821 cosmatem,
739 3751 906 3808 desiderans
915 3749 1061 3822 spirituale
1070 3748 1242 3822 conjugium,

170 3843 275 3913 sprevit
288 3842 430 3896 connubia
442 3844 640 3899 nonnullorum
650 3844 783 3898 nobilium
793 3844 968 3914 principum:
983 3839 1098 3912 lacque
1113 3837 1180 3893 dum
1183 3838 1245 3911 jam

170 3928 210 3985 ad
222 3930 359 4002 puberem
377 3940 489 3987 atatem
504 3936 690 4005 pervenisset,
706 3933 814 4004 Augila
833 3930 943 3985 devicta
959 3949 977 3983 a
997 3927 1147 3983 Vuillelmo
1169 3927 1246 3981 Nor·-

171 4038 340 4076 marmorum
353 4024 465 4091 comite,
480 4031 507 4077 et
519 4023 556 4077 ab
569 4022 664 4078 eodem
678 4021 825 4095 interfecto
826 4021 927 4094 fratre
941 4038 992 4075 suo
1004 4037 1070 4092 rege
1086 4018 1247 4091 Anglorum

171 4109 311 4179 Haroldo,
328 4112 425 4166 relicta
437 4116 531 4186 patria
549 4112 629 4187 apud
646 4116 677 4170 S.
691 4111 886 4168 Audomarum
900 4112 1008 4184 aliquot
1021 4129 1112 4165 annos
1124 4109 1246 4163 exulans

172 4204 200 4256 ia
215 4200 355 4257 Flandria
363 4245 370 4271 ‚
396 4202 538 4258 Christum
553 4223 636 4277 quem
654 4206 699 4276 pie
717 4204 832 4260 amabat
851 4205 880 4257 in
894 4210 1005 4275 pectore
1017 4209 1124 4257 sancta
1138 4216 1247 4270 semper
