2888 4934
102 379 222 458 [1091]·
477 369 593 430 LlBEll
615 366 801 428 OCTAVUS.
1109 367 1165 428 381

103 509 265 608 plicitate
279 501 440 606 pollebat
454 518 491 575 et
503 501 633 600 peritia
652 499 874 589 litterarum,
894 498 1079 598 multaque
1097 489 1169 573 boss

107 641 242 701 aestate
256 639 294 698 et
308 622 493 695 bonorum
508 618 697 691 dulcedine
719 643 877 691 morum.
901 618 1005 689 Tunc
1025 618 1173 692 Herma·

107 770 175 817 nus
199 741 315 842 prior,
344 754 381 811 et
413 735 592 809 Ernaldus
618 733 662 807 de
689 734 865 824 Telliolo,
894 734 1026 835 aliique
1053 734 1174 834 plures

105 887 191 934 eum
201 858 244 933 ad
257 858 395 933 curiam
405 855 505 929 ducis
515 854 717 941 duxerunt,
733 850 792 925 sed
806 852 933 926 ducem
947 853 984 927 in
999 852 1178 927 Norman·

109 978 170 1051 uia
195 1002 270 1051 non
296 976 527 1048 invenerunt.
556 969 794 1044 clandestinis
818 972 916 1043 enirn
940 969 1174 1059 factionibus,

111 1093 242 1196 quibus
258 1091 488 1164 transmarini
502 1105 628 1163 contra
643 1113 768 1187 pacem
782 1104 819 1161 et
831 1089 1058 1162 securitatem
1076 1091 1179 1191 regni

110 1208 368 1296 moliebantur,
387 1204 506 1280 subito
520 1205 667 1294 auditis,
677 1204 793 1308 ¹ambo
808 1207 935 1279 iratres
951 1206 996 1280 de
1012 1209 1178 1282 Neustria

111 1331 150 1402 in
171 1327 336 1427 Angliam
354 1351 397 1398 ex
415 1326 596 1423 insperato
625 1323 926 1397 tranfretaverant
944 1326 1019 1424 (1),
1038 1327 1181 1401 miran-

111 1444 209 1518 tibus
232 1444 383 1517 cunctis.
402 1443 506 1514 Tunc
524 1443 724 1514 Hermanus
741 1438 784 1527 ad
807 1440 958 1514 domum
986 1443 1180 1544 regendam

111 1563 258 1637 Uticum
275 1586 453 1661 regressus
475 1575 544 1650 est,
564 1574 601 1632 et
623 1556 803 1630 Ernaldus
822 1586 904 1632 cum
922 1560 1036 1634 electo
1052 1560 1182 1638 abbate

110 1678 293 1778 principes
322 1676 425 1775 regni
450 1701 517 1774 per
542 1699 641 1747 mare
668 1691 808 1748 secutus
830 1692 896 1747 est.
931 1676 1183 1752 Pervenientes

113 1810 235 1868 autem
268 1794 305 1865 in
345 1791 470 1863 villam
506 1791 661 1889 regiam,
691 1817 801 1891 quam
833 1790 1103 1867 Windresorias
1127 1796 1183 1894 (a)

115 1911 262 1999 dicunt,
287 1909 502 1982 electionem
523 1906 764 1981 monachilem
782 1925 979 1981 conventus
996 1936 1080 1983 cum
1105 1938 1186 1984 auc·

118 2026 268 2101 toritate
295 2025 470 2125 sagiensis
494 2025 669 2122 episcopi,
703 2023 886 2130 triumque
910 2023 1080 2098 abbatum
1103 2026 1184 2101 duci

118 2141 368 2218 ostenderunt.
390 2139 440 2212 At
454 2139 514 2212 ille
527 2154 710 2239 gratanter
723 2163 901 2214 assensum
917 2139 1033 2231 dedit,
1049 2159 1086 2215 et
1099 2169 1189 2242 proe·

120 2261 195 2333 lato
212 2258 370 2359 Rogerio
388 2282 454 2357 per
472 2256 641 2329 baculum
656 2256 891 2354 pastoralem,
908 2272 1008 2331 uteo
1025 2274 1190 2360 tempore

123 2378 238 2453 moris
265 2392 361 2460 erat,
391 2372 550 2449 coenobii
585 2399 709 2447 curam
740 2374 778 2446 in
807 2374 1046 2449 exterioribus
1082 2376 1190 2450 rebus

124 2493 326 2583 commisit,
353 2491 583 2592 apicibusque
605 2492 676 2564 suis
698 2493 913 2565 Luxoviensi
938 2495 1123 2593 episcopo,
1150 2509 1192 2567 ut

126 2636 211 2686 eum
248 2613 284 2683 in
317 2608 485 2683 omnibus
518 2609 691 2683 canonice
726 2608 961 2708 proveheret,
994 2609 1190 2683 mandavit.

127 2727 342 2803 Guillelmus
360 2750 503 2827 quoque
519 2752 581 2799 rex
604 2724 769 2798 eumdem
789 2725 1006 2799 monachum
1023 2742 1110 2801 tunc
1129 2725 1194 2800 ibi-

127 2842 212 2918 dem
239 2841 445 2943 benigniter
471 2841 613 2931 ascivit,
642 2857 677 2914 et
705 2840 826 2914 omnia
854 2866 936 2940 quae
962 2857 1064 2941 pater
1090 2869 1193 2935 suus,

129 2985 369 3062 proceresque
382 2960 455 3060 ejus
468 2959 628 3032 Uticensi
641 2956 798 3032 ecclesiae
811 2957 900 3031 olim
910 2955 1097 3050 dederant,
1115 2985 1200 3034 con·

132 3077 254 3167 cessit,
282 3092 318 3149 et
345 3076 456 3176 regali
485 3075 698 3149 auctoritate
723 3076 760 3148 in
791 3074 913 3148 charta
937 3074 1096 3149 firmavit
1123 3079 1139 3177 (
1165 3078 1196 3176 ).

131 3195 289 3270 Peractis
318 3195 436 3294 itaque
466 3218 535 3291 pro
564 3192 693 3294 quibus
721 3193 830 3283 ierat,
861 3193 1038 3294 Rogerius
1053 3195 1200 3269 Uticum

135 3323 198 3385 κν·
213 3306 380 3383 kalendas
389 3309 546 3409 januarii
561 3309 613 3406 (Δ)
629 3307 757 3398 rediit,
775 3324 812 3382 et
828 3335 848 3380 a
866 3309 1039 3383 iratribus
1056 3309 1203 3383 honori·

170 3528 182 3598 (
186 3529 212 3600 r)
221 3527 271 3582 Les
280 3526 353 3580 deux
361 3525 448 3581 ireres
457 3526 561 3581 etaient
570 3525 657 3599 partis
667 3542 738 3598 pour
748 3522 933 3598 l’Angleterre
943 3523 1011 3579 dant
1020 3525 1059 3580 les
1068 3525 1203 3598 premiers

154 3632 215 3672 tura
225 3614 334 3682 d'aoirt,
348 3619 454 3670 accuse
464 3615 500 3671 de
511 3615 653 3670 l'inrasion
666 3613 706 3668 du
717 3613 976 3669 Northumberland
987 3632 1036 3688 par
1044 3613 1071 3669 le
1082 3615 1124 3670 roi
1135 3615 1205 3670 Mal-

160 3704 222 3760 tlm.
240 3706 321 3761 Cette
340 3707 462 3761 invasion
477 3704 547 3760 avait
560 3723 596 3759 eu
609 3705 666 3759 lieu
679 3723 714 3759 au
731 3705 801 3759 mois
814 3703 850 3759 de
867 3705 931 3759 mai.
949 3704 986 3759 Le
1003 3705 1045 3759 roi
1061 3692 1204 3773 d’Eeosse,

167 3805 271 3850 ounnt
281 3812 338 3850 une
351 3796 500 3851 resistance
512 3794 575 3869 plus
587 3795 708 3850 seriense
719 3794 787 3868 qu’il
801 3812 836 3849 ne
850 3794 888 3867 s'y
900 3793 1049 3865 attendait,
1063 3795 1134 3850 avait
1145 3794 1207 3868 de'jt

172 3885 263 3956 gagud
276 3901 318 3938 ses
329 3872 405 3939 Etats
417 3903 480 3939 avec
494 3903 531 3939 un
544 3884 626 3938 butin
640 3901 696 3956 peu
707 3881 905 3939 considerable.

178 3973 218 4046 (a)
228 3973 373 4029 Windsor.

183 4059 220 4134 (ὅ)
231 4062 313 4119 Cette
325 4065 421 4120 charte
433 4066 475 4119 n’a
489 4082 536 4140 pas
549 4067 593 4120 ete
605 4067 756 4120 conservae.

188 4152 222 4223 ’4)
236 4150 274 4206 1ae
290 4150 320 4206 18
334 4151 491 4206 de'cembre.
