2888 4934
182 446 263 520 pon
277 444 350 519 oss]
564 441 680 503 naen
700 441 858 503 ssxrus.
1186 445 1241 501 ιω

184 573 278 645 inter
294 572 464 645 Cerolum
477 587 514 644 et
527 573 627 672 regni
641 574 845 672 optimates,
860 572 965 671 llugo
978 598 1129 672 regnum
1147 572 1243 646 obti-

183 688 281 778 uuit,
297 704 335 762 et
348 685 538 763 heredibus
552 689 622 760 suis
638 713 748 788 usque
766 689 802 759 in
822 686 1034 762 hodiernum
1050 688 1147 761 diem
1163 689 1244 761 reli-

182 806 263 907 quit
279 808 348 905 (1).
368 803 589 896 Goislredus,
608 805 886 906 Andegavorum
904 807 1043 879 comitis
1060 806 1153 879 lilius
1170 809 1242 902 (a),

183 920 322 1019 ptaesati
344 921 505 1021 Hugonis
523 921 655 996 filiolus
674 923 759 1011 suit,
778 920 824 996 ab
839 920 1064 995 eo-educatus
1080 919 1123 992 ad
1140 921 1246 993 virile

184 1037 300 1114 robur
316 1040 445 1128 crevit,
462 1039 601 1112 adultus
616 1067 714 1113 arma
731 1041 871 1113 militine
887 1039 934 1112 sb
950 1065 993 1113 eo
1010 1041 1158 1138 accepit.
1176 1039 1244 1132 Qui

184 1170 341 1228 mortem
365 1155 476 1253 patris
501 1155 604 1229 utin
630 1156 728 1229 cusia
756 1157 851 1255 regis
873 1154 1029 1245 audivit,
1054 1170 1246 1228 moestusa

183 1296 268 1372 iege
280 1273 340 1372 jus
358 1271 615 1346 hereditarium
632 1272 840 1373 requisivit,
859 1289 897 1345 et
916 1271 960 1345 de
980 1270 1117 1346 ossibus
1136 1273 1247 1346 sancti

183 1387 294 1485 patris
306 1385 448 1461 Ebrulfi
465 1391 582 1488 (cujus
598 1388 781 1461 miraculoe
799 1413 892 1487 saepe
907 1387 1063 1476 viderat,
1080 1386 1246 1460 Aureliaa

184 1528 251 1577 nus
273 1505 434 1603 positus)
451 1505 517 1579 sibi
539 1504 676 1606 aliquid
696 1505 780 1578 dari
795 1503 929 1578 obnixe
946 1506 1122 1604 poposcit.
1143 1507 1249 1605 llugo
1346 1575 1355 1593 ‚

184 1634 320 1711 autem,
346 1623 429 1722 quia
451 1622 637 1721 praesatum
662 1626 829 1720 juvenem
845 1624 1000 1696 multum
1017 1621 1161 1711 dilexit,-
1183 1649 1250 1721 pa-

187 1753 329 1812 ternum
346 1738 521 1816 bonorem
537 1741 589 1814 illi
605 1741 796 1829 concessit,
813 1758 849 1815 et
863 1756 1002 1840 partem
1015 1740 1251 1841 reliquiarum

186 1853 221 1925 S.
240 1853 386 1927 Ebrulfi
406 1858 580 1956 erogavit.
598 1857 663 1929 Ille
687 1858 806 1958 itaque
827 1855 1140 1956 Andegavensibus
1161 1856 1251 1928 reli-

187 1972 287 2072 quias
313 1973 351 2045 S.
376 1973 519 2047 Ebrulli
546 1975 683 2074 primus
714 1973 895 2062 exhibuit,
924 2000 1010 2074 quas
1040 1977 1076 2047 in
1107 1975 1250 2048 eeclesia

188 2085 224 2158 S.
255 2086 455 2162 Maimbodi
479 2090 534 2187 (3)
563 2114 675 2189 usque
703 2116 800 2163 nunc
831 2090 1014 2162 veneratio
1041 2087 1253 2162 devotorum

187 2204 331 2277 excolit.
355 2205 541 2278 Uticenses
561 2221 681 2280 autem
701 2205 887 2294 monachi,
910 2208 1077 2307 quicum
1100 2230 1253 2303 corpore

187 2335 311 2394 uncto
338 2323 558 2420 peregrinati
586 2340 692 2414 sunt,
721 2324 923 2424 opitulante
950 2323 1028 2398 Deo
1053 2322 1253 2423 benignum

188 2434 281 2535 apud
308 2452 478 2512 externos
503 2438 659 2538 hospites
680 2440 849 2525 allectum
873 2442 1110 2529 invenerunt,
1135 2438 1254 2511 abun-

188 2549 416 2655 dantiamque
443 2558 545 2656 panis
570 2574 606 2630 et
632 2559 707 2630 vini
734 2530 957 2659 pisclumque
983 2564 1092 2658 (quos
1119 2557 1255 2657 Ligeris

221 2870 260 2940 (ι)
270 2870 349 2925 Nous
358 2870 470 2926 n’avons
482 2889 530 2945 pas
539 2874 734 2927 connaissance
743 2891 798 2946 que
807 2874 910 2943 Hugue
918 2873 1006 2945 Capet
1017 2871 1056 2926 ait
1065 2869 1165 2942 jamais
1177 2871 1256 2942 porte

186 2975 297 3015 comme
316 2978 366 3016 son
384 2962 451 3034 perc
467 2962 493 3017 le
508 2980 622 3017 surnom
641 2961 677 3016 de
692 2961 802 3016 Grand.
820 2962 898 3016 Nous
911 2978 995 3015 avons
1008 2959 1070 3031 dejs
1084 2958 1173 3014 seteis
1184 2967 1259 3012 cette

193 3066 287 3106 errem
300 3051 336 3107 de
349 3062 430 3107 notre
447 3063 556 3121 sumus,
574 3063 603 3108 et
614 3053 708 3108 sourui
724 3053 763 3108 les
777 3053 855 3107 dates
872 3052 921 3108 des
939 3055 1115 3108 eveuemeuts
1133 3048 1258 3123 rappeles

195 3142 418 3198 tommsiremeut
430 3143 475 3198 ici.
490 3144 584 3215 Voyez
600 3154 619 3199 t.
634 3144 662 3210 1,
678 3163 704 3217 p.
721 3143 848 3220 169-171.

226 3232 266 3303 (α)
282 3230 371 3287 Notrc
388 3243 487 3288 autem·
503 3236 638 3289 actitasse
650 3234 701 3301 ici,
717 3252 824 3289 comme
837 3232 895 3288 cela
907 3233 946 3288 lui
964 3233 1054 3287 suive
1069 3228 1257 3305 quelquelois,

196 3314 338 3392 beaucoup
347 3319 486 3375 d'erreurs
494 3339 529 3375 en
539 3339 594 3393 peu
604 3320 639 3376 de
647 3332 730 3376 mots.
741 3318 1127 3384 Geoffroi-Grise-Gonnene
1139 3317 1260 3390 premier

196 3404 232 3462 <lu
251 3427 337 3476 nom,
358 3419 449 3465 comte
468 3409 589 3481 ‹t’nnjou
610 3412 690 3484 apres
707 3411 732 3466 ls
752 3422 825 3466 mort
842 3411 877 3466 de
897 3409 1024 3482 Foulque
1041 3409 1086 3474 11,
1107 3424 1157 3461 sou
1178 3407 1257 3476 pere.

196 3515 229 3552 ea
238 3496 302 3571 958,
315 3517 351 3553 ne
359 3500 473 3572 pouvait
485 3501 543 3555 etse
556 3501 582 3555 le
595 3500 680 3556 [illeul
692 3502 727 3556 de
738 3503 840 3573 lingue
851 3502 954 3572 capet,
970 3498 1031 3570 plns
1041 3499 1126 3568 jeune
1138 3514 1193 3568 qtte
1204 3494 1257 3555 lui,

197 3587 225 3642 ni
239 3586 279 3643 lui
295 3587 392 3644 devoir
408 3588 588 3645 l’investiture
600 3589 636 3644 tle
648 3608 699 3645 son
711 3594 811 3645 comte.
826 3590 942 3645 Comme
954 3586 1079 3642 Geoffioi
1095 3603 1131 3640 ne
1146 3595 1261 3638 mourut

196 3694 250 3750 que
261 3678 287 3733 le
298 3696 330 3733 ur
342 3678 436 3750 juillet
447 3679 509 3754 987.
524 3679 544 3734 il
557 3681 664 3736 esteves
676 3680 795 3753 possible
805 3680 872 3752 qu'il
884 3681 924 3733 ait
934 3680 979 3733 ete
990 3676 1059 3731 dans
1071 3675 1119 3730 des
1130 3675 1261 3730 relations

197 3767 402 3825 bieuvelllantes
412 3789 476 3824 avec
487 3771 604 3844 Hugue,
618 3783 647 3826 et
658 3769 726 3845 qu'il
738 3790 772 3825 en
782 3771 822 3824 sit
833 3771 938 3825 obtenu
951 3768 1000 3822 des
1011 3766 1131 3841 reliques
1143 3765 1179 3820 de
1190 3766 1262 3820 saint

197 3845 326 3923 llvroolts
340 3861 409 3915 mais
423 3860 478 3915 oela
490 3862 534 3915 n'a
546 3879 584 3935 pu
600 3863 705 3916 arrives
719 3862 846 3934 qu'avant
859 3860 885 3916 le
897 3878 971 3915 sacre
984 3858 1019 3913 de
1032 3876 1063 3912 ce
1076 3856 1198 3922 dernier,
1213 3856 1262 3928 qui

195 3949 310 4004 eutlieu
325 3948 350 4005 le
364 3948 431 4005 teu
446 3949 536 4007 meme
548 3953 630 4006 mois.

229 4037 271 4110 (ὃ)
287 4039 403 4112 L’eglise
419 4040 561 4115 collegiale
580 4042 615 4096 dc
632 4041 882 4108 Salat-Mainbeul,
898 4045 912 4095 i
927 4044 1043 4112 suget-s.
1060 4039 1083 4092 ll
1101 4036 1204 4092 semble
1218 4038 1261 4089 re'-

197 4126 284 4182 sultes·
295 4128 331 4182 de
343 4148 374 4183 ee
390 4131 438 4202 qui
452 4131 509 4184 snit
524 4131 616 4204 quola
630 4130 736 4184 totalitt'·
749 4130 797 4184 des
811 4131 929 4204 reliques
941 4130 975 4184 tle
988 4131 1055 4184 saint
1072 4116 1198 4186 livroutt,
1213 4124 1261 4194 qui

196 4218 301 4273 etaient
313 4223 413 4273 restem
427 4224 440 4273 'a
456 4220 586 4280 Orleans,
605 4223 698 4275 lttrcnt
712 4225 897 4292 transportem
910 4225 923 4274 i
940 4223 1047 4290 :lngcrs
