<?xml version="1.0" encoding="UTF-8"?>
<!DOCTYPE html PUBLIC "-//W3C//DTD XHTML 1.0 Transitional//EN"
    "http://www.w3.org/TR/xhtml1/DTD/xhtml1-transitional.dtd">
<html xmlns="http://www.w3.org/1999/xhtml" xml:lang="en" lang="en">
 <head>
  <title>
</title>
<meta http-equiv="Content-Type" content="text/html;charset=utf-8" />
  <meta name='ocr-system' content='tesseract 3.04.00' />
  <meta name='ocr-capabilities' content='ocr_page ocr_carea ocr_par ocr_line ocrx_word'/>
</head>
<body>
  <div class='ocr_page' id='page_1' title='image "./ordericivitalis05deligoog/ordericivitalis05deligoog_0123.png"; bbox 0 0 2872 4920; ppageno 0'>
   <div class='ocr_carea' id='block_1_1' title="bbox 184 390 1241 479">
    <p class='ocr_par' dir='ltr' id='par_1_1' title="bbox 184 390 1241 479">
     <span class='ocr_line' id='line_1_1' title="bbox 184 390 1241 479; baseline -0.004 -13"><span class='ocrx_word' id='word_1_1' title='bbox 184 409 240 467; x_wconf 78' lang='lat' dir='ltr'><em>nt</em></span> <span class='ocrx_word' id='word_1_2' title='bbox 456 397 639 462; x_wconf 77' lang='lat' dir='ltr'><em>utstonts</em></span> <span class='ocrx_word' id='word_1_3' title='bbox 662 390 967 462; x_wconf 73' lang='lat' dir='ltr'><em>summissum.</em></span> <span class='ocrx_word' id='word_1_4' title='bbox 1033 396 1241 479; x_wconf 75' lang='lat' dir='ltr'><em>[tosotoso]</em></span> 
     </span>
    </p>
   </div>
   <div class='ocr_carea' id='block_1_2' title="bbox 176 523 1256 3670">
    <p class='ocr_par' dir='ltr' id='par_1_2' title="bbox 176 523 1252 2826">
     <span class='ocr_line' id='line_1_2' title="bbox 179 523 1243 624; baseline -0.013 -13"><span class='ocrx_word' id='word_1_5' title='bbox 179 523 370 624; x_wconf 78' lang='lat' dir='ltr'><em>accersivi,</em></span> <span class='ocrx_word' id='word_1_6' title='bbox 392 551 565 606; x_wconf 85' lang='lat' dir='ltr'><em>secretum</em></span> <span class='ocrx_word' id='word_1_7' title='bbox 582 533 789 604; x_wconf 76' lang='lat' dir='ltr'><em>thesaurum</em></span> <span class='ocrx_word' id='word_1_8' title='bbox 802 532 1036 604; x_wconf 80' lang='lat' dir='ltr'><em>ostendissem</em></span> <span class='ocrx_word' id='word_1_9' title='bbox 1053 531 1125 619; x_wconf 88' lang='lat' dir='ltr'><em>illi,</em></span> <span class='ocrx_word' id='word_1_10' title='bbox 1145 532 1243 604; x_wconf 75' lang='lat' dir='ltr'><em>unde</em></span> 
     </span>
     <span class='ocr_line' id='line_1_3' title="bbox 176 648 1243 755; baseline -0.006 -29"><span class='ocrx_word' id='word_1_11' title='bbox 176 670 299 755; x_wconf 88' lang='lat' dir='ltr'><em>posset</em></span> <span class='ocrx_word' id='word_1_12' title='bbox 323 651 384 724; x_wconf 85' lang='lat' dir='ltr'><em>bie</em></span> <span class='ocrx_word' id='word_1_13' title='bbox 411 654 603 748; x_wconf 83' lang='lat' dir='ltr'><em>antiquam</em></span> <span class='ocrx_word' id='word_1_14' title='bbox 623 671 794 749; x_wconf 83' lang='lat' dir='ltr'><em>reparare</em></span> <span class='ocrx_word' id='word_1_15' title='bbox 817 648 1031 737; x_wconf 80' lang='lat' dir='ltr'><em>basilicam,</em></span> <span class='ocrx_word' id='word_1_16' title='bbox 1060 665 1095 720; x_wconf 94' lang='lat' dir='ltr'><em>et</em></span> <span class='ocrx_word' id='word_1_17' title='bbox 1119 676 1243 721; x_wconf 84' lang='lat' dir='ltr'><em>rursus</em></span> 
     </span>
     <span class='ocr_line' id='line_1_4' title="bbox 179 764 1244 866; baseline -0.004 -23"><span class='ocrx_word' id='word_1_18' title='bbox 179 768 287 843; x_wconf 82' lang='lat' dir='ltr'><em>aliud</em></span> <span class='ocrx_word' id='word_1_19' title='bbox 312 793 488 839; x_wconf 84' lang='lat' dir='ltr'><em>arcannm</em></span> <span class='ocrx_word' id='word_1_20' title='bbox 508 766 767 866; x_wconf 79' lang='lat' dir='ltr'><em>prodidissem,</em></span> <span class='ocrx_word' id='word_1_21' title='bbox 796 765 898 865; x_wconf 87' lang='lat' dir='ltr'><em>quod</em></span> <span class='ocrx_word' id='word_1_22' title='bbox 921 768 985 839; x_wconf 88' lang='lat' dir='ltr'><em>toti</em></span> <span class='ocrx_word' id='word_1_23' title='bbox 1005 764 1244 840; x_wconf 82' lang='lat' dir='ltr'><em>Nonnenrtioe</em></span> 
     </span>
     <span class='ocr_line' id='line_1_5' title="bbox 182 881 1245 984; baseline -0.002 -27"><span class='ocrx_word' id='word_1_24' title='bbox 182 887 349 957; x_wconf 79' lang='lat' dir='ltr'><em>loetitiom</em></span> <span class='ocrx_word' id='word_1_25' title='bbox 370 888 564 984; x_wconf 80' lang='lat' dir='ltr'><em>peperisset</em></span> <span class='ocrx_word' id='word_1_26' title='bbox 588 885 781 980; x_wconf 80' lang='lat' dir='ltr'><em>ingentem.</em></span> <span class='ocrx_word' id='word_1_27' title='bbox 807 883 969 982; x_wconf 85' lang='lat' dir='ltr'><strong>Cumque</strong></span> <span class='ocrx_word' id='word_1_28' title='bbox 991 881 1144 955; x_wconf 73' lang='lat' dir='ltr'><em>famulus</em></span> <span class='ocrx_word' id='word_1_29' title='bbox 1167 881 1245 956; x_wconf 77' lang='lat' dir='ltr'><em>baee</em></span> 
     </span>
     <span class='ocr_line' id='line_1_6' title="bbox 180 999 1246 1100; baseline -0.002 -25"><span class='ocrx_word' id='word_1_30' title='bbox 180 1003 224 1075; x_wconf 88' lang='lat' dir='ltr'><em>ad</em></span> <span class='ocrx_word' id='word_1_31' title='bbox 235 1003 404 1075; x_wconf 89' lang='lat' dir='ltr'><em>ultimum</em></span> <span class='ocrx_word' id='word_1_32' title='bbox 414 999 584 1081; x_wconf 80' lang='lat' dir='ltr'><em>audisset,</em></span> <span class='ocrx_word' id='word_1_33' title='bbox 604 1017 640 1072; x_wconf 89' lang='lat' dir='ltr'><em>et</em></span> <span class='ocrx_word' id='word_1_34' title='bbox 656 1001 880 1100; x_wconf 79' lang='lat' dir='ltr'><em>reciprocato</em></span> <span class='ocrx_word' id='word_1_35' title='bbox 896 1000 985 1073; x_wconf 87' lang='lat' dir='ltr'><em>ealle</em></span> <span class='ocrx_word' id='word_1_36' title='bbox 1001 999 1119 1084; x_wconf 86' lang='lat' dir='ltr'><em>audita</em></span> <span class='ocrx_word' id='word_1_37' title='bbox 1134 999 1246 1073; x_wconf 87' lang='lat' dir='ltr'><em>Guaz·</em></span> 
     </span>
     <span class='ocr_line' id='line_1_7' title="bbox 180 1116 1244 1217; baseline -0.002 -25"><span class='ocrx_word' id='word_1_38' title='bbox 180 1119 257 1192; x_wconf 89' lang='lat' dir='ltr'><em>soni</em></span> <span class='ocrx_word' id='word_1_39' title='bbox 269 1118 458 1208; x_wconf 80' lang='lat' dir='ltr'><em>retulisset,</em></span> <span class='ocrx_word' id='word_1_40' title='bbox 472 1116 532 1190; x_wconf 92' lang='lat' dir='ltr'><em>ille</em></span> <span class='ocrx_word' id='word_1_41' title='bbox 542 1119 782 1191; x_wconf 82' lang='lat' dir='ltr'><em>tunciestinus</em></span> <span class='ocrx_word' id='word_1_42' title='bbox 791 1143 923 1217; x_wconf 90' lang='lat' dir='ltr'><em>equum</em></span> <span class='ocrx_word' id='word_1_43' title='bbox 934 1116 1105 1204; x_wconf 86' lang='lat' dir='ltr'><em>aseendit,</em></span> <span class='ocrx_word' id='word_1_44' title='bbox 1117 1129 1244 1215; x_wconf 81' lang='lat' dir='ltr'><em>etper·</em></span> 
     </span>
     <span class='ocr_line' id='line_1_8' title="bbox 180 1233 1243 1325; baseline -0.003 -18"><span class='ocrx_word' id='word_1_45' title='bbox 180 1236 326 1311; x_wconf 83' lang='lat' dir='ltr'><em>veniens</em></span> <span class='ocrx_word' id='word_1_46' title='bbox 339 1234 383 1307; x_wconf 86' lang='lat' dir='ltr'><em>ad</em></span> <span class='ocrx_word' id='word_1_47' title='bbox 398 1236 515 1308; x_wconf 87' lang='lat' dir='ltr'><em>locum</em></span> <span class='ocrx_word' id='word_1_48' title='bbox 527 1233 812 1325; x_wconf 83' lang='lat' dir='ltr'><em>desiderabilem,</em></span> <span class='ocrx_word' id='word_1_49' title='bbox 823 1234 990 1306; x_wconf 90' lang='lat' dir='ltr'><em>nuntium</em></span> <span class='ocrx_word' id='word_1_50' title='bbox 1003 1260 1078 1306; x_wconf 92' lang='lat' dir='ltr'><em>non</em></span> <span class='ocrx_word' id='word_1_51' title='bbox 1091 1233 1243 1306; x_wconf 85' lang='lat' dir='ltr'><em>invenit.</em></span> 
     </span>
     <span class='ocr_line' id='line_1_9' title="bbox 181 1349 1245 1451; baseline -0.004 -27"><span class='ocrx_word' id='word_1_52' title='bbox 181 1353 331 1426; x_wconf 83' lang='lat' dir='ltr'><em>Moestus</em></span> <span class='ocrx_word' id='word_1_53' title='bbox 348 1377 435 1451; x_wconf 77' lang='lat' dir='ltr'><em>ergo</em></span> <span class='ocrx_word' id='word_1_54' title='bbox 452 1376 521 1449; x_wconf 85' lang='lat' dir='ltr'><em>pro</em></span> <span class='ocrx_word' id='word_1_55' title='bbox 544 1349 710 1423; x_wconf 77' lang='lat' dir='ltr'><em>tarditate</em></span> <span class='ocrx_word' id='word_1_56' title='bbox 731 1377 792 1423; x_wconf 85' lang='lat' dir='ltr'><em>sua</em></span> <span class='ocrx_word' id='word_1_57' title='bbox 815 1350 922 1423; x_wconf 90' lang='lat' dir='ltr'><em>nimis</em></span> <span class='ocrx_word' id='word_1_58' title='bbox 938 1349 1049 1423; x_wconf 81' lang='lat' dir='ltr'><em>sactus</em></span> <span class='ocrx_word' id='word_1_59' title='bbox 1070 1365 1141 1438; x_wconf 88' lang='lat' dir='ltr'><em>est,</em></span> <span class='ocrx_word' id='word_1_60' title='bbox 1167 1364 1205 1422; x_wconf 88' lang='lat' dir='ltr'><em>et</em></span> <span class='ocrx_word' id='word_1_61' title='bbox 1226 1376 1245 1420; x_wconf 83' lang='lat' dir='ltr'><em>a</em></span> 
     </span>
     <span class='ocr_line' id='line_1_10' title="bbox 180 1465 1246 1569; baseline -0.007 -26"><span class='ocrx_word' id='word_1_62' title='bbox 180 1496 297 1556; x_wconf 82' lang='lat' dir='ltr'><em>servo,</em></span> <span class='ocrx_word' id='word_1_63' title='bbox 314 1495 394 1569; x_wconf 84' lang='lat' dir='ltr'><em>quse</em></span> <span class='ocrx_word' id='word_1_64' title='bbox 405 1468 449 1540; x_wconf 91' lang='lat' dir='ltr'><em>de</em></span> <span class='ocrx_word' id='word_1_65' title='bbox 462 1467 741 1540; x_wconf 78' lang='lat' dir='ltr'><em>sanctificatione</em></span> <span class='ocrx_word' id='word_1_66' title='bbox 758 1468 847 1556; x_wconf 89' lang='lat' dir='ltr'><em>loci,</em></span> <span class='ocrx_word' id='word_1_67' title='bbox 866 1485 903 1539; x_wconf 88' lang='lat' dir='ltr'><em>et</em></span> <span class='ocrx_word' id='word_1_68' title='bbox 917 1466 962 1541; x_wconf 90' lang='lat' dir='ltr'><em>de</em></span> <span class='ocrx_word' id='word_1_69' title='bbox 973 1465 1112 1539; x_wconf 90' lang='lat' dir='ltr'><em>duobus</em></span> <span class='ocrx_word' id='word_1_70' title='bbox 1124 1465 1246 1538; x_wconf 83' lang='lat' dir='ltr'><em>altari·</em></span> 
     </span>
     <span class='ocr_line' id='line_1_11' title="bbox 181 1583 1248 1683; baseline -0.003 -24"><span class='ocrx_word' id='word_1_71' title='bbox 181 1588 247 1659; x_wconf 92' lang='lat' dir='ltr'><em>bus</em></span> <span class='ocrx_word' id='word_1_72' title='bbox 265 1585 442 1673; x_wconf 77' lang='lat' dir='ltr'><em>audierat,</em></span> <span class='ocrx_word' id='word_1_73' title='bbox 461 1583 563 1657; x_wconf 88' lang='lat' dir='ltr'><em>avide</em></span> <span class='ocrx_word' id='word_1_74' title='bbox 578 1601 819 1683; x_wconf 84' lang='lat' dir='ltr'><em>perscrutatus</em></span> <span class='ocrx_word' id='word_1_75' title='bbox 836 1602 901 1659; x_wconf 85' lang='lat' dir='ltr'><em>est.</em></span> <span class='ocrx_word' id='word_1_76' title='bbox 920 1585 1056 1657; x_wconf 82' lang='lat' dir='ltr'><em>Deinde</em></span> <span class='ocrx_word' id='word_1_77' title='bbox 1072 1610 1154 1657; x_wconf 90' lang='lat' dir='ltr'><em>cum</em></span> <span class='ocrx_word' id='word_1_78' title='bbox 1173 1583 1248 1656; x_wconf 76' lang='lat' dir='ltr'><em>Ra-</em></span> 
     </span>
     <span class='ocr_line' id='line_1_12' title="bbox 180 1700 1250 1802; baseline -0.005 -26"><span class='ocrx_word' id='word_1_79' title='bbox 180 1703 280 1777; x_wconf 83' lang='lat' dir='ltr'><em>dulio</em></span> <span class='ocrx_word' id='word_1_80' title='bbox 297 1702 502 1777; x_wconf 82' lang='lat' dir='ltr'><em>Fraxiuello</em></span> <span class='ocrx_word' id='word_1_81' title='bbox 517 1703 592 1799; x_wconf 85' lang='lat'><em>(1),</em></span> <span class='ocrx_word' id='word_1_82' title='bbox 611 1701 752 1775; x_wconf 82' lang='lat' dir='ltr'><em>Turulli</em></span> <span class='ocrx_word' id='word_1_83' title='bbox 769 1702 862 1791; x_wconf 87' lang='lat' dir='ltr'><em>lilio,</em></span> <span class='ocrx_word' id='word_1_84' title='bbox 886 1704 948 1802; x_wconf 88' lang='lat' dir='ltr'><em>qui</em></span> <span class='ocrx_word' id='word_1_85' title='bbox 971 1719 1057 1774; x_wconf 90' lang='lat' dir='ltr'><em>tunc</em></span> <span class='ocrx_word' id='word_1_86' title='bbox 1077 1700 1250 1800; x_wconf 80' lang='lat' dir='ltr'><em>temporis</em></span> 
     </span>
     <span class='ocr_line' id='line_1_13' title="bbox 181 1817 1246 1920; baseline -0.005 -27"><span class='ocrx_word' id='word_1_87' title='bbox 181 1819 337 1920; x_wconf 83' lang='lat' dir='ltr'><em>ejusdem</em></span> <span class='ocrx_word' id='word_1_88' title='bbox 362 1821 432 1892; x_wconf 89' lang='lat' dir='ltr'><em>loci</em></span> <span class='ocrx_word' id='word_1_89' title='bbox 457 1819 617 1918; x_wconf 87' lang='lat' dir='ltr'><em>capitalis</em></span> <span class='ocrx_word' id='word_1_90' title='bbox 635 1817 802 1893; x_wconf 87' lang='lat' dir='ltr'><em>dominus</em></span> <span class='ocrx_word' id='word_1_91' title='bbox 826 1831 923 1907; x_wconf 78' lang='lat' dir='ltr'><em>erut,</em></span> <span class='ocrx_word' id='word_1_92' title='bbox 950 1819 1148 1892; x_wconf 86' lang='lat' dir='ltr'><em>collocutus</em></span> <span class='ocrx_word' id='word_1_93' title='bbox 1173 1832 1246 1904; x_wconf 84' lang='lat' dir='ltr'><em>est,</em></span> 
     </span>
     <span class='ocr_line' id='line_1_14' title="bbox 183 1932 1249 2037; baseline -0.003 -27"><span class='ocrx_word' id='word_1_94' title='bbox 183 1939 328 2037; x_wconf 86' lang='lat' dir='ltr'><em>Deoque</em></span> <span class='ocrx_word' id='word_1_95' title='bbox 337 1938 485 2037; x_wconf 83' lang='lat' dir='ltr'><em>juvante</em></span> <span class='ocrx_word' id='word_1_96' title='bbox 497 1934 678 2009; x_wconf 82' lang='lat' dir='ltr'><em>basilicam</em></span> <span class='ocrx_word' id='word_1_97' title='bbox 693 1938 729 2009; x_wconf 91' lang='lat' dir='ltr'><em>in</em></span> <span class='ocrx_word' id='word_1_98' title='bbox 742 1934 881 2009; x_wconf 84' lang='lat' dir='ltr'><em>honore</em></span> <span class='ocrx_word' id='word_1_99' title='bbox 894 1952 1076 2035; x_wconf 73' lang='lat' dir='ltr'><em>peipetuae</em></span> <span class='ocrx_word' id='word_1_100' title='bbox 1088 1932 1249 2033; x_wconf 80' lang='lat' dir='ltr'><em>Virginis</em></span> 
     </span>
     <span class='ocr_line' id='line_1_15' title="bbox 183 2051 1249 2150; baseline -0.003 -26"><span class='ocrx_word' id='word_1_101' title='bbox 183 2052 320 2124; x_wconf 77' lang='lat' dir='ltr'><em>Mariae·</em></span> <span class='ocrx_word' id='word_1_102' title='bbox 336 2068 535 2126; x_wconf 81' lang='lat' dir='ltr'><em>restaurare</em></span> <span class='ocrx_word' id='word_1_103' title='bbox 566 2067 715 2124; x_wconf 79' lang='lat' dir='ltr'><em>conatus</em></span> <span class='ocrx_word' id='word_1_104' title='bbox 744 2067 809 2123; x_wconf 88' lang='lat' dir='ltr'><em>est.</em></span> <span class='ocrx_word' id='word_1_105' title='bbox 841 2052 1035 2150; x_wconf 84' lang='lat' dir='ltr'><em>Operautes</em></span> <span class='ocrx_word' id='word_1_106' title='bbox 1063 2051 1249 2149; x_wconf 84' lang='lat' dir='ltr'><em>antiquam</em></span> 
     </span>
     <span class='ocr_line' id='line_1_16' title="bbox 184 2167 1252 2269; baseline -0.001 -27"><span class='ocrx_word' id='word_1_107' title='bbox 184 2170 326 2242; x_wconf 84' lang='lat' dir='ltr'><em>ruinam</em></span> <span class='ocrx_word' id='word_1_108' title='bbox 339 2167 561 2256; x_wconf 81' lang='lat' dir='ltr'><em>ell&#39;oderunt,</em></span> <span class='ocrx_word' id='word_1_109' title='bbox 578 2169 810 2269; x_wconf 67' lang='lat' dir='ltr'><em>mingentem</em></span> <span class='ocrx_word' id='word_1_110' title='bbox 824 2167 982 2267; x_wconf 88' lang='lat' dir='ltr'><em>lapidum</em></span> <span class='ocrx_word' id='word_1_111' title='bbox 997 2169 1137 2267; x_wconf 88' lang='lat' dir='ltr'><em>copiam</em></span> <span class='ocrx_word' id='word_1_112' title='bbox 1150 2168 1252 2241; x_wconf 75' lang='lat' dir='ltr'><em>inve-</em></span> 
     </span>
     <span class='ocr_line' id='line_1_17' title="bbox 186 2286 1250 2385; baseline -0.004 -26"><span class='ocrx_word' id='word_1_113' title='bbox 186 2302 337 2375; x_wconf 84' lang='lat' dir='ltr'><em>nerunt,</em></span> <span class='ocrx_word' id='word_1_114' title='bbox 362 2287 458 2358; x_wconf 88' lang='lat' dir='ltr'><em>unde</em></span> <span class='ocrx_word' id='word_1_115' title='bbox 482 2286 684 2385; x_wconf 85' lang='lat' dir='ltr'><em>incoeptum</em></span> <span class='ocrx_word' id='word_1_116' title='bbox 707 2311 798 2384; x_wconf 89' lang='lat' dir='ltr'><em>opus</em></span> <span class='ocrx_word' id='word_1_117' title='bbox 817 2286 991 2358; x_wconf 89' lang='lat' dir='ltr'><em>instanter</em></span> <span class='ocrx_word' id='word_1_118' title='bbox 1008 2286 1250 2384; x_wconf 75' lang='lat' dir='ltr'><em>perfecerunt.</em></span> 
     </span>
     <span class='ocr_line' id='line_1_18' title="bbox 184 2402 1249 2502; baseline -0.001 -28"><span class='ocrx_word' id='word_1_119' title='bbox 184 2403 236 2475; x_wconf 90' lang='lat' dir='ltr'><em>lbi</em></span> <span class='ocrx_word' id='word_1_120' title='bbox 254 2404 366 2474; x_wconf 87' lang='lat' dir='ltr'><em>multa</em></span> <span class='ocrx_word' id='word_1_121' title='bbox 378 2404 556 2475; x_wconf 86' lang='lat' dir='ltr'><em>mausolea</em></span> <span class='ocrx_word' id='word_1_122' title='bbox 571 2402 749 2476; x_wconf 89' lang='lat' dir='ltr'><em>nobilium</em></span> <span class='ocrx_word' id='word_1_123' title='bbox 765 2428 1000 2502; x_wconf 82' lang='lat' dir='ltr'><em>personanum</em></span> <span class='ocrx_word' id='word_1_124' title='bbox 1015 2403 1249 2488; x_wconf 83' lang='lat' dir='ltr'><em>invenerunt,</em></span> 
     </span>
     <span class='ocr_line' id='line_1_19' title="bbox 187 2517 1251 2620; baseline -0.003 -29"><span class='ocrx_word' id='word_1_125' title='bbox 187 2521 223 2591; x_wconf 91' lang='lat' dir='ltr'><em>in</em></span> <span class='ocrx_word' id='word_1_126' title='bbox 246 2520 376 2620; x_wconf 89' lang='lat' dir='ltr'><em>quibus</em></span> <span class='ocrx_word' id='word_1_127' title='bbox 396 2544 525 2618; x_wconf 79' lang='lat' dir='ltr'><em>regum</em></span> <span class='ocrx_word' id='word_1_128' title='bbox 546 2535 583 2593; x_wconf 83' lang='lat' dir='ltr'><em>et</em></span> <span class='ocrx_word' id='word_1_129' title='bbox 604 2518 818 2618; x_wconf 83' lang='lat' dir='ltr'><em>pontificum</em></span> <span class='ocrx_word' id='word_1_130' title='bbox 838 2546 1012 2618; x_wconf 86' lang='lat' dir='ltr'><em>corpora,</em></span> <span class='ocrx_word' id='word_1_131' title='bbox 1035 2518 1084 2592; x_wconf 94' lang='lat' dir='ltr'><em>ob</em></span> <span class='ocrx_word' id='word_1_132' title='bbox 1100 2517 1251 2617; x_wconf 79' lang='lat' dir='ltr'><em>insignis</em></span> 
     </span>
     <span class='ocr_line' id='line_1_20' title="bbox 184 2634 1249 2736; baseline -0.002 -28"><span class='ocrx_word' id='word_1_133' title='bbox 184 2635 349 2735; x_wconf 86' lang='lat' dir='ltr'><em>quaedam</em></span> <span class='ocrx_word' id='word_1_134' title='bbox 374 2661 456 2736; x_wconf 84' lang='lat' dir='ltr'><em>quse</em></span> <span class='ocrx_word' id='word_1_135' title='bbox 484 2634 616 2708; x_wconf 86' lang='lat' dir='ltr'><em>ibidem</em></span> <span class='ocrx_word' id='word_1_136' title='bbox 644 2652 876 2734; x_wconf 82' lang='lat' dir='ltr'><em>repererunt,</em></span> <span class='ocrx_word' id='word_1_137' title='bbox 899 2634 1042 2708; x_wconf 84' lang='lat' dir='ltr'><em>condita</em></span> <span class='ocrx_word' id='word_1_138' title='bbox 1065 2634 1171 2707; x_wconf 81' lang='lat' dir='ltr'><em>fuisse</em></span> <span class='ocrx_word' id='word_1_139' title='bbox 1194 2657 1249 2706; x_wconf 85' lang='lat' dir='ltr'><em>se·</em></span> 
     </span>
     <span class='ocr_line' id='line_1_21' title="bbox 186 2736 946 2826; baseline 0.004 -1"><span class='ocrx_word' id='word_1_140' title='bbox 186 2754 304 2826; x_wconf 81' lang='lat' dir='ltr'><em>nioues</em></span> <span class='ocrx_word' id='word_1_141' title='bbox 325 2769 501 2826; x_wconf 85' lang='lat' dir='ltr'><em>asserunt.</em></span> <span class='ocrx_word' id='word_1_142' title='bbox 943 2736 946 2742; x_wconf 88' lang='lat'><em>.</em></span> 
     </span>
    </p>

    <p class='ocr_par' dir='ltr' id='par_1_3' title="bbox 186 2868 1256 3670">
     <span class='ocr_line' id='line_1_22' title="bbox 235 2868 1249 2970; baseline -0.004 -26"><span class='ocrx_word' id='word_1_143' title='bbox 235 2871 416 2944; x_wconf 86' lang='lat' dir='ltr'><em>Nonnulla</em></span> <span class='ocrx_word' id='word_1_144' title='bbox 443 2873 551 2944; x_wconf 82' lang='lat' dir='ltr'><em>etiam</em></span> <span class='ocrx_word' id='word_1_145' title='bbox 572 2872 671 2970; x_wconf 81' lang='lat' dir='ltr'><em>signa</em></span> <span class='ocrx_word' id='word_1_146' title='bbox 699 2871 870 2944; x_wconf 84' lang='lat' dir='ltr'><em>divinitus</em></span> <span class='ocrx_word' id='word_1_147' title='bbox 897 2868 1031 2944; x_wconf 86' lang='lat' dir='ltr'><em>ibidem</em></span> <span class='ocrx_word' id='word_1_148' title='bbox 1055 2885 1131 2942; x_wconf 77' lang='lat' dir='ltr'><em>acta</em></span> <span class='ocrx_word' id='word_1_149' title='bbox 1154 2885 1249 2941; x_wconf 87' lang='lat' dir='ltr'><em>sunt.</em></span> 
     </span>
     <span class='ocr_line' id='line_1_23' title="bbox 187 2985 1254 3088; baseline 0.004 -32"><span class='ocrx_word' id='word_1_150' title='bbox 187 2985 390 3058; x_wconf 88' lang='lat' dir='ltr'><em>Harduiuus</em></span> <span class='ocrx_word' id='word_1_151' title='bbox 419 2989 516 3059; x_wconf 88' lang='lat' dir='ltr'><em>euim</em></span> <span class='ocrx_word' id='word_1_152' title='bbox 543 2987 688 3086; x_wconf 90' lang='lat' dir='ltr'><em>quidam</em></span> <span class='ocrx_word' id='word_1_153' title='bbox 717 3014 824 3088; x_wconf 86' lang='lat' dir='ltr'><em>eques</em></span> <span class='ocrx_word' id='word_1_154' title='bbox 855 2990 979 3087; x_wconf 83' lang='lat' dir='ltr'><em>ingens</em></span> <span class='ocrx_word' id='word_1_155' title='bbox 1005 3014 1128 3060; x_wconf 86' lang='lat' dir='ltr'><em>saxum</em></span> <span class='ocrx_word' id='word_1_156' title='bbox 1159 2987 1254 3060; x_wconf 83' lang='lat' dir='ltr'><em>inter</em></span> 
     </span>
     <span class='ocr_line' id='line_1_24' title="bbox 187 3102 1255 3203; baseline 0.004 -30"><span class='ocrx_word' id='word_1_157' title='bbox 187 3102 321 3198; x_wconf 85' lang='lat' dir='ltr'><em>lapides</em></span> <span class='ocrx_word' id='word_1_158' title='bbox 348 3103 504 3177; x_wconf 83' lang='lat' dir='ltr'><em>ecclesiae</em></span> <span class='ocrx_word' id='word_1_159' title='bbox 533 3104 644 3192; x_wconf 87' lang='lat' dir='ltr'><em>vidit,</em></span> <span class='ocrx_word' id='word_1_160' title='bbox 675 3104 773 3203; x_wconf 88' lang='lat' dir='ltr'><em>quod</em></span> <span class='ocrx_word' id='word_1_161' title='bbox 799 3103 842 3176; x_wconf 89' lang='lat' dir='ltr'><em>ad</em></span> <span class='ocrx_word' id='word_1_162' title='bbox 871 3131 960 3203; x_wconf 91' lang='lat' dir='ltr'><em>opus</em></span> <span class='ocrx_word' id='word_1_163' title='bbox 987 3131 1090 3176; x_wconf 88' lang='lat' dir='ltr'><em>suum</em></span> <span class='ocrx_word' id='word_1_164' title='bbox 1117 3128 1255 3178; x_wconf 84' lang='lat' dir='ltr'><em>coucu-</em></span> 
     </span>
     <span class='ocr_line' id='line_1_25' title="bbox 186 3218 1255 3322; baseline 0.004 -33"><span class='ocrx_word' id='word_1_165' title='bbox 186 3218 346 3316; x_wconf 87' lang='lat' dir='ltr'><em>piscens,</em></span> <span class='ocrx_word' id='word_1_166' title='bbox 376 3219 412 3290; x_wconf 91' lang='lat' dir='ltr'><em>iu</em></span> <span class='ocrx_word' id='word_1_167' title='bbox 439 3218 588 3291; x_wconf 91' lang='lat' dir='ltr'><em>domum</em></span> <span class='ocrx_word' id='word_1_168' title='bbox 612 3247 712 3292; x_wconf 90' lang='lat' dir='ltr'><em>suam</em></span> <span class='ocrx_word' id='word_1_169' title='bbox 737 3219 897 3308; x_wconf 84' lang='lat' dir='ltr'><em>devexit,</em></span> <span class='ocrx_word' id='word_1_170' title='bbox 922 3222 1042 3322; x_wconf 91' lang='lat' dir='ltr'><em>ibique</em></span> <span class='ocrx_word' id='word_1_171' title='bbox 1066 3222 1255 3322; x_wconf 84' lang='lat' dir='ltr'><em>aquarium</em></span> 
     </span>
     <span class='ocr_line' id='line_1_26' title="bbox 187 3333 1256 3439; baseline 0.004 -32"><span class='ocrx_word' id='word_1_172' title='bbox 187 3333 254 3407; x_wconf 90' lang='lat' dir='ltr'><em>sibi</em></span> <span class='ocrx_word' id='word_1_173' title='bbox 279 3337 420 3435; x_wconf 88' lang='lat' dir='ltr'><em>suisque</em></span> <span class='ocrx_word' id='word_1_174' title='bbox 435 3337 609 3435; x_wconf 84' lang='lat' dir='ltr'><em>jumentis</em></span> <span class='ocrx_word' id='word_1_175' title='bbox 629 3338 745 3411; x_wconf 84' lang='lat' dir='ltr'><em>iacere</em></span> <span class='ocrx_word' id='word_1_176' title='bbox 768 3340 903 3426; x_wconf 86' lang='lat' dir='ltr'><em>voluit,</em></span> <span class='ocrx_word' id='word_1_177' title='bbox 926 3337 985 3411; x_wconf 88' lang='lat' dir='ltr'><em>sed</em></span> <span class='ocrx_word' id='word_1_178' title='bbox 1007 3355 1088 3439; x_wconf 78' lang='lat' dir='ltr'><em>post</em></span> <span class='ocrx_word' id='word_1_179' title='bbox 1111 3338 1256 3437; x_wconf 78' lang='lat' dir='ltr'><em>incoep-</em></span> 
     </span>
     <span class='ocr_line' id='line_1_27' title="bbox 189 3450 1255 3554; baseline 0 -29"><span class='ocrx_word' id='word_1_180' title='bbox 189 3470 262 3526; x_wconf 87' lang='lat' dir='ltr'><em>tam</em></span> <span class='ocrx_word' id='word_1_181' title='bbox 279 3453 500 3527; x_wconf 79' lang='lat' dir='ltr'><em>cavationem</em></span> <span class='ocrx_word' id='word_1_182' title='bbox 520 3454 558 3526; x_wconf 90' lang='lat' dir='ltr'><em>iu</em></span> <span class='ocrx_word' id='word_1_183' title='bbox 576 3455 787 3554; x_wconf 79' lang='lat' dir='ltr'><em>languoiem</em></span> <span class='ocrx_word' id='word_1_184' title='bbox 811 3450 951 3527; x_wconf 84' lang='lat' dir='ltr'><em>cecidit.</em></span> <span class='ocrx_word' id='word_1_185' title='bbox 972 3452 1027 3527; x_wconf 86' lang='lat' dir='ltr'><em>Eo</em></span> <span class='ocrx_word' id='word_1_186' title='bbox 1045 3454 1255 3549; x_wconf 77' lang='lat' dir='ltr'><em>languente,</em></span> 
     </span>
     <span class='ocr_line' id='line_1_28' title="bbox 187 3569 1256 3670; baseline -0.001 -28"><span class='ocrx_word' id='word_1_187' title='bbox 187 3569 399 3644; x_wconf 85' lang='lat' dir='ltr'><em>Gumsoidus</em></span> <span class='ocrx_word' id='word_1_188' title='bbox 413 3570 458 3643; x_wconf 90' lang='lat' dir='ltr'><em>de</em></span> <span class='ocrx_word' id='word_1_189' title='bbox 476 3570 647 3644; x_wconf 76' lang='lat' dir='ltr'><em>&#39;tolcheta</em></span> <span class='ocrx_word' id='word_1_190' title='bbox 663 3573 737 3669; x_wconf 82' lang='lat' dir='ltr'><em>(a),</em></span> <span class='ocrx_word' id='word_1_191' title='bbox 756 3572 917 3670; x_wconf 77' lang='lat' dir='ltr'><em>pagensis</em></span> <span class='ocrx_word' id='word_1_192' title='bbox 936 3596 1063 3670; x_wconf 86' lang='lat' dir='ltr'><em>eques,</em></span> <span class='ocrx_word' id='word_1_193' title='bbox 1082 3569 1256 3642; x_wconf 83' lang='lat' dir='ltr'><em>visionem</em></span> 
     </span>
    </p>
   </div>
   <div class='ocr_carea' id='block_1_3' title="bbox 190 3809 1261 4240">
    <p class='ocr_par' dir='ltr' id='par_1_4' title="bbox 190 3809 1261 4152">
     <span class='ocr_line' id='line_1_29' title="bbox 223 3809 1260 3885; baseline -0.002 -20"><span class='ocrx_word' id='word_1_194' title='bbox 223 3813 263 3882; x_wconf 83' lang='grc' dir='ltr'><em>(ι)</em></span> <span class='ocrx_word' id='word_1_195' title='bbox 281 3811 370 3865; x_wconf 79' lang='lat' dir='ltr'><em>Raoul</em></span> <span class='ocrx_word' id='word_1_196' title='bbox 390 3811 512 3866; x_wconf 76' lang='lat' dir='ltr'><em>Fmsuel.</em></span> <span class='ocrx_word' id='word_1_197' title='bbox 532 3813 609 3867; x_wconf 84' lang='lat' dir='ltr'><em>Nous</em></span> <span class='ocrx_word' id='word_1_198' title='bbox 624 3831 737 3867; x_wconf 81' lang='lat' dir='ltr'><em>verrom</em></span> <span class='ocrx_word' id='word_1_199' title='bbox 751 3812 812 3885; x_wconf 81' lang='lat' dir='ltr'><em>plus</em></span> <span class='ocrx_word' id='word_1_200' title='bbox 828 3812 888 3866; x_wconf 86' lang='lat' dir='ltr'><em>tard</em></span> <span class='ocrx_word' id='word_1_201' title='bbox 903 3831 940 3866; x_wconf 92' lang='lat' dir='ltr'><em>un</em></span> <span class='ocrx_word' id='word_1_202' title='bbox 954 3829 1125 3884; x_wconf 76' lang='lat' dir='ltr'><em>petsonuage</em></span> <span class='ocrx_word' id='word_1_203' title='bbox 1139 3809 1175 3863; x_wconf 85' lang='lat' dir='ltr'><em>de</em></span> <span class='ocrx_word' id='word_1_204' title='bbox 1187 3820 1260 3865; x_wconf 76' lang='lat' dir='ltr'><em>cette</em></span> 
     </span>
     <span class='ocr_line' id='line_1_30' title="bbox 190 3899 1258 3968; baseline -0.001 -13"><span class='ocrx_word' id='word_1_205' title='bbox 190 3899 292 3955; x_wconf 82' lang='lat' dir='ltr'><em>ismille</em></span> <span class='ocrx_word' id='word_1_206' title='bbox 305 3900 378 3954; x_wconf 76' lang='lat' dir='ltr'><em>bdtir</em></span> <span class='ocrx_word' id='word_1_207' title='bbox 394 3900 420 3954; x_wconf 87' lang='lat' dir='ltr'><em>le</em></span> <span class='ocrx_word' id='word_1_208' title='bbox 437 3901 553 3955; x_wconf 68' lang='lat' dir='ltr'><em>chiteau</em></span> <span class='ocrx_word' id='word_1_209' title='bbox 572 3900 607 3957; x_wconf 87' lang='lat' dir='ltr'><em>de</em></span> <span class='ocrx_word' id='word_1_210' title='bbox 624 3903 660 3956; x_wconf 79' lang='lat' dir='ltr'><em>la</em></span> <span class='ocrx_word' id='word_1_211' title='bbox 675 3901 887 3957; x_wconf 76' lang='lat' dir='ltr'><em>Ferte-Fiesuel</em></span> <span class='ocrx_word' id='word_1_212' title='bbox 905 3901 1053 3968; x_wconf 81' lang='lat' dir='ltr'><em>(Firmitas</em></span> <span class='ocrx_word' id='word_1_213' title='bbox 1069 3899 1258 3968; x_wconf 77' lang='lat' dir='ltr'><em>Fraxinelli).</em></span> 
     </span>
     <span class='ocr_line' id='line_1_31' title="bbox 190 3986 1261 4064; baseline -0.003 -21"><span class='ocrx_word' id='word_1_214' title='bbox 190 3989 289 4064; x_wconf 80' lang='lat' dir='ltr'><em>auquel</em></span> <span class='ocrx_word' id='word_1_215' title='bbox 305 4007 353 4044; x_wconf 87' lang='lat' dir='ltr'><em>son</em></span> <span class='ocrx_word' id='word_1_216' title='bbox 368 4007 433 4043; x_wconf 86' lang='lat' dir='ltr'><em>nom</em></span> <span class='ocrx_word' id='word_1_217' title='bbox 446 4000 488 4043; x_wconf 85' lang='lat' dir='ltr'><em>est</em></span> <span class='ocrx_word' id='word_1_218' title='bbox 500 3994 571 4045; x_wconf 75' lang='lat' dir='ltr'><em>teste</em></span> <span class='ocrx_word' id='word_1_219' title='bbox 584 3991 702 4046; x_wconf 68' lang='lat' dir='ltr'><em>nuche.</em></span> <span class='ocrx_word' id='word_1_220' title='bbox 719 3992 813 4062; x_wconf 78' lang='lat' dir='ltr'><em>Voyez</em></span> <span class='ocrx_word' id='word_1_221' title='bbox 825 3992 894 4044; x_wconf 76' lang='lat' dir='ltr'><em>aussi</em></span> <span class='ocrx_word' id='word_1_222' title='bbox 909 4008 950 4044; x_wconf 89' lang='lat' dir='ltr'><em>ses</em></span> <span class='ocrx_word' id='word_1_223' title='bbox 960 3991 1083 4051; x_wconf 77' lang='lat' dir='ltr'><em>ensants,</em></span> <span class='ocrx_word' id='word_1_224' title='bbox 1097 3986 1261 4041; x_wconf 75' lang='lat' dir='ltr'><em>Guiilsume</em></span> 
     </span>
     <span class='ocr_line' id='line_1_32' title="bbox 190 4077 704 4152; baseline 0.008 -22"><span class='ocrx_word' id='word_1_225' title='bbox 190 4089 217 4130; x_wconf 76' lang='lat' dir='ltr'><em>vt</em></span> <span class='ocrx_word' id='word_1_226' title='bbox 231 4078 349 4137; x_wconf 70' lang='lat' dir='ltr'><em>bobert.</em></span> <span class='ocrx_word' id='word_1_227' title='bbox 365 4077 510 4139; x_wconf 57' lang='lat' dir='ltr'><em>stelenus,</em></span> <span class='ocrx_word' id='word_1_228' title='bbox 528 4089 547 4131; x_wconf 87' lang='lat' dir='ltr'><em>t.</em></span> <span class='ocrx_word' id='word_1_229' title='bbox 564 4080 604 4143; x_wconf 82' lang='lat' dir='ltr'><em>li,</em></span> <span class='ocrx_word' id='word_1_230' title='bbox 619 4100 648 4152; x_wconf 86' lang='lat' dir='ltr'><em>p.</em></span> <span class='ocrx_word' id='word_1_231' title='bbox 660 4078 704 4134; x_wconf 78' lang='lat'><em>58.</em></span> 
     </span>
    </p>

    <p class='ocr_par' dir='ltr' id='par_1_5' title="bbox 224 4156 1196 4240">
     <span class='ocr_line' id='line_1_33' title="bbox 224 4156 1196 4240; baseline -0.002 -20"><span class='ocrx_word' id='word_1_232' title='bbox 224 4172 261 4238; x_wconf 75' lang='lat' dir='ltr'><em>(u)</em></span> <span class='ocrx_word' id='word_1_233' title='bbox 276 4167 447 4240; x_wconf 64' lang='lat' dir='ltr'><em>imminetis,</em></span> <span class='ocrx_word' id='word_1_234' title='bbox 463 4186 610 4223; x_wconf 80' lang='lat' dir='ltr'><em>counnnne</em></span> <span class='ocrx_word' id='word_1_235' title='bbox 623 4172 713 4223; x_wconf 75' lang='lat' dir='ltr'><em>situee</em></span> <span class='ocrx_word' id='word_1_236' title='bbox 727 4188 761 4222; x_wconf 81' lang='lat' dir='ltr'><em>an</em></span> <span class='ocrx_word' id='word_1_237' title='bbox 774 4169 912 4222; x_wconf 78' lang='lat' dir='ltr'><em>uouebant</em></span> <span class='ocrx_word' id='word_1_238' title='bbox 927 4169 962 4222; x_wconf 82' lang='lat' dir='ltr'><em>de</em></span> <span class='ocrx_word' id='word_1_239' title='bbox 976 4156 1196 4223; x_wconf 70' lang='lat' dir='ltr'><em>Sisini-Ermuit.</em></span> 
     </span>
    </p>
   </div>
   <div class='ocr_carea' id='block_1_4' title="bbox 0 0 1455 4920">
    <p class='ocr_par' dir='ltr' id='par_1_6' title="bbox 0 0 1455 4920">
     <span class='ocr_line' id='line_1_34' title="bbox 0 0 1455 4920; baseline 0 0"><span class='ocrx_word' id='word_1_240' title='bbox 0 0 1455 4920; x_wconf 95' lang='lat' dir='ltr'><em> </em></span> 
     </span>
    </p>
   </div>
  </div>
 </body>
</html>
