2888 4934
197 423 257 485 tol
463 421 647 483 HlSl'ORIA
670 414 978 483 Eccttslttrlct.
997 428 1159 502 {aurorum
1175 428 1272 506 1097]

195 552 414 629 Godelredus
435 553 507 626 dux
518 608 528 642 ,
545 553 676 653 aliique
701 570 898 643 nostrates,
918 570 959 627 ut
975 556 1199 630 Balduinum
1219 575 1272 631 tu·

195 689 312 747 torem
330 670 495 745 Edesscui
517 668 665 744 ducatus
680 669 890 761 audierunt,
911 671 1014 747 valde
1034 674 1148 746 laetati
1166 686 1265 762 sunt,

194 808 248 881 et,
280 815 349 892 pro
365 790 565 863 reverentia
593 789 688 861 illius
697 843 708 877 ,
732 787 918 887 praedictae
943 791 1145 889 provinciae
1177 791 1266 864 lines

193 910 404 1007 contingere
423 922 685 1007 praecaverunt.
708 907 799 979 Erat
818 906 916 978 enim
939 904 1034 980 idem
1057 908 1165 980 miles
1190 925 1265 983 sta-

193 1044 272 1099 tura
286 1049 470 1124 procerus,
483 1022 634 1122 pulcher
644 1039 681 1096 et
691 1024 956 1122 magnanimus,
968 1024 1115 1097 scietrtia
1127 1025 1267 1100 littera-

191 1169 273 1216 rum
298 1140 489 1241 praeditus,
514 1139 797 1241 multimodaque
820 1140 1003 1240 probitate
1020 1157 1057 1214 ct
1075 1141 1266 1216 honestate

192 1261 403 1361 praeclarus,
423 1260 552 1333 eximia
577 1283 720 1359 quoque
738 1257 945 1349 nobilitate,
965 1275 1091 1358 utpote
1107 1259 1155 1332 de
1171 1287 1265 1360 pro-

189 1380 284 1480 sapia
310 1378 434 1450 Karoli
461 1377 585 1476 Magni
609 1377 834 1475 imperatoris
861 1377 939 1475 (a),
970 1378 1164 1475 praecluus.
1194 1379 1263 1450 llic

190 1497 364 1570 nimirum
389 1521 472 1567 cum
489 1492 675 1565 Edessenis
695 1508 821 1566 contra
839 1491 1011 1566 finitimos
1033 1493 1176 1567 'l'urcos
1190 1494 1263 1567 fre·

188 1628 338 1714 quantes
356 1609 601 1710 expeditiones
618 1608 762 1709 agebat,
778 1609 940 1681 ethnicos
956 1610 1066 1682 armis
1086 1627 1261 1709 protere-

188 1729 273 1818 bat,
308 1730 471 1828 ingentes
496 1724 636 1825 proedas
663 1741 700 1798 et
725 1727 865 1799 vinctos
890 1725 1008 1799 hostes
1035 1726 1259 1816 reducebat,

186 1842 523 1944 formidabilemque
541 1843 678 1916 cunctis
692 1841 856 1916 affinibus
871 1844 942 1915 suis
955 1841 1180 1917 Edessenum
1199 1844 1260 1918 du·

186 1964 333 2039 cemsic
346 1958 513 2036 faciebas.

234 2081 385 2155 Praelata
405 2081 547 2170 civitas,
566 2080 658 2152 utin
673 2082 798 2178 priscis
814 2078 995 2155 codicibus
1013 2082 1162 2181 legitur,
1184 2082 1257 2153 lla-

183 2226 245 2298 gcs
258 2199 352 2272 dicta
368 2217 421 2271 est
427 2229 438 2288 ;
454 2196 515 2270 sed
531 2199 661 2270 insanis
673 2196 856 2272 bellorum
870 2197 1098 2284 turbinibus,
1115 2198 1183 2271 sub
1199 2226 1257 2271 an·

185 2317 294 2416 tiquis
306 2315 534 2411 Assyriorum
553 2315 711 2410 tyrannis
727 2329 764 2386 et
781 2314 1055 2403 chaldaeorum,
1074 2315 1254 2389 destructa

183 2447 249 2504 cst.
273 2427 481 2503 Succedenti
513 2455 597 2502 vero
622 2446 785 2527 tempore
807 2432 973 2504 Seleucus
998 2433 1174 2520 Nicanor,
1195 2435 1253 2533 qui

183 2548 227 2621 dc
246 2565 402 2649 quatuor
419 2548 611 2646 praecipuis
623 2545 773 2620 ducibus
798 2547 995 2621 Alexandri
1013 2549 1137 2649 Magni
1163 2577 1252 2622 uuus

182 2665 267 2755 luit,
287 2680 368 2762 post
385 2680 541 2736 mortem
567 2665 658 2762 ejus,
682 2662 893 2761 praedictam
919 2663 1047 2736 urbem
1072 2682 1253 2737 restaura-

183 2783 256 2868 vit,
280 2798 316 2853 et
337 2778 507 2852 Edessam
530 2781 763 2877 nuncupavit.
788 2779 842 2852 lbi
865 2781 984 2879 Tigris
1000 2798 1037 2852 et
1053 2781 1255 2880 Euphrates

85 2948 90 2955 -
182 2917 353 2986 currunt,
371 2916 406 2970 et
420 2896 677 2970 abundantiam
694 2897 904 2971 deliciarum
921 2899 1046 2970 incolis
1059 2897 1254 2972 advehunt.

183 3017 349 3115 Abgarus
383 3015 569 3113 Toparcha
599 3014 740 3087 Edessae
778 3015 962 3114 regnavit3
989 3017 1045 3088 cui
1078 3017 1255 3090 Dominus

181 3135 282 3208 lesus
303 3158 441 3205 sacram
458 3132 644 3228 epistolam
668 3130 877 3217 destinavit,
897 3149 933 3204 et
954 3133 1156 3229 pretiosum
1181 3134 1254 3205 lin·

184 3270 302 3335 teum,
319 3275 391 3348 quo
407 3250 506 3322 faciei
521 3275 593 3320 suae
608 3246 775 3320 sudorem
792 3249 960 3337 extersit,
976 3266 1012 3320 et
1025 3251 1063 3321 in
1076 3276 1153 3350 quo
1165 3253 1251 3350 ejus-

181 3366 263 3442 dem
272 3367 465 3440 Salvatoris
478 3368 596 3464 imago
605 3365 821 3438 mirabiliter
830 3363 969 3464 depicta
983 3367 1158 3466 refulget3
1172 3394 1252 3468 quse

181 3486 360 3559 Dominici
377 3485 540 3583 corporis
552 3484 705 3581 speciem
721 3500 757 3556 ct
772 3484 1009 3583 quantitatem
1028 3486 1251 3558 intuentibus

182 3602 339 3676 exhibet.
360 3602 417 3675 Ad
435 3601 526 3674 lianc
545 3600 672 3674 urbem
691 3600 885 3690 Taddaeus,
904 3604 987 3675 lesu
1000 3601 1135 3676 Christi
1150 3604 1250 3676 disci·

182 3721 306 3820 pulus,
329 3721 448 3805 venit,
468 3719 654 3819 Abgarum
672 3745 795 3839 regem
813 3747 894 3793 cum
912 3721 1012 3794 omni
1030 3723 1171 3820 populo
1185 3747 1250 3794 suo

218 3948 257 4020 (ι)
274 3947 366 4019 Voycz
378 3947 527 4015 obsessus,
541 3959 564 4003 t.
579 3947 622 4009 Π,
638 3967 665 4019 ρ.
683 3949 741 4021 ¹7⁵·
756 3947 833 4001 Nous
847 3948 1007 4018 ajouterons
1018 3965 1074 4021 quc
1087 3950 1208 4005 Mabaut
1220 3950 1254 4004 de

182 4039 319 4103 Louvain,
336 4036 437 4090 sernnsc
454 4037 619 4091 d’Eustache
636 4037 679 4103 l“‚
696 4047 787 4091 comte
804 4036 838 4092 de
856 4037 1012 4110 Boulogne,
1029 4037 1069 4091 du
1083 4039 1154 4093 chel
1164 4039 1200 4095 de
1215 4039 1255 4094 la·

182 4127 273 4200 quelle
294 4126 437 4199 provcuait
456 4136 528 4179 cette
547 4126 748 4193 descendente,
770 4127 841 4180 avait
861 4145 934 4199 pour
954 4128 1030 4181 mere
1048 4128 1199 4203 Gerberge
1220 4130 1255 4184 de

183 4216 326 4284 lorraine,
345 4213 398 4269 [ille
412 4212 447 4267 de
459 4213 586 4281 Clrarles,
601 4215 655 4269 duc
670 4214 705 4270 de
718 4215 862 4280 Lorrainc,
879 4216 952 4271 lrdrc
963 4216 1002 4271 du
1015 4217 1056 4272 roi
1072 4217 1219 4274 Lothaire.
