2888 4934
205 425 262 478 100
475 421 659 481 HISTORIA
681 420 984 481 tectusnstica
1181 421 1265 502 [944]

199 546 332 620 nactos
361 573 442 620 cum
473 548 651 622 clientulis
679 550 750 621 suis
780 549 960 637 accersiit,
984 551 1064 649 quis
1088 567 1125 637 et
1151 552 1264 652 qualis

196 665 305 738 luerit
322 667 378 737 vir
393 664 565 740 Ebrulius
577 683 614 739 et
626 667 711 740 socii
730 669 821 767 ejus,
838 665 884 738 ab
897 669 947 739 eis
960 667 1168 767 requisivit3
1186 694 1263 742 res-

197 780 394 879 pondentes
416 798 452 853 et
479 784 672 855 relerentes
695 780 954 855 venerabilium
978 797 1073 882 gesta
1097 784 1263 857 virorum

195 899 352 972 libenter
377 901 538 990 audivit,
568 921 608 972 as
637 900 681 973 ad
710 899 925 973 audiendum
956 903 1147 999 optimates
1177 902 1263 976 Bel-

193 1017 282 1116 gicae
299 1020 353 1114 (r)
370 1019 537 1090 alacriter
552 1019 689 1090 ascivit.
710 1020 848 1090 lntcrea
867 1017 1111 1090 maturitatem
1126 1034 1166 1090 et
1180 1020 1263 1091 sim-

192 1133 389 1231 plicitatem
411 1134 633 1206 Uticensium
657 1134 715 1232 pie
735 1132 995 1221 consideravit,
1019 1133 1262 1234 instinctuque

191 1251 275 1341 Dei,
295 1252 357 1351 qui
379 1277 527 1326 suorum
555 1250 689 1352 ubique
714 1251 923 1339 miseretur,
951 1249 1148 1323 condolens
1171 1250 1259 1339 illis,

189 1365 305 1440 dixit:
327 1368 421 1442 Ossa
434 1371 555 1469 patris
572 1370 701 1458 nestri,
721 1395 805 1467 quae
821 1369 1012 1466 sequimini
1027 1368 1122 1441 ultro
1131 1423 1144 1457 ,
1163 1371 1262 1440 omni

189 1509 280 1556 auro
303 1501 337 1555 et
359 1501 509 1583 argento
527 1486 744 1583 pretiosiora
764 1483 892 1556 babeo.
921 1483 1038 1555 Vobis
1061 1485 1175 1556 etiam
1189 1510 1260 1582 pm

189 1627 310 1671 amore
326 1601 466 1673 illorum
472 1601 608 1700 faveo,
626 1618 661 1673 et
675 1605 791 1673 nestri
802 1626 929 1673 curam
942 1626 1089 1698 gerens,
1109 1601 1259 1673 canoel-

189 1716 281 1787 lorio
299 1717 482 1817 praecipio
506 1734 545 1787 ut
563 1743 629 1789 nos
647 1715 839 1812 honorifice
861 1741 982 1788 secum
1007 1715 1163 1801 babent,
1186 1742 1260 1787 om·

186 1859 323 1930 nesque
340 1833 564 1922 oblationes,
590 1860 673 1932 quoe
699 1835 839 1907 sanctis
863 1832 1257 1931 reliquiisoffierentur,

184 1949 290 2021 nobis
314 1968 475 2039 annuat,
503 1951 619 2022 donec
643 1950 855 2022 Aurelianis
878 1948 982 2046 (quw
1004 1948 1166 2021 ducatus
1188 1951 1262 2020 mei

184 2085 299 2168 caput
322 2085 376 2139 est
401 2068 482 2165 (2))
501 2070 744 2169 perveniatis;
769 2067 891 2164 ibique
909 2063 1105 2164 providebo
1129 2062 1257 2152 vobis,

184 2186 281 2257 unde
300 2189 433 2258 victum
449 2186 684 2284 sufficientem
703 2184 880 2256 babeatis.

232 2303 415 2376 Uticenses
426 2304 544 2403 itaque
556 2304 653 2376 inter
666 2318 807 2375 exteros
815 2327 877 2400 spe
889 2302 1016 2373 melius
1027 2300 1140 2373 habiti
1153 2317 1257 2385 sunt,

182 2435 218 2490 et
247 2421 433 2519 ingentem
461 2419 622 2520 quotidie
652 2443 845 2491 munerum
871 2420 1010 2517 copiam
1043 2444 1061 2488 a
1093 2416 1261 2490 fidelibus

182 2552 417 2634 receperunt,
441 2535 651 2635 affatimque
676 2534 800 2619 donis,
827 2559 909 2632 quae
934 2533 1122 2604 necessitas
1150 2530 1259 2604 infir·

180 2653 378 2736 muntium,
396 2677 458 2724 sen
472 2652 567 2725 hona
582 2651 748 2723 voluntas
760 2649 976 2721 devotorum
989 2649 1161 2738 extorsit,
1176 2650 1260 2747 opi·

183 2767 320 2840 tulante
330 2767 407 2841 Deo
420 2768 608 2840 refocillati
623 2782 720 2838 sunt.
741 2765 903 2863 Cumque
916 2763 1120 2834 Aurelianis
1134 2765 1260 2836 renis·

182 2899 279 2969 sent,
296 2900 333 2955 et
348 2885 596 2982 praeliatorum
613 2901 743 2956 turmoe
759 2881 944 2979 armigeris
960 2896 997 2952 et
1013 2879 1114 2979 equis
1129 2878 1260 2954 domos

183 3023 249 3094 per
270 3015 384 3071 totam
401 3001 530 3073 urbem
549 3014 801 3099 occupassent,
822 2997 987 3071 monachi
1007 3024 1090 3068 cum
1107 2996 1260 3072 sancto·

183 3138 266 3185 rum
284 3114 496 3212 pignoribus
519 3118 555 3187 in
580 3115 765 3187 clibanum
792 3112 984 3212 quemdam
1005 3111 1261 3202 divertcrmat,

185 3228 306 3329 ibique
332 3232 529 3303 necessario
558 3232 672 3328 prima
697 3246 802 3302 nocte
828 3228 995 3327 hospitati
1023 3246 1120 3300 sunt.
1153 3229 1261 3303 Cives

182 3373 272 3449 ergo
296 3347 525 3448 postmodum
554 3350 590 3419 in
614 3348 752 3420 honore
773 3347 886 3419 sancti
908 3344 1051 3417 Ebrulfi
1072 3345 1259 3418 basilicam

188 3543 317 3552 ..α-οη...-

219 3656 259 3729 (ι)
278 3654 366 3712 noue
382 3666 483 3710 auteur
503 3675 518 3710 a
538 3654 622 3708 soulu
639 3653 749 3708 donner
772 3655 807 3707 ici
831 3669 886 3706 une
904 3668 1006 3723 preure
1028 3648 1204 3705 d'e'rudition
1222 3670 1258 3706 eu

185 3747 369 3798 remontanta
380 3743 407 3797 la
419 3744 604 3818 topograpliie
616 3743 766 3809 Romaiue3
781 3742 850 3796 mais
862 3739 881 3794 il
894 3759 911 3811 y
923 3757 938 3791 a
948 3757 1020 3793 asset
1035 3736 1090 3792 mal
1098 3740 1207 3804 reusch
1220 3739 1259 3794 les

185 3831 330 3903 uignenrs
343 3833 391 3904 qui
404 3834 539 3887 suiaaient
555 3833 581 3886 le
593 3833 649 3886 duc
662 3831 731 3886 dans
744 3849 793 3885 sou
809 3829 968 3903 expedition
978 3827 1080 3882 devant
1093 3832 1259 3901 apponenir

187 3938 305 3994 presque
322 3932 386 3975 tous
401 3925 417 3974 'a
435 3922 461 3975 la
479 3923 617 3994 premiere
637 3941 673 3976 ou
695 3924 710 3974 a
732 3921 756 3974 la
775 3920 930 3995 quatribme
951 3920 1118 3990 Lyonnaisc,
1129 3930 1158 3972 et
1171 3923 1259 3977 nouit

185 4027 293 4065 aucune
301 4010 350 4064 des
362 4008 437 4063 deux
447 4008 602 4084 Belgiques.

218 4098 260 4169 (a)
273 4097 394 4155 Ortum
404 4096 502 4151 n'etait
515 4116 563 4169 pas
575 4097 601 4152 le
613 4096 751 4152 eliel-lieu
762 4096 801 4149 dn
815 4094 908 4149 dnclre
919 4094 955 4149 de
969 4096 1088 4159 nance,
1102 4098 1171 4149 niuis
1184 4096 1257 4153 celui

185 4186 224 4243 *lu
235 4191 328 4245 canite
338 4186 502 4255 donans,
516 4204 572 4274 quc
584 4187 724 4260 possiduit
736 4185 890 4255 egelernent
904 4184 1175 4257 llngnede-Grands
