2888 4934
292 398 353 458 532
565 393 748 453 HlS'l'Ollll
771 393 1077 454 ECCLESIASTICA.
1155 399 1251 474 [vuar
1271 402 1362 478 1098]

291 550 414 625 aspere
428 523 623 597 calcaribus
636 523 846 624 urgebatur,
864 539 900 597 et
916 524 1040 597 laxatis
1059 523 1211 598 habenis
1227 528 1363 628 sagien·

292 660 342 715 tes
356 643 598 740 praeveniens,
617 639 747 713 urbem
764 642 941 740 ingressus
955 656 1019 712 est.
1039 641 1117 714 Hoc
1132 658 1233 715 totus
1250 672 1363 744 popu-

290 759 364 847 lus,
390 758 509 860 quiin
537 757 650 829 muris
675 774 712 828 et
738 757 1019 856 propugnaculis
1043 756 1180 849 stabat,
1209 776 1250 831 ut
1273 787 1362 859 pro-

289 877 421 974 spexit,
441 874 542 946 ralde
559 891 710 947 moestus
728 876 967 959 contremuit,
984 872 1080 947 etde
1101 891 1207 949 tanto
1225 879 1362 951 strenui

289 991 435 1064 baronis
451 992 523 1064 ictu
533 991 687 1090 plurima
699 1018 779 1063 cum
792 991 957 1063 lamentis
971 990 1080 1064 verba
1093 995 1268 1065 evomuit.
1283 995 1364 1068 Dies

256 1126 260 1139 ·
290 1107 513 1181 multimodae
539 1110 685 1197 mortis,
715 1108 788 1180 dies
807 1108 867 1180 illa
893 1108 1087 1205 gentilibus
1115 1111 1309 1199 illuxerat,
1328 1113 1361 1184 in

289 1254 359 1327 qua
389 1229 446 1299 vix
473 1228 600 1326 aliquis
629 1226 678 1298 ibi
707 1241 1010 1326 congregatorum
1039 1244 1200 1299 mortem
1229 1229 1363 1302 evitare

290 1360 443 1442 poterat.
471 1342 658 1431 Mulieres,
687 1367 921 1415 amarorum
948 1358 984 1414 et
1001 1342 1361 1441 propugnaculorum

288 1461 509 1560 spectaculis3
526 1485 673 1533 suorum
690 1460 850 1532 miserias
867 1457 1166 1557 prospectabant,
1180 1476 1218 1531 et
1231 1487 1363 1534 succes-

289 1577 371 1649 sivis
384 1578 607 1651 Francorum
624 1575 922 1676 prosperitatibus
940 1574 1163 1648 invidebant.
1180 1576 1223 1648 ln
1237 1578 1363 1674 praelio

291 1694 354 1767 illo
376 1692 567 1767 duodecim
582 1695 779 1793 principes,
798 1718 889 1792 quos
916 1690 1132 1764 Admiralios
1157 1710 1313 1784 vocant,
1330 1711 1362 1766 et

288 1811 388 1884 mille
404 1813 594 1910 quingenti
614 1812 744 1883 milites
761 1811 935 1908 praecipui
957 1810 1088 1883 mortui
1106 1827 1213 1899 sunt,
1235 1811 1361 1910 aliique

290 1929 421 2001 timore
432 1930 561 2017 nimio,
578 1955 623 2002 ne
637 1931 674 2001 in
688 1927 909 2000 Christianos
921 1927 1057 2027 aliquid
1070 1944 1291 2026 arroganter
1305 1929 1360 2000 ini·

291 2063 393 2136 rent,
419 2047 604 2144 perterriti
633 2063 728 2118 sunt.
760 2045 974 2143 lntempesta
994 2070 1066 2116 nox
1083 2046 1258 2143 praelium
1276 2043 1362 2118 dire·

290 2164 371 2234 mit.
389 2163 597 2250 Christiani,
616 2165 650 2234 in
666 2162 822 2237 Domino
837 2163 920 2234 Jesu
935 2163 1114 2251 laetantes,
1128 2162 1175 2235 ad
1191 2190 1277 2237 suos
1290 2166 1361 2237 ric-

292 2280 414 2367 toriosi
433 2279 620 2352 redierunt
629 2334 640 2368 ,
657 2298 695 2352 et
706 2305 816 2379 equos
829 2280 962 2353 multos
979 2306 1061 2351 curn
1076 2280 1201 2377 spoliis
1214 2281 1360 2380 copiosis

290 2421 410 2468 secum
434 2394 673 2468 adduxerunt.
700 2398 740 2468 ln
772 2397 928 2468 crastino
951 2420 1055 2467 mane
1081 2397 1192 2467 Turci
1218 2423 1360 2470 suorum

290 2509 457 2583 cadavera
486 2512 730 2610 collegerunt,
749 2529 785 2583 et
811 2512 904 2583 ultra
930 2528 1078 2609 pontem
1100 2511 1145 2584 ad
1162 2513 1362 2586 Machoma·

291 2629 382 2699 riam
399 2643 481 2698 ante
497 2643 639 2723 portam
657 2628 808 2698 civitatis
827 2627 1057 2725 sepelierunt.
1076 2627 1186 2699 Pallia
1204 2654 1359 2729 quoque,

291 2762 327 2817 et
342 2746 513 2843 pretiosas
530 2746 672 2816 exuvias
690 2744 1048 2833 subtumulaverunt,
1064 2761 1100 2815 et
1115 2770 1222 2817 arcus
1235 2762 1271 2817 ct
1282 2744 1362 2843 pha·

292 2880 404 2936 retras
425 2880 461 2934 et
475 2863 652 2961 plurimos
666 2862 855 2959 byzanteos
871 2878 1098 2934 mortuorum
1114 2863 1360 2959 procurationi

293 2978 512 3077 adjecerunt.
536 2979 617 3070 Quo
639 2976 833 3049 Christiani
858 2994 1064 3075 comperto,
1086 2978 1248 3076 sepultos
1263 2977 1362 3050 dese·

293 3093 487 3191 pelierunt,
506 3093 892 3192 concupiscibilemque
904 3093 1137 3165 substantiam
1150 3111 1362 3192 rapuerunt,

293 3227 330 3282 et
348 3236 500 3309 corpora
523 3226 739 3309 congregata
763 3212 800 3281 in
818 3209 956 3282 loveam
976 3236 1086 3281 unam
1103 3211 1363 3284 contumeliose

292 3330 536 3427 projecerunt.
547 3326 735 3400 Burdones
748 3353 836 3401 vero
854 3343 1023 3427 quatuor,
1041 3352 1220 3398 caesorum
1232 3328 1363 3425 capiti-

293 3443 360 3516 bus
375 3461 535 3531 onustos‚
552 3443 596 3515 ad
614 3459 756 3542 portam
775 3445 950 3516 miserunt
960 3474 970 3533 ;
986 3470 1067 3543 quae
1086 3444 1181 3515 cives
1197 3461 1234 3517 et
1246 3444 1363 3541 Baby-

294 3558 402 3632 lonici
422 3560 527 3659 legati
558 3557 738 3648 videntes,
763 3558 997 3631 vehementer
1012 3557 1229 3644 doluerunt,
1259 3576 1296 3630 et
1323 3556 1362 3629 ad

294 3691 450 3749 mortem
466 3701 577 3775 usque
590 3675 792 3748 contristati
810 3691 895 3747 sunt
912 3676 927 3771 (
950 3677 980 3774 ).

330 3893 370 3964 (1)
386 3894 462 3948 Nous
476 3914 510 3951 ne
524 3914 626 3968 royons
640 3914 688 3969 pas
703 3896 842 3969 pour-quoi
863 3894 975 3968 l'aspect
992 3894 1027 3949 de
1047 3913 1091 3948 ces
1109 3896 1181 3949 tetes
1200 3897 1294 3949 aurait
1308 3896 1362 3965 jete'

294 3981 361 4035 dans
373 4001 411 4036 un
425 3984 445 4036 si
462 3984 548 4055 grand
559 3985 699 4058 desespoir
710 3984 749 4039 les
760 3984 968 4039 ambassadeurs
981 3971 1145 4057 Egyptiens,
1160 4004 1284 4058 presque
1295 3984 1361 4040 aussi

293 4071 418 4124 ennemis
434 4071 482 4125 des
498 4073 601 4139 Turcs‚
619 4074 700 4146 qu’ils
717 4074 892 4147 regardaicnt
909 4091 1017 4129 cornute
1031 4073 1080 4129 des
1096 4075 1261 4149 lre're'tiques
1277 4087 1305 4130 et
1319 4075 1362 4128 des

294 4161 519 4234 schisniatiqnes,
535 4179 588 4234 qne
602 4161 650 4216 (les
663 4165 821 4218 Chretiens.
