2888 4934
183 385 243 445 4³0
459 386 643 446 HISTORIA
667 385 972 447 tcctffitssrlca.

183 518 311 604 inuris,
334 515 428 589 unde
447 517 630 591 coenobita
649 534 744 607 erat,
766 534 972 618 repetente,
992 544 1054 592 seu
1076 520 1199 618 potius
1221 521 1255 597 in

183 635 299 707 Latias
319 651 457 732 partes,
477 651 518 707 ut
538 663 643 732 supra
669 636 797 722 retuli,
822 636 1022 734 migrante,
1046 662 1145 709 nova
1168 661 1256 710 con·

183 752 335 825 structio
348 769 384 825 et
399 753 604 851 imperfecta
618 753 785 826 celeriter
801 751 968 851 dissipata
984 770 1038 826 est
1047 783 1059 842 ;
1075 771 1114 827 et
1130 755 1254 828 concio

183 868 360 956 fidelium,
380 895 461 970 quae
481 871 565 943 illuc
584 870 809 954 conlluxerat
824 870 869 943 de
886 869 1038 944 diversis
1056 871 1166 959 locis,
1184 896 1254 945 reo

183 1002 263 1059 tore
277 1012 413 1076 carens,
428 990 500 1061 cito
516 987 673 1087 dispersa
684 1004 737 1061 est
750 990 819 1086 (ι).
832 986 1006 1060 Ricardus
1019 989 1157 1089 itaque,
1168 1015 1253 1062 unus

182 1128 225 1176 ex
244 1104 327 1192 illis,
347 1104 477 1179 divinis
495 1106 624 1179 litteris
641 1105 899 1179 eruditissimus
920 1107 1008 1195 suit,
1037 1122 1075 1179 et
1099 1108 1140 1179 in
1162 1123 1252 1180 tanta

182 1219 424 1296 devastatione
435 1225 551 1296 teneri
565 1225 683 1324 gregis
693 1223 881 1323 religiosos
892 1221 1067 1322 sophistas
1075 1225 1250 1325 quaesivit,

185 1339 221 1410 in
239 1365 396 1438 quorum
411 1339 667 1432 contubernio,
687 1337 915 1439 dogmatibus
931 1338 1034 1410 almis
1060 1338 1249 1426 inhaerens,

182 1471 391 1529 reverenter
410 1454 595 1529 habitavit.

230 1574 282 1645 Ea
299 1599 429 1673 nempe
446 1592 654 1673 tempestate
675 1576 712 1646 in
730 1575 954 1648 Normannia
972 1573 1159 1647 florebant
1176 1573 1250 1646 An-

182 1690 313 1763 selmus
332 1691 537 1778 Beccensis,
557 1689 755 1762 Gerbertus
775 1688 1079 1772 Fontanellensis,
1100 1688 1251 1762 Gonttu·

181 1805 246 1879 dus
263 1806 555 1879 Gemmeticensis
572 1808 648 1906 (2),
666 1806 798 1905 aliique
815 1805 954 1905 plures,
977 1806 1014 1877 in
1034 1805 1173 1904 templo
1192 1802 1250 1876 Dei

183 1921 342 1995 lucentes
352 1924 528 2007 lucernae,
543 1949 562 1992 a
579 1920 710 2021 quibus
725 1922 914 2020 insigniter
934 1920 1154 2008 iliustratus,
1168 1919 1251 1992 salu·

182 2037 258 2110 bris
281 2038 467 2112 hauriebat
494 2038 697 2112 ubertatem
718 2037 910 2111 doctrinae.
932 2037 1115 2110 Defuncto
1140 2050 1251 2109 autem

180 2154 369 2230 Goissredo
379 2155 508 2228 abbate
521 2157 595 2254 (ὅ),
607 2154 779 2228 Ricardus
794 2153 838 2226 ad
855 2155 1017 2254 regimen
1030 2151 1251 2228 Pratellensis

182 2272 334 2345 abbatiae
353 2273 485 2345 electus
513 2288 586 2362 est;
604 2270 703 2372 quod
728 2270 903 2345 Rodberti
922 2270 1023 2343 ducis
1047 2287 1086 2343 et
1111 2269 1250 2344 Henrici

182 2391 275 2490 regis
293 2407 457 2489 tempore
473 2393 548 2463 sere
564 2415 652 2462 xxrv
664 2391 767 2462 annis
781 2391 915 2477 tenuit,
935 2388 1057 2489 ibique
1072 2388 1251 2462 defunctus

181 2523 247 2580 est.
267 2508 333 2580 Hic
356 2508 391 2579 in
417 2507 547 2579 divinis
570 2505 754 2580 codicibus
775 2508 939 2605 apprime
960 2505 1121 2593 studuit,
1145 2504 1250 2578 invia

181 2625 261 2713 Dei,
273 2650 339 2723 per
355 2626 590 2724 antiquorum
603 2625 749 2724 vestigia
767 2641 911 2722 patrum
926 2623 1097 2722 psallens,
1110 2622 1157 2695 ab
1171 2621 1250 2695 ado-

182 2741 350 2814 lescentia
372 2742 556 2827 cucurrit,
579 2742 822 2840 famelicisque
845 2740 965 2839 pueris
989 2741 1250 2839 aenigmaticum

182 2884 312 2956 panem
327 2860 364 2930 in
379 2859 488 2933 domo
504 2860 653 2931 Domini
667 2857 877 2957 benigniter
891 2859 1018 2957 fregit,
1037 2878 1249 2958 manumque

182 2976 411 3048 tendentibus
429 2977 596 3049 alacriter
613 2993 650 3050 et
667 2976 827 3048 ubertim
845 2975 1052 3064 distribuit,
1076 2974 1249 3076 torpenti·

181 3088 248 3162 bus
264 3116 408 3191 quoque
424 3108 459 3163 et
476 3091 724 3165 recusantibus
742 3108 780 3163 ut
796 3090 1011 3164 manderent
1027 3093 1105 3164 vim
1122 3091 1246 3165 intulit.

181 3206 492 3281 Commentarium
510 3236 617 3308 super
627 3208 794 3281 Genesim
813 3209 1004 3295 Mauricio,
1023 3209 1148 3281 Sancti
1166 3213 1248 3281 Lau-

183 3326 323 3397 nomari
337 3326 558 3425 Blesensium
572 3325 814 3400 eruditissimo
825 3324 962 3415 abbati,
972 3324 1106 3415 edidit,
1118 3341 1156 3399 et
1165 3319 1248 3398 aliud

180 3441 317 3515 domno
327 3442 531 3533 Adelelmo,
542 3443 783 3519 eruditissimo
792 3442 1018 3543 presbytero,
1029 3441 1244 3541 conscripsit,

181 3558 400 3633 Flaviacensi
415 3561 561 3661 quidem
574 3563 772 3649 monacho,
789 3562 851 3662 qui
865 3588 948 3635 cum
962 3558 1245 3634 Fiscannensibus

218 3806 256 3876 (ι)
271 3806 365 3878 Voyez
379 3808 532 3873 ci-dessus,
549 3828 576 3880 p.
594 3807 658 3875 264.

216 3897 257 3966 (a)
271 3896 351 3951 Saint
361 3899 506 3968 beselmo,
522 3899 593 3954 abbe
606 3900 645 3953 du
659 3900 711 3954 Bec
723 3901 733 3970 l
739 3899 840 3973 1078-AE
851 3898 1001 3954 decembre
1016 3897 1111 3972 1093).

217 3985 355 4053 Gerbo-t,
370 3988 440 4043 abbe'
453 3989 487 4044 de
501 3988 662 4045 Fontenelle
676 3987 792 4058 (roffi-4
805 3989 962 4062 septembre
978 3988 1070 4062 1089).

218 4074 361 4141 Gontard,
377 4077 447 4132 abbe
461 4079 496 4134 de
509 4081 651 4153 Junaic'ges
663 4079 796 4155 (1078·26
808 4080 958 4135 novembre
974 4080 1069 4152 1095).

219 4163 257 4234 (3)
270 4166 409 4236 Geolboi,
427 4171 569 4225 troisit'one
581 4171 653 4225 abbe
667 4174 702 4226 de
715 4171 822 4225 Preaux
835 4173 845 4243 (
851 4169 969 4243 109o30
983 4168 1050 4225 aorit
1065 4171 1152 4238 1101).
