2888 4934
183 419 386 496 [sun101099]
574 413 691 474 LIBER
711 413 848 474 NONUS.
1185 416 1243 477 601

183 548 449 648 negotiatorum
473 559 689 618 commeatus
708 541 974 616 disturbabant.
995 542 1052 615 Ad
1072 541 1140 617 hoc
1162 568 1249 616 exe-

183 662 383 764 quendum,
402 685 542 734 summo
558 659 717 733 diluculo
733 658 778 733 de
799 660 960 732 exercitu
981 659 1149 732 Tolosani
1166 660 1250 732 Rai-

182 778 336 852 mundus
355 779 495 851 Piletus
511 794 548 850 et
567 774 752 850 Achardus
772 776 817 850 de
838 777 1062 850 Moutmerlo
1084 793 1121 849 et
1143 775 1250 848 Guil-
1327 847 1331 855 ,

184 899 311 970 lelmus
330 895 375 970 de
398 896 507 968 Sabra
529 896 583 993 (t)
600 910 670 967 etc
690 894 822 967 milites
845 895 1031 984 exierunt,
1050 909 1086 967 et
1102 892 1249 993 quidam

184 1014 317 1114 pedites
330 1012 374 1086 ad
386 1038 485 1086 maro
494 1029 754 1111 processerunt.
770 1013 839 1084 Sua
852 1037 939 1086 vero
950 1011 1075 1086 confisi
1090 1009 1251 1102 audacia,

184 1130 228 1205 ad
245 1148 392 1232 portum
408 1132 676 1221 militaverunt3
694 1129 754 1203 sed
771 1130 817 1203 ab
843 1130 998 1204 invicem
1019 1129 1123 1204 dirisi
1147 1144 1249 1219 sunt3

186 1251 364 1322 incertum
388 1247 559 1320 habemus
584 1275 630 1320 an
656 1245 848 1336 industria,
877 1274 922 1320 an
944 1248 1012 1320 viae
1035 1244 1103 1319 hoc
1118 1246 1252 1318 sactum

183 1366 230 1437 sit
243 1366 459 1465 ignorantia.
469 1363 634 1464 Triginta
650 1388 781 1462 nempe
793 1364 938 1454 milites,
948 1366 1026 1464 qui,
1041 1364 1147 1437 aliam
1157 1364 1253 1436 viam

184 1481 404 1582 gradientes,
433 1482 575 1556 asociis
596 1482 746 1581 sejuncti
776 1497 881 1572 sunt,
917 1497 1061 1555 centum
1094 1479 1251 1568 Arabes,

185 1599 322 1671 Turcos
338 1614 374 1671 et
395 1598 609 1671 Sarracenos
625 1596 670 1670 de
687 1598 847 1670 exercitu
866 1595 1083 1670 Admiravisi
1101 1597 1255 1668 invene·

185 1730 289 1802 runt,
309 1730 345 1786 et
361 1713 529 1787 audacter
545 1714 699 1814 aggressi
717 1729 818 1802 sunt,
837 1729 874 1786 et
891 1715 928 1785 in
945 1713 1113 1812 praelium
1130 1735 1257 1784 conve·

184 1845 332 1903 uerunt.
362 1829 419 1902 llli
444 1855 531 1903 vero
554 1831 739 1929 eregione
764 1829 999 1928 pertinaciter
1023 1829 1253 1909 restiterunt,

186 1948 381 2047 confisique
392 1946 624 2020 multitudine
640 1975 715 2035 sua,
730 1948 836 2019 multi
849 1968 981 2045 paucos
994 1947 1256 2020 circumcinxe-

186 2079 287 2138 runt.
314 2064 517 2137 Sarracenis
541 2065 639 2136 enim
665 2065 693 2135 is
720 2061 847 2136 modus
869 2080 922 2135 est
947 2061 1146 2162 pugnandi.
1175 2062 1257 2134 Jam

186 2178 408 2253 Christianos
426 2179 663 2270 incluserant,
677 2181 751 2278 jam
768 2178 813 2253 de
829 2178 1009 2253 mortibus
1025 2204 1153 2252 eorum
1170 2204 1257 2277 gar-

120 2360 128 2386 ,
187 2295 321 2368 rientes
341 2294 590 2384 confidebant,
617 2322 700 2368 cum
727 2298 874 2368 nuntius
894 2293 1138 2368 Raimundum
1162 2293 1259 2366 Pito-

188 2429 265 2485 tum
282 2413 480 2487 vociferans
501 2414 552 2486 sic
568 2412 700 2491 excivit
719 2442 728 2483 ε
748 2412 836 2486 Nisi
861 2414 1059 2485 citissimus
1084 2413 1140 2486 ad
1154 2437 1259 2484 com-

187 2527 368 2600 militones
388 2545 468 2600 tuos
490 2529 708 2616 evolaveris,
733 2527 917 2600 auxilium
938 2527 1161 2626 praebiturus
1184 2534 1257 2615 eis,

189 2670 311 2716 omnes
322 2670 394 2744 pro
412 2659 507 2715 certo
528 2645 696 2715 amisisti.
713 2643 801 2715 Jam
823 2646 918 2715 enim
940 2643 988 2713 ab
1009 2645 1168 2714 inimicis
1184 2645 1261 2715 cir-

189 2758 403 2832 cumvallati
426 2774 530 2847 sunt,
556 2757 681 2830 adduc
707 2775 828 2830 tamen
853 2774 1047 2857 utcumque
1069 2784 1106 2831 se
1130 2754 1260 2855 dffer-

189 2876 295 2947 dunt.
320 2875 383 2946 His
404 2872 552 2963 auditis,
573 2872 727 2946 habenas
746 2874 888 2960 laxant,
911 2873 1108 2947 calcaribus
1131 2874 1259 2947 corni-

190 2990 296 3090 pedes
312 3006 461 3090 urgent,
482 3007 518 3064 et
529 2990 627 3063 dicto
641 2989 745 3063 citius
757 3014 881 3062 omnes
894 2989 1081 3081 advolant,
1101 3007 1137 3064 et
1152 2991 1260 3064 scutis

224 3289 388 3362 (1)Achard
401 3289 436 3343 de
450 3288 584 3350 Montmel
600 3288 758 3366 (UHerault).

210 3379 386 3435 ‘Guiilaumc
405 3378 440 3433 de
459 3379 564 3433 Sabran
584 3377 709 3450 (Gard),
732 3378 877 3434 deurieme
895 3378 934 3432 du
954 3395 1037 3449 nom,
1058 3379 1142 3433 vivait
1161 3395 1261 3433 encore

191 3490 225 3526 eu
244 3469 310 3527 1125
337 3470 361 3524 ll
377 3471 445 3525 etait
462 3488 549 3525 neveu
568 3457 720 3524 d’Emenon
739 3487 776 3523 ou
794 3469 931 3541 Amaujeu
947 3468 982 3524 de
999 3468 1118 3535 Sabran,
1138 3469 1260 3541 premier

191 3577 363 3631 personnage
380 3576 472 3613 connu
488 3557 523 3612 de
542 3567 614 3612 cette
632 3554 752 3624 tantille,
772 3556 842 3613 dont
860 3575 896 3612 on
915 3567 1013 3611 trouve
1031 3555 1057 3610 la
1074 3554 1260 3629 souscription

193 3667 240 3702 sur
256 3666 295 3701 un
313 3658 372 3702 acte
388 3647 424 3709 de
441 3665 517 3720 ¹⁰29·
532 3648 582 3701 Les
595 3646 777 3702 descendants
791 3646 827 3701 de
843 3646 1004 3702 Guillaume
1021 3664 1049 3700 se
1065 3645 1217 3708 donuaient
1233 3646 1260 3701 le

193 3737 259 3791 titre
275 3735 310 3789 de
326 3735 516 3802 cannetables,
534 3755 584 3809 par
600 3734 626 3789 la
645 3735 725 3809 grace
742 3736 777 3791 de
793 3737 879 3804 Dieu,
899 3736 939 3790 du
957 3738 1048 3790 comte
1061 3735 1096 3790 de
1109 3734 1258 3791 Toulousc.

194 3826 241 3882 On
257 3843 340 3898 pense
353 3844 407 3900 que
419 3843 451 3879 ce
463 3825 506 3879 fut
518 3825 557 3880 tui
572 3827 637 3901 qui,
654 3829 668 3881 a
686 3827 711 3881 la
727 3828 801 3900 prise
816 3826 1000 3894 d'Antioche,
1016 3826 1121 3899 surpuit
1133 3845 1169 3881 au
1184 3825 1217 3881 tit
1232 3825 1259 3879 la

193 3915 295 3971 semme
306 3924 335 3970 et
347 3914 373 3969 la
388 3914 492 3970 familie
505 3915 540 3970 de
556 3916 743 3991 Bagui-Siau,
758 3926 786 3972 et
799 3935 835 3970 en
848 3916 901 3972 tira
913 3914 998 3983 3‚ooo
1007 3916 1116 3971 besauts
1129 3916 1199 3970 d‘or.
1209 3916 1260 3969 tes

195 4004 344 4060 historiens
357 4022 385 4059 se
398 4014 560 4061 conteuteut
573 4006 609 4060 de
622 4005 750 4080 direque
764 4025 794 4060 ce
807 4007 851 4061 sut
864 4025 901 4059 un
913 4024 1084 4080 personnage
1096 4005 1135 4059 du
1147 4022 1212 4058 uorn
1224 4001 1261 4059 de

194 4092 368 4159 Guillaunre,
382 4103 565 4166 appartenaut
577 4113 612 4148 au
625 4111 706 4167 corps
718 4094 756 4149 du
769 4104 860 4150 comte
873 4093 909 4149 dc
922 4094 1070 4151 Toulousc.

230 4181 325 4235 Piene
337 4179 490 4236 Tudebodc
502 4181 594 4252 ajoutc
606 4183 621 4236 a
635 4200 679 4238 ces
692 4200 771 4239 uoms
784 4182 855 4238 celui
869 4181 904 4238 de
918 4182 1079 4238 Guillaume
1091 4174 1233 4248 Carpiuel.
