<?xml version="1.0" encoding="UTF-8"?>
<!DOCTYPE html PUBLIC "-//W3C//DTD XHTML 1.0 Transitional//EN"
    "http://www.w3.org/TR/xhtml1/DTD/xhtml1-transitional.dtd">
<html xmlns="http://www.w3.org/1999/xhtml" xml:lang="en" lang="en">
 <head>
  <title>
</title>
<meta http-equiv="Content-Type" content="text/html;charset=utf-8" />
  <meta name='ocr-system' content='tesseract 3.04.00' />
  <meta name='ocr-capabilities' content='ocr_page ocr_carea ocr_par ocr_line ocrx_word'/>
</head>
<body>
  <div class='ocr_page' id='page_1' title='image "./ordericivitalis05deligoog/ordericivitalis05deligoog_0324.png"; bbox 0 0 2888 4934; ppageno 0'>
   <div class='ocr_carea' id='block_1_1' title="bbox 184 404 1257 490">
    <p class='ocr_par' dir='ltr' id='par_1_1' title="bbox 184 404 1257 490">
     <span class='ocr_line' id='line_1_1' title="bbox 184 404 1257 490; baseline -0.005 -19"><span class='ocrx_word' id='word_1_1' title='bbox 184 412 295 490; x_wconf 80' lang='lat' dir='ltr'><strong>[roas]</strong></span> <span class='ocrx_word' id='word_1_2' title='bbox 556 404 673 466; x_wconf 81' lang='lat' dir='ltr'><strong>trusa</strong></span> <span class='ocrx_word' id='word_1_3' title='bbox 694 406 883 465; x_wconf 77' lang='lat' dir='ltr'><strong>ocravus.</strong></span> <span class='ocrx_word' id='word_1_4' title='bbox 1196 407 1257 468; x_wconf 78' lang='lat' dir='ltr'><strong>aaa</strong></span> 
     </span>
    </p>
   </div>
   <div class='ocr_carea' id='block_1_2' title="bbox 182 538 1263 2639">
    <p class='ocr_par' dir='ltr' id='par_1_2' title="bbox 182 538 1263 2639">
     <span class='ocr_line' id='line_1_2' title="bbox 185 538 1258 639; baseline -0.005 -23"><span class='ocrx_word' id='word_1_5' title='bbox 185 542 298 630; x_wconf 88' lang='lat' dir='ltr'><strong>bant,</strong></span> <span class='ocrx_word' id='word_1_6' title='bbox 329 557 365 612; x_wconf 90' lang='lat' dir='ltr'><strong>et</strong></span> <span class='ocrx_word' id='word_1_7' title='bbox 389 538 519 612; x_wconf 83' lang='lat' dir='ltr'><strong>ibidem</strong></span> <span class='ocrx_word' id='word_1_8' title='bbox 544 557 625 639; x_wconf 88' lang='lat' dir='ltr'><strong>post</strong></span> <span class='ocrx_word' id='word_1_9' title='bbox 648 539 809 613; x_wconf 92' lang='lat' dir='ltr'><strong>laborem</strong></span> <span class='ocrx_word' id='word_1_10' title='bbox 835 539 943 611; x_wconf 90' lang='lat' dir='ltr'><strong>citam</strong></span> <span class='ocrx_word' id='word_1_11' title='bbox 974 540 1258 636; x_wconf 80' lang='lat' dir='ltr'><strong>repausationem</strong></span> 
     </span>
     <span class='ocr_line' id='line_1_3' title="bbox 186 656 1257 757; baseline -0.003 -24"><span class='ocrx_word' id='word_1_12' title='bbox 186 658 396 745; x_wconf 87' lang='lat' dir='ltr'><strong>sumebant,</strong></span> <span class='ocrx_word' id='word_1_13' title='bbox 416 673 524 757; x_wconf 91' lang='lat' dir='ltr'><strong>atque</strong></span> <span class='ocrx_word' id='word_1_14' title='bbox 544 673 625 755; x_wconf 89' lang='lat' dir='ltr'><strong>post</strong></span> <span class='ocrx_word' id='word_1_15' title='bbox 646 656 801 730; x_wconf 89' lang='lat' dir='ltr'><strong>inediam</strong></span> <span class='ocrx_word' id='word_1_16' title='bbox 820 657 968 731; x_wconf 87' lang='lat' dir='ltr'><strong>uberem</strong></span> <span class='ocrx_word' id='word_1_17' title='bbox 990 656 1198 729; x_wconf 90' lang='lat' dir='ltr'><strong>alimoniam</strong></span> <span class='ocrx_word' id='word_1_18' title='bbox 1215 685 1257 730; x_wconf 81' lang='lat' dir='ltr'><strong>ex</strong></span> 
     </span>
     <span class='ocr_line' id='line_1_4' title="bbox 187 774 1259 874; baseline -0.002 -26"><span class='ocrx_word' id='word_1_19' title='bbox 187 775 415 849; x_wconf 88' lang='lat' dir='ltr'><strong>institutione</strong></span> <span class='ocrx_word' id='word_1_20' title='bbox 431 774 623 873; x_wconf 87' lang='lat' dir='ltr'><strong>principali</strong></span> <span class='ocrx_word' id='word_1_21' title='bbox 639 774 881 874; x_wconf 80' lang='lat' dir='ltr'><strong>reperiebant.</strong></span> <span class='ocrx_word' id='word_1_22' title='bbox 895 776 1010 874; x_wconf 90' lang='lat' dir='ltr'><strong>Igitur</strong></span> <span class='ocrx_word' id='word_1_23' title='bbox 1023 798 1065 844; x_wconf 87' lang='lat' dir='ltr'><strong>ex</strong></span> <span class='ocrx_word' id='word_1_24' title='bbox 1081 774 1259 870; x_wconf 87' lang='lat' dir='ltr'><strong>insperato</strong></span> 
     </span>
     <span class='ocr_line' id='line_1_5' title="bbox 187 889 1257 992; baseline -0.007 -24"><span class='ocrx_word' id='word_1_25' title='bbox 187 895 381 977; x_wconf 88' lang='lat' dir='ltr'><strong>consolati,</strong></span> <span class='ocrx_word' id='word_1_26' title='bbox 399 893 475 965; x_wconf 91' lang='lat' dir='ltr'><strong>Deo</strong></span> <span class='ocrx_word' id='word_1_27' title='bbox 487 892 617 992; x_wconf 82' lang='lat' dir='ltr'><strong>gratias</strong></span> <span class='ocrx_word' id='word_1_28' title='bbox 628 892 802 992; x_wconf 77' lang='lat' dir='ltr'><strong>agebant,</strong></span> <span class='ocrx_word' id='word_1_29' title='bbox 819 909 855 964; x_wconf 87' lang='lat' dir='ltr'><strong>et</strong></span> <span class='ocrx_word' id='word_1_30' title='bbox 868 918 936 991; x_wconf 90' lang='lat' dir='ltr'><strong>pro</strong></span> <span class='ocrx_word' id='word_1_31' title='bbox 949 889 1257 979; x_wconf 83' lang='lat' dir='ltr'><strong>benefactoribus,</strong></span> 
     </span>
     <span class='ocr_line' id='line_1_6' title="bbox 186 1009 1257 1112; baseline -0.006 -28"><span class='ocrx_word' id='word_1_32' title='bbox 186 1013 252 1112; x_wconf 82' lang='lat' dir='ltr'><strong>qui</strong></span> <span class='ocrx_word' id='word_1_33' title='bbox 269 1012 376 1110; x_wconf 86' lang='lat' dir='ltr'><strong>longe</strong></span> <span class='ocrx_word' id='word_1_34' title='bbox 390 1026 472 1083; x_wconf 88' lang='lat' dir='ltr'><strong>ante</strong></span> <span class='ocrx_word' id='word_1_35' title='bbox 490 1026 630 1083; x_wconf 89' lang='lat' dir='ltr'><strong>tantum</strong></span> <span class='ocrx_word' id='word_1_36' title='bbox 645 1009 712 1082; x_wconf 92' lang='lat' dir='ltr'><strong>sibi</strong></span> <span class='ocrx_word' id='word_1_37' title='bbox 729 1010 939 1109; x_wconf 79' lang='lat' dir='ltr'><strong>sull&#39;ragium</strong></span> <span class='ocrx_word' id='word_1_38' title='bbox 952 1024 1257 1108; x_wconf 83' lang='lat' dir='ltr'><strong>praeparaverant,</strong></span> 
     </span>
     <span class='ocr_line' id='line_1_7' title="bbox 185 1123 1261 1225; baseline -0.005 -26"><span class='ocrx_word' id='word_1_39' title='bbox 185 1127 396 1202; x_wconf 85' lang='lat' dir='ltr'><strong>Creatorem</strong></span> <span class='ocrx_word' id='word_1_40' title='bbox 423 1127 586 1199; x_wconf 91' lang='lat' dir='ltr'><strong>omnium</strong></span> <span class='ocrx_word' id='word_1_41' title='bbox 612 1128 672 1225; x_wconf 87' lang='lat' dir='ltr'><strong>pie</strong></span> <span class='ocrx_word' id='word_1_42' title='bbox 695 1125 907 1200; x_wconf 86' lang='lat' dir='ltr'><strong>exorabant.</strong></span> <span class='ocrx_word' id='word_1_43' title='bbox 936 1125 1141 1224; x_wconf 82' lang='lat' dir='ltr'><strong>Antequam</strong></span> <span class='ocrx_word' id='word_1_44' title='bbox 1168 1123 1261 1195; x_wconf 88' lang='lat' dir='ltr'><strong>Nor-</strong></span> 
     </span>
     <span class='ocr_line' id='line_1_8' title="bbox 186 1243 1260 1343; baseline -0.004 -26"><span class='ocrx_word' id='word_1_45' title='bbox 186 1246 312 1317; x_wconf 88' lang='lat' dir='ltr'><strong>manni</strong></span> <span class='ocrx_word' id='word_1_46' title='bbox 330 1243 496 1343; x_wconf 86' lang='lat' dir='ltr'><strong>Angliam</strong></span> <span class='ocrx_word' id='word_1_47' title='bbox 513 1243 769 1333; x_wconf 90' lang='lat' dir='ltr'><strong>obtinuissent,</strong></span> <span class='ocrx_word' id='word_1_48' title='bbox 786 1270 864 1317; x_wconf 94' lang='lat' dir='ltr'><strong>mos</strong></span> <span class='ocrx_word' id='word_1_49' title='bbox 880 1261 958 1316; x_wconf 86' lang='lat' dir='ltr'><strong>erat</strong></span> <span class='ocrx_word' id='word_1_50' title='bbox 971 1260 1030 1334; x_wconf 89' lang='lat' dir='ltr'><strong>ut,</strong></span> <span class='ocrx_word' id='word_1_51' title='bbox 1048 1243 1135 1314; x_wconf 91' lang='lat' dir='ltr'><strong>dum</strong></span> <span class='ocrx_word' id='word_1_52' title='bbox 1147 1256 1260 1315; x_wconf 85' lang='lat' dir='ltr'><strong>recto·</strong></span> 
     </span>
     <span class='ocr_line' id='line_1_9' title="bbox 186 1359 1259 1461; baseline -0.007 -25"><span class='ocrx_word' id='word_1_53' title='bbox 186 1389 242 1436; x_wconf 89' lang='lat' dir='ltr'><strong>res</strong></span> <span class='ocrx_word' id='word_1_54' title='bbox 256 1363 486 1436; x_wconf 89' lang='lat' dir='ltr'><strong>ecclesiarum</strong></span> <span class='ocrx_word' id='word_1_55' title='bbox 498 1361 662 1450; x_wconf 89' lang='lat' dir='ltr'><strong>obirent,</strong></span> <span class='ocrx_word' id='word_1_56' title='bbox 682 1363 867 1461; x_wconf 88' lang='lat' dir='ltr'><strong>episcopus</strong></span> <span class='ocrx_word' id='word_1_57' title='bbox 881 1359 1157 1447; x_wconf 89' lang='lat' dir='ltr'><strong>coenobiorum,</strong></span> <span class='ocrx_word' id='word_1_58' title='bbox 1177 1383 1259 1457; x_wconf 86' lang='lat' dir='ltr'><strong>quae</strong></span> 
     </span>
     <span class='ocr_line' id='line_1_10' title="bbox 185 1474 1261 1567; baseline -0.002 -17"><span class='ocrx_word' id='word_1_59' title='bbox 185 1482 222 1553; x_wconf 90' lang='lat' dir='ltr'><strong>in</strong></span> <span class='ocrx_word' id='word_1_60' title='bbox 247 1507 308 1552; x_wconf 89' lang='lat' dir='ltr'><strong>sua</strong></span> <span class='ocrx_word' id='word_1_61' title='bbox 327 1479 471 1553; x_wconf 90' lang='lat' dir='ltr'><strong>dioecesi</strong></span> <span class='ocrx_word' id='word_1_62' title='bbox 491 1497 612 1567; x_wconf 90' lang='lat' dir='ltr'><strong>erant,</strong></span> <span class='ocrx_word' id='word_1_63' title='bbox 638 1505 695 1553; x_wconf 89' lang='lat' dir='ltr'><strong>res</strong></span> <span class='ocrx_word' id='word_1_64' title='bbox 718 1481 868 1554; x_wconf 89' lang='lat' dir='ltr'><strong>sollicite</strong></span> <span class='ocrx_word' id='word_1_65' title='bbox 885 1478 1122 1566; x_wconf 84' lang='lat' dir='ltr'><strong>describeret,</strong></span> <span class='ocrx_word' id='word_1_66' title='bbox 1141 1493 1178 1549; x_wconf 88' lang='lat' dir='ltr'><strong>et</strong></span> <span class='ocrx_word' id='word_1_67' title='bbox 1193 1474 1261 1548; x_wconf 92' lang='lat' dir='ltr'><strong>sub</strong></span> 
     </span>
     <span class='ocr_line' id='line_1_11' title="bbox 183 1594 1257 1696; baseline -0.005 -26"><span class='ocrx_word' id='word_1_68' title='bbox 183 1597 323 1672; x_wconf 84' lang='lat' dir='ltr'><strong>ditione</strong></span> <span class='ocrx_word' id='word_1_69' title='bbox 356 1624 436 1688; x_wconf 91' lang='lat' dir='ltr'><strong>sua,</strong></span> <span class='ocrx_word' id='word_1_70' title='bbox 471 1596 587 1671; x_wconf 87' lang='lat' dir='ltr'><strong>donec</strong></span> <span class='ocrx_word' id='word_1_71' title='bbox 619 1597 764 1670; x_wconf 86' lang='lat' dir='ltr'><strong>abbates</strong></span> <span class='ocrx_word' id='word_1_72' title='bbox 795 1599 954 1696; x_wconf 79' lang='lat' dir='ltr'><strong>legitime</strong></span> <span class='ocrx_word' id='word_1_73' title='bbox 985 1594 1257 1682; x_wconf 87' lang='lat' dir='ltr'><strong>ordinarentur,</strong></span> 
     </span>
     <span class='ocr_line' id='line_1_12' title="bbox 182 1713 1261 1813; baseline -0.005 -25"><span class='ocrx_word' id='word_1_74' title='bbox 182 1713 393 1788; x_wconf 83' lang='lat' dir='ltr'><strong>custodiret.</strong></span> <span class='ocrx_word' id='word_1_75' title='bbox 413 1715 586 1786; x_wconf 89' lang='lat' dir='ltr'><strong>Similiter</strong></span> <span class='ocrx_word' id='word_1_76' title='bbox 600 1715 886 1813; x_wconf 89' lang='lat' dir='ltr'><strong>archiepiscopus</strong></span> <span class='ocrx_word' id='word_1_77' title='bbox 905 1715 1075 1813; x_wconf 86' lang='lat' dir='ltr'><strong>episcopii</strong></span> <span class='ocrx_word' id='word_1_78' title='bbox 1098 1738 1175 1802; x_wconf 86' lang='lat' dir='ltr'><strong>res,</strong></span> <span class='ocrx_word' id='word_1_79' title='bbox 1194 1739 1261 1784; x_wconf 88' lang='lat' dir='ltr'><strong>au-</strong></span> 
     </span>
     <span class='ocr_line' id='line_1_13' title="bbox 184 1831 1261 1933; baseline -0.002 -29"><span class='ocrx_word' id='word_1_80' title='bbox 184 1834 298 1905; x_wconf 87' lang='lat' dir='ltr'><strong>tistite</strong></span> <span class='ocrx_word' id='word_1_81' title='bbox 309 1831 496 1923; x_wconf 76' lang='lat' dir='ltr'><strong>defuncto,</strong></span> <span class='ocrx_word' id='word_1_82' title='bbox 513 1834 695 1923; x_wconf 83' lang='lat' dir='ltr'><strong>servabat,</strong></span> <span class='ocrx_word' id='word_1_83' title='bbox 716 1851 753 1906; x_wconf 91' lang='lat' dir='ltr'><strong>et</strong></span> <span class='ocrx_word' id='word_1_84' title='bbox 769 1832 988 1933; x_wconf 87' lang='lat' dir='ltr'><strong>pauperibus</strong></span> <span class='ocrx_word' id='word_1_85' title='bbox 999 1833 1056 1904; x_wconf 90' lang='lat' dir='ltr'><strong>vel</strong></span> <span class='ocrx_word' id='word_1_86' title='bbox 1069 1832 1261 1905; x_wconf 86' lang='lat' dir='ltr'><strong>structuris</strong></span> 
     </span>
     <span class='ocr_line' id='line_1_14' title="bbox 182 1948 1261 2051; baseline -0.003 -29"><span class='ocrx_word' id='word_1_87' title='bbox 182 1949 436 2040; x_wconf 88' lang='lat' dir='ltr'><strong>basilicarum,</strong></span> <span class='ocrx_word' id='word_1_88' title='bbox 468 1951 522 2023; x_wconf 90' lang='lat' dir='ltr'><strong>vel</strong></span> <span class='ocrx_word' id='word_1_89' title='bbox 547 1952 624 2024; x_wconf 90' lang='lat' dir='ltr'><strong>aliis</strong></span> <span class='ocrx_word' id='word_1_90' title='bbox 653 1951 759 2024; x_wconf 92' lang='lat' dir='ltr'><strong>bonis</strong></span> <span class='ocrx_word' id='word_1_91' title='bbox 784 1952 974 2051; x_wconf 87' lang='lat' dir='ltr'><strong>operibus,</strong></span> <span class='ocrx_word' id='word_1_92' title='bbox 1005 1948 1261 2023; x_wconf 90' lang='lat' dir='ltr'><strong>cumconsilio</strong></span> 
     </span>
     <span class='ocr_line' id='line_1_15' title="bbox 184 2066 1262 2168; baseline -0.004 -26"><span class='ocrx_word' id='word_1_93' title='bbox 184 2066 466 2142; x_wconf 90' lang='lat' dir='ltr'><strong>domesticorum</strong></span> <span class='ocrx_word' id='word_1_94' title='bbox 476 2069 632 2168; x_wconf 88' lang='lat' dir='ltr'><strong>ejusdem</strong></span> <span class='ocrx_word' id='word_1_95' title='bbox 647 2071 803 2143; x_wconf 73' lang='lat' dir='ltr'><strong>ecclesiae</strong></span> <span class='ocrx_word' id='word_1_96' title='bbox 816 2067 1048 2141; x_wconf 87' lang='lat' dir='ltr'><strong>distrahebat.</strong></span> <span class='ocrx_word' id='word_1_97' title='bbox 1063 2070 1168 2140; x_wconf 91' lang='lat' dir='ltr'><strong>Hunc</strong></span> <span class='ocrx_word' id='word_1_98' title='bbox 1182 2093 1262 2165; x_wconf 87' lang='lat' dir='ltr'><strong>pro-</strong></span> 
     </span>
     <span class='ocr_line' id='line_1_16' title="bbox 184 2185 1263 2285; baseline -0.004 -27"><span class='ocrx_word' id='word_1_99' title='bbox 184 2187 281 2259; x_wconf 79' lang='lat' dir='ltr'><strong>lecto</strong></span> <span class='ocrx_word' id='word_1_100' title='bbox 296 2212 435 2260; x_wconf 90' lang='lat' dir='ltr'><strong>morem</strong></span> <span class='ocrx_word' id='word_1_101' title='bbox 450 2186 663 2260; x_wconf 87' lang='lat' dir='ltr'><strong>Guillelmus</strong></span> <span class='ocrx_word' id='word_1_102' title='bbox 680 2188 790 2259; x_wconf 86' lang='lat' dir='ltr'><strong>Rulus</strong></span> <span class='ocrx_word' id='word_1_103' title='bbox 806 2186 852 2259; x_wconf 89' lang='lat' dir='ltr'><strong>ab</strong></span> <span class='ocrx_word' id='word_1_104' title='bbox 869 2187 974 2259; x_wconf 89' lang='lat' dir='ltr'><strong>initio</strong></span> <span class='ocrx_word' id='word_1_105' title='bbox 991 2187 1095 2285; x_wconf 90' lang='lat' dir='ltr'><strong>regni</strong></span> <span class='ocrx_word' id='word_1_106' title='bbox 1113 2185 1165 2256; x_wconf 91' lang='lat' dir='ltr'><strong>sui</strong></span> <span class='ocrx_word' id='word_1_107' title='bbox 1180 2208 1263 2282; x_wconf 89' lang='lat' dir='ltr'><strong>per-</strong></span> 
     </span>
     <span class='ocr_line' id='line_1_17' title="bbox 188 2300 1261 2402; baseline -0.002 -27"><span class='ocrx_word' id='word_1_108' title='bbox 188 2305 350 2377; x_wconf 90' lang='lat' dir='ltr'><strong>suasione</strong></span> <span class='ocrx_word' id='word_1_109' title='bbox 367 2303 572 2377; x_wconf 87' lang='lat' dir='ltr'><strong>Flambardi</strong></span> <span class='ocrx_word' id='word_1_110' title='bbox 590 2304 765 2394; x_wconf 87' lang='lat' dir='ltr'><strong>abolevit,</strong></span> <span class='ocrx_word' id='word_1_111' title='bbox 785 2321 821 2377; x_wconf 88' lang='lat' dir='ltr'><strong>et</strong></span> <span class='ocrx_word' id='word_1_112' title='bbox 833 2304 1153 2402; x_wconf 87' lang='lat' dir='ltr'><strong>metropolitanam</strong></span> <span class='ocrx_word' id='word_1_113' title='bbox 1170 2300 1261 2373; x_wconf 87' lang='lat' dir='ltr'><strong>Gan-</strong></span> 
     </span>
     <span class='ocr_line' id='line_1_18' title="bbox 189 2419 1259 2520; baseline -0.005 -27"><span class='ocrx_word' id='word_1_114' title='bbox 189 2423 314 2494; x_wconf 83' lang='lat' dir='ltr'><strong>tnariae</strong></span> <span class='ocrx_word' id='word_1_115' title='bbox 333 2421 452 2494; x_wconf 90' lang='lat' dir='ltr'><strong>sedem</strong></span> <span class='ocrx_word' id='word_1_116' title='bbox 466 2425 541 2494; x_wconf 92' lang='lat' dir='ltr'><strong>sine</strong></span> <span class='ocrx_word' id='word_1_117' title='bbox 560 2422 730 2520; x_wconf 84' lang='lat' dir='ltr'><strong>pontifice</strong></span> <span class='ocrx_word' id='word_1_118' title='bbox 748 2422 863 2495; x_wconf 89' lang='lat' dir='ltr'><strong>tribus</strong></span> <span class='ocrx_word' id='word_1_119' title='bbox 876 2423 980 2493; x_wconf 90' lang='lat' dir='ltr'><strong>annis</strong></span> <span class='ocrx_word' id='word_1_120' title='bbox 997 2446 1069 2494; x_wconf 91' lang='lat' dir='ltr'><strong>esse</strong></span> <span class='ocrx_word' id='word_1_121' title='bbox 1083 2419 1167 2492; x_wconf 87' lang='lat' dir='ltr'><strong>lecit</strong></span> <span class='ocrx_word' id='word_1_122' title='bbox 1184 2421 1199 2515; x_wconf 77' lang='grc'><em>&lt;</em></span> <span class='ocrx_word' id='word_1_123' title='bbox 1206 2420 1259 2517; x_wconf 84' lang='grc' dir='ltr'><strong>ι),</strong></span> 
     </span>
     <span class='ocr_line' id='line_1_19' title="bbox 185 2538 1261 2639; baseline -0.003 -28"><span class='ocrx_word' id='word_1_124' title='bbox 185 2541 331 2639; x_wconf 87' lang='lat' dir='ltr'><strong>ejusque</strong></span> <span class='ocrx_word' id='word_1_125' title='bbox 345 2538 504 2611; x_wconf 89' lang='lat' dir='ltr'><strong>redditus</strong></span> <span class='ocrx_word' id='word_1_126' title='bbox 517 2541 587 2611; x_wconf 94' lang='lat' dir='ltr'><strong>suis</strong></span> <span class='ocrx_word' id='word_1_127' title='bbox 601 2539 773 2612; x_wconf 89' lang='lat' dir='ltr'><strong>thesauris</strong></span> <span class='ocrx_word' id='word_1_128' title='bbox 788 2541 923 2612; x_wconf 90' lang='lat' dir='ltr'><strong>intulit.</strong></span> <span class='ocrx_word' id='word_1_129' title='bbox 937 2541 1114 2638; x_wconf 87' lang='lat' dir='ltr'><strong>lnjustum</strong></span> <span class='ocrx_word' id='word_1_130' title='bbox 1127 2539 1261 2636; x_wconf 91' lang='lat' dir='ltr'><strong>quippe</strong></span> 
     </span>
    </p>
   </div>
   <div class='ocr_carea' id='block_1_3' title="bbox 184 2654 1308 3810">
    <p class='ocr_par' dir='ltr' id='par_1_3' title="bbox 184 2654 1308 3810">
     <span class='ocr_line' id='line_1_20' title="bbox 185 2654 1262 2756; baseline -0.002 -28"><span class='ocrx_word' id='word_1_131' title='bbox 185 2655 343 2746; x_wconf 83' lang='lat' dir='ltr'><strong>videtur,</strong></span> <span class='ocrx_word' id='word_1_132' title='bbox 377 2660 550 2756; x_wconf 89' lang='lat' dir='ltr'><strong>omnique</strong></span> <span class='ocrx_word' id='word_1_133' title='bbox 575 2659 709 2730; x_wconf 88' lang='lat' dir='ltr'><strong>rationi</strong></span> <span class='ocrx_word' id='word_1_134' title='bbox 737 2658 961 2732; x_wconf 87' lang='lat' dir='ltr'><strong>contrarium</strong></span> <span class='ocrx_word' id='word_1_135' title='bbox 990 2673 1031 2729; x_wconf 92' lang='lat' dir='ltr'><strong>ut</strong></span> <span class='ocrx_word' id='word_1_136' title='bbox 1057 2655 1158 2754; x_wconf 90' lang='lat' dir='ltr'><strong>quod</strong></span> <span class='ocrx_word' id='word_1_137' title='bbox 1186 2654 1262 2726; x_wconf 87' lang='lat' dir='ltr'><strong>Deo</strong></span> 
     </span>
     <span class='ocr_line' id='line_1_21' title="bbox 185 2769 1260 2870; baseline -0.005 -25"><span class='ocrx_word' id='word_1_138' title='bbox 185 2770 312 2845; x_wconf 92' lang='lat' dir='ltr'><strong>datum</strong></span> <span class='ocrx_word' id='word_1_139' title='bbox 328 2788 380 2843; x_wconf 89' lang='lat' dir='ltr'><strong>est</strong></span> <span class='ocrx_word' id='word_1_140' title='bbox 397 2772 556 2844; x_wconf 85' lang='lat' dir='ltr'><strong>fidelium</strong></span> <span class='ocrx_word' id='word_1_141' title='bbox 572 2772 785 2845; x_wconf 88' lang='lat' dir='ltr'><strong>liberalitate</strong></span> <span class='ocrx_word' id='word_1_142' title='bbox 798 2773 1024 2870; x_wconf 90' lang='lat' dir='ltr'><strong>principum,</strong></span> <span class='ocrx_word' id='word_1_143' title='bbox 1045 2770 1102 2842; x_wconf 76' lang='lat' dir='ltr'><strong>rel</strong></span> <span class='ocrx_word' id='word_1_144' title='bbox 1117 2769 1260 2842; x_wconf 88' lang='lat' dir='ltr'><strong>solertia</strong></span> 
     </span>
     <span class='ocr_line' id='line_1_22' title="bbox 184 2888 1260 2987; baseline -0.003 -25"><span class='ocrx_word' id='word_1_145' title='bbox 184 2888 473 2987; x_wconf 89' lang='lat' dir='ltr'><strong>dispensatorum</strong></span> <span class='ocrx_word' id='word_1_146' title='bbox 497 2890 741 2963; x_wconf 86' lang='lat' dir='ltr'><strong>ecclesiasticae</strong></span> <span class='ocrx_word' id='word_1_147' title='bbox 770 2893 822 2963; x_wconf 87' lang='lat' dir='ltr'><strong>rei</strong></span> <span class='ocrx_word' id='word_1_148' title='bbox 850 2890 1078 2962; x_wconf 87' lang='lat' dir='ltr'><strong>laudabiliter</strong></span> <span class='ocrx_word' id='word_1_149' title='bbox 1104 2906 1156 2961; x_wconf 91' lang='lat' dir='ltr'><strong>est</strong></span> <span class='ocrx_word' id='word_1_150' title='bbox 1181 2915 1260 2960; x_wconf 90' lang='lat' dir='ltr'><strong>auc·</strong></span> 
     </span>
     <span class='ocr_line' id='line_1_23' title="bbox 188 3005 1262 3095; baseline -0.001 -18"><span class='ocrx_word' id='word_1_151' title='bbox 188 3023 286 3095; x_wconf 91' lang='lat' dir='ltr'><strong>tum,</strong></span> <span class='ocrx_word' id='word_1_152' title='bbox 305 3005 424 3078; x_wconf 89' lang='lat' dir='ltr'><strong>denuo</strong></span> <span class='ocrx_word' id='word_1_153' title='bbox 437 3005 504 3077; x_wconf 89' lang='lat' dir='ltr'><strong>sub</strong></span> <span class='ocrx_word' id='word_1_154' title='bbox 518 3007 631 3079; x_wconf 88' lang='lat' dir='ltr'><strong>laicali</strong></span> <span class='ocrx_word' id='word_1_155' title='bbox 645 3033 756 3079; x_wconf 90' lang='lat' dir='ltr'><strong>manu</strong></span> <span class='ocrx_word' id='word_1_156' title='bbox 769 3007 988 3094; x_wconf 86' lang='lat' dir='ltr'><strong>retrahatur,</strong></span> <span class='ocrx_word' id='word_1_157' title='bbox 1005 3025 1041 3079; x_wconf 89' lang='lat' dir='ltr'><strong>et</strong></span> <span class='ocrx_word' id='word_1_158' title='bbox 1055 3008 1092 3077; x_wconf 92' lang='lat' dir='ltr'><strong>in</strong></span> <span class='ocrx_word' id='word_1_159' title='bbox 1112 3005 1262 3078; x_wconf 80' lang='lat' dir='ltr'><strong>nefarios</strong></span> 
     </span>
     <span class='ocr_line' id='line_1_24' title="bbox 189 3121 1308 3203; baseline -0.003 -7"><span class='ocrx_word' id='word_1_160' title='bbox 189 3124 312 3196; x_wconf 82' lang='lat' dir='ltr'><strong>saeculi</strong></span> <span class='ocrx_word' id='word_1_161' title='bbox 337 3149 419 3194; x_wconf 90' lang='lat' dir='ltr'><strong>usus</strong></span> <span class='ocrx_word' id='word_1_162' title='bbox 443 3122 674 3203; x_wconf 87' lang='lat' dir='ltr'><strong>distrahatur.</strong></span> <span class='ocrx_word' id='word_1_163' title='bbox 699 3122 949 3196; x_wconf 87' lang='lat' dir='ltr'><strong>Indubitanter</strong></span> <span class='ocrx_word' id='word_1_164' title='bbox 972 3121 1192 3195; x_wconf 87' lang='lat' dir='ltr'><strong>eredendum</strong></span> <span class='ocrx_word' id='word_1_165' title='bbox 1211 3138 1264 3194; x_wconf 86' lang='lat' dir='ltr'><strong>est</strong></span> <span class='ocrx_word' id='word_1_166' title='bbox 1306 3149 1308 3151; x_wconf 68' lang='grc'><strong><em>’</em></strong></span> 
     </span>
     <span class='ocr_line' id='line_1_25' title="bbox 190 3235 1260 3340; baseline 0.001 -30"><span class='ocrx_word' id='word_1_167' title='bbox 190 3235 291 3339; x_wconf 90' lang='lat' dir='ltr'><strong>quod</strong></span> <span class='ocrx_word' id='word_1_168' title='bbox 297 3292 310 3326; x_wconf 94' lang='lat'><strong>,</strong></span> <span class='ocrx_word' id='word_1_169' title='bbox 330 3240 420 3313; x_wconf 90' lang='lat' dir='ltr'><strong>sicut</strong></span> <span class='ocrx_word' id='word_1_170' title='bbox 439 3240 508 3328; x_wconf 93' lang='lat' dir='ltr'><strong>illi,</strong></span> <span class='ocrx_word' id='word_1_171' title='bbox 528 3242 589 3338; x_wconf 90' lang='lat' dir='ltr'><strong>qui</strong></span> <span class='ocrx_word' id='word_1_172' title='bbox 609 3242 685 3314; x_wconf 89' lang='lat' dir='ltr'><strong>Deo</strong></span> <span class='ocrx_word' id='word_1_173' title='bbox 702 3239 746 3313; x_wconf 94' lang='lat' dir='ltr'><strong>de</strong></span> <span class='ocrx_word' id='word_1_174' title='bbox 764 3242 833 3313; x_wconf 91' lang='lat' dir='ltr'><strong>suis</strong></span> <span class='ocrx_word' id='word_1_175' title='bbox 846 3240 974 3339; x_wconf 92' lang='lat' dir='ltr'><strong>opibus</strong></span> <span class='ocrx_word' id='word_1_176' title='bbox 990 3243 1048 3340; x_wconf 93' lang='lat' dir='ltr'><strong>pie</strong></span> <span class='ocrx_word' id='word_1_177' title='bbox 1065 3239 1260 3325; x_wconf 89' lang='lat' dir='ltr'><strong>dederunt,</strong></span> 
     </span>
     <span class='ocr_line' id='line_1_26' title="bbox 187 3355 1263 3456; baseline 0.002 -27"><span class='ocrx_word' id='word_1_178' title='bbox 187 3358 262 3456; x_wconf 87' lang='lat' dir='ltr'><strong>jam</strong></span> <span class='ocrx_word' id='word_1_179' title='bbox 289 3355 565 3430; x_wconf 88' lang='lat' dir='ltr'><strong>retributionem</strong></span> <span class='ocrx_word' id='word_1_180' title='bbox 591 3359 804 3432; x_wconf 87' lang='lat' dir='ltr'><strong>meritorum</strong></span> <span class='ocrx_word' id='word_1_181' title='bbox 834 3359 992 3432; x_wconf 88' lang='lat' dir='ltr'><strong>donante</strong></span> <span class='ocrx_word' id='word_1_182' title='bbox 1017 3360 1092 3431; x_wconf 88' lang='lat' dir='ltr'><strong>lleo</strong></span> <span class='ocrx_word' id='word_1_183' title='bbox 1115 3382 1263 3455; x_wconf 88' lang='lat' dir='ltr'><strong>recepe-</strong></span> 
     </span>
     <span class='ocr_line' id='line_1_27' title="bbox 192 3460 1264 3573; baseline 0 -28"><span class='ocrx_word' id='word_1_184' title='bbox 192 3487 303 3563; x_wconf 86' lang='lat' dir='ltr'><strong>runt,</strong></span> <span class='ocrx_word' id='word_1_185' title='bbox 323 3460 373 3544; x_wconf 80' lang='lat' dir='ltr'><strong>sic</strong></span> <span class='ocrx_word' id='word_1_186' title='bbox 393 3474 555 3573; x_wconf 90' lang='lat' dir='ltr'><strong>sacrilegi</strong></span> <span class='ocrx_word' id='word_1_187' title='bbox 573 3501 757 3548; x_wconf 90' lang='lat' dir='ltr'><strong>sacrorum</strong></span> <span class='ocrx_word' id='word_1_188' title='bbox 774 3477 953 3548; x_wconf 86' lang='lat' dir='ltr'><strong>invasores</strong></span> <span class='ocrx_word' id='word_1_189' title='bbox 971 3478 1089 3548; x_wconf 89' lang='lat' dir='ltr'><strong>ultore</strong></span> <span class='ocrx_word' id='word_1_190' title='bbox 1104 3476 1181 3547; x_wconf 89' lang='lat' dir='ltr'><strong>Deo</strong></span> <span class='ocrx_word' id='word_1_191' title='bbox 1193 3502 1264 3572; x_wconf 92' lang='lat' dir='ltr'><strong>pu-</strong></span> 
     </span>
     <span class='ocr_line' id='line_1_28' title="bbox 193 3590 1262 3693; baseline 0 -32"><span class='ocrx_word' id='word_1_192' title='bbox 193 3590 355 3678; x_wconf 89' lang='lat' dir='ltr'><strong>nientur,</strong></span> <span class='ocrx_word' id='word_1_193' title='bbox 372 3591 591 3691; x_wconf 90' lang='lat' dir='ltr'><strong>opibusque,</strong></span> <span class='ocrx_word' id='word_1_194' title='bbox 608 3619 694 3693; x_wconf 88' lang='lat' dir='ltr'><strong>quas</strong></span> <span class='ocrx_word' id='word_1_195' title='bbox 721 3594 849 3692; x_wconf 89' lang='lat' dir='ltr'><strong>injuste</strong></span> <span class='ocrx_word' id='word_1_196' title='bbox 868 3592 1074 3690; x_wconf 90' lang='lat' dir='ltr'><strong>possident,</strong></span> <span class='ocrx_word' id='word_1_197' title='bbox 1092 3619 1174 3664; x_wconf 87' lang='lat' dir='ltr'><strong>curn</strong></span> <span class='ocrx_word' id='word_1_198' title='bbox 1186 3593 1262 3692; x_wconf 89' lang='lat' dir='ltr'><strong>jugi</strong></span> 
     </span>
     <span class='ocr_line' id='line_1_29' title="bbox 192 3707 1261 3810; baseline 0.002 -30"><span class='ocrx_word' id='word_1_199' title='bbox 192 3707 366 3783; x_wconf 90' lang='lat' dir='ltr'><strong>dedecore</strong></span> <span class='ocrx_word' id='word_1_200' title='bbox 382 3709 644 3807; x_wconf 89' lang='lat' dir='ltr'><strong>spoliabuntur.</strong></span> <span class='ocrx_word' id='word_1_201' title='bbox 662 3712 928 3810; x_wconf 89' lang='lat' dir='ltr'><strong>Omnipotentis</strong></span> <span class='ocrx_word' id='word_1_202' title='bbox 941 3712 1038 3783; x_wconf 91' lang='lat' dir='ltr'><strong>enim</strong></span> <span class='ocrx_word' id='word_1_203' title='bbox 1056 3711 1112 3782; x_wconf 87' lang='lat' dir='ltr'><strong>lex</strong></span> <span class='ocrx_word' id='word_1_204' title='bbox 1129 3727 1261 3782; x_wconf 74' lang='lat' dir='ltr'><strong>aeterna</strong></span> 
     </span>
    </p>
   </div>
   <div class='ocr_carea' id='block_1_4' title="bbox 850 3904 1257 3914">
    <p class='ocr_par' dir='ltr' id='par_1_4' title="bbox 850 3904 1257 3914">
     <span class='ocr_line' id='line_1_30' title="bbox 850 3904 1257 3914; baseline -0.002 -1"><span class='ocrx_word' id='word_1_205' title='bbox 850 3904 1257 3914; x_wconf 41' lang='grc' dir='ltr'>..θ-...ΨΜ</span> 
     </span>
    </p>
   </div>
   <div class='ocr_carea' id='block_1_5' title="bbox 195 4014 1264 4267">
    <p class='ocr_par' dir='ltr' id='par_1_5' title="bbox 195 4014 1264 4267">
     <span class='ocr_line' id='line_1_31' title="bbox 225 4014 1264 4091; baseline 0 -23"><span class='ocrx_word' id='word_1_206' title='bbox 225 4017 265 4086; x_wconf 82' lang='lat' dir='ltr'><strong>(r)</strong></span> <span class='ocrx_word' id='word_1_207' title='bbox 278 4014 314 4071; x_wconf 82' lang='lat'><strong>28</strong></span> <span class='ocrx_word' id='word_1_208' title='bbox 329 4019 382 4069; x_wconf 86' lang='lat' dir='ltr'><strong>mai</strong></span> <span class='ocrx_word' id='word_1_209' title='bbox 401 4017 500 4089; x_wconf 71' lang='lat' dir='ltr'><strong>1089-tt</strong></span> <span class='ocrx_word' id='word_1_210' title='bbox 513 4037 586 4071; x_wconf 79' lang='lat' dir='ltr'><strong>niars</strong></span> <span class='ocrx_word' id='word_1_211' title='bbox 603 4016 677 4091; x_wconf 77' lang='lat'>1093.</span> <span class='ocrx_word' id='word_1_212' title='bbox 697 4019 802 4073; x_wconf 84' lang='lat' dir='ltr'><strong>Encore</strong></span> <span class='ocrx_word' id='word_1_213' title='bbox 815 4017 929 4072; x_wconf 90' lang='lat' dir='ltr'><strong>sallut-il</strong></span> <span class='ocrx_word' id='word_1_214' title='bbox 944 4018 966 4071; x_wconf 86' lang='lat' dir='ltr'><strong>la</strong></span> <span class='ocrx_word' id='word_1_215' title='bbox 981 4020 1169 4073; x_wconf 71' lang='lat' dir='ltr'><strong>circonstans-c</strong></span> <span class='ocrx_word' id='word_1_216' title='bbox 1181 4017 1264 4072; x_wconf 83' lang='lat' dir='ltr'><strong>‹l&#39;unc</strong></span> 
     </span>
     <span class='ocr_line' id='line_1_32' title="bbox 195 4103 1264 4178; baseline 0.003 -21"><span class='ocrx_word' id='word_1_217' title='bbox 195 4103 312 4159; x_wconf 70' lang='lat' dir='ltr'><strong>maledie</strong></span> <span class='ocrx_word' id='word_1_218' title='bbox 333 4121 413 4175; x_wconf 82' lang='lat' dir='ltr'><strong>grave</strong></span> <span class='ocrx_word' id='word_1_219' title='bbox 431 4116 458 4157; x_wconf 81' lang='lat' dir='ltr'><strong>et</strong></span> <span class='ocrx_word' id='word_1_220' title='bbox 475 4105 510 4159; x_wconf 85' lang='lat' dir='ltr'><strong>de</strong></span> <span class='ocrx_word' id='word_1_221' title='bbox 527 4105 550 4158; x_wconf 88' lang='lat' dir='ltr'><strong>la</strong></span> <span class='ocrx_word' id='word_1_222' title='bbox 569 4106 690 4159; x_wconf 82' lang='lat' dir='ltr'><strong>violence</strong></span> <span class='ocrx_word' id='word_1_223' title='bbox 708 4124 762 4178; x_wconf 84' lang='lat' dir='ltr'><strong>quc</strong></span> <span class='ocrx_word' id='word_1_224' title='bbox 780 4106 817 4160; x_wconf 91' lang='lat' dir='ltr'><strong>lui</strong></span> <span class='ocrx_word' id='word_1_225' title='bbox 837 4107 918 4161; x_wconf 79' lang='lat' dir='ltr'><strong>sirent</strong></span> <span class='ocrx_word' id='word_1_226' title='bbox 933 4125 974 4161; x_wconf 83' lang='lat' dir='ltr'><strong>scs</strong></span> <span class='ocrx_word' id='word_1_227' title='bbox 989 4109 1149 4173; x_wconf 71' lang='lat' dir='ltr'><strong>servitanus,</strong></span> <span class='ocrx_word' id='word_1_228' title='bbox 1166 4124 1264 4177; x_wconf 83' lang='lat' dir='ltr'><strong>poury</strong></span> 
     </span>
     <span class='ocr_line' id='line_1_33' title="bbox 195 4186 1216 4267; baseline 0.009 -23"><span class='ocrx_word' id='word_1_229' title='bbox 195 4194 308 4267; x_wconf 81' lang='lat' dir='ltr'><strong>appeler</strong></span> <span class='ocrx_word' id='word_1_230' title='bbox 320 4197 390 4248; x_wconf 89' lang='lat' dir='ltr'><strong>saint</strong></span> <span class='ocrx_word' id='word_1_231' title='bbox 406 4195 548 4265; x_wconf 77' lang='lat' dir='ltr'><strong>Anselme,</strong></span> <span class='ocrx_word' id='word_1_232' title='bbox 564 4215 672 4251; x_wconf 83' lang='lat' dir='ltr'><strong>eornme</strong></span> <span class='ocrx_word' id='word_1_233' title='bbox 684 4216 719 4252; x_wconf 91' lang='lat' dir='ltr'><strong>on</strong></span> <span class='ocrx_word' id='word_1_234' title='bbox 735 4217 764 4250; x_wconf 84' lang='lat' dir='ltr'><strong>va</strong></span> <span class='ocrx_word' id='word_1_235' title='bbox 781 4196 805 4250; x_wconf 88' lang='lat' dir='ltr'><strong>lc</strong></span> <span class='ocrx_word' id='word_1_236' title='bbox 819 4199 886 4252; x_wconf 84' lang='lat' dir='ltr'><strong>roir.</strong></span> <span class='ocrx_word' id='word_1_237' title='bbox 1209 4186 1216 4204; x_wconf 58' lang='lat'><strong>⁴</strong></span> 
     </span>
    </p>
   </div>
   <div class='ocr_carea' id='block_1_6' title="bbox 0 0 1452 4934">
    <p class='ocr_par' dir='ltr' id='par_1_6' title="bbox 0 0 1452 4934">
     <span class='ocr_line' id='line_1_34' title="bbox 0 0 1452 4934; baseline 0 0"><span class='ocrx_word' id='word_1_238' title='bbox 0 0 1452 4934; x_wconf 95' lang='lat' dir='ltr'><strong> </strong></span> 
     </span>
    </p>
   </div>
  </div>
 </body>
</html>
