2888 4934
271 470 331 529 262
549 465 734 525 HlSTORlA
756 465 1061 527 Ecctetmsrtcs.
1131 470 1330 546 [ruer-tots]

269 598 390 672 statim
404 595 449 670 de
464 597 638 696 praetorio
654 598 769 696 ejecit.
787 598 865 671 Hoc
881 622 1025 698 quoque
1040 599 1124 671 lecit
1138 599 1330 685 bellisme,

270 731 306 788 et
327 711 496 787 omnibus
514 712 591 785 aliis
610 714 761 786 castellis
779 717 870 804 suis,
887 731 922 788 et
941 739 1015 788 non
1034 715 1151 788 solnm
1171 717 1264 805 suis,
1282 715 1335 788 ssd

270 846 306 904 et
321 832 359 903 in
373 829 577 903 vicinorum
590 854 757 920 suorum,
777 855 867 932 quos
882 831 949 904 sibi
964 856 1066 930 pares
1078 829 1337 932 dedignabatur

271 946 420 1034 habere,
452 947 677 1046 municipiis,
709 973 791 1047 quae
819 964 880 1020 ant
910 949 1123 1022 intromissis
1149 946 1337 1022 clientibus

269 1066 341 1139 suis
367 1062 433 1136 sibi
451 1062 673 1164 subjugavit,
693 1081 755 1138 aut
783 1067 947 1164 penitus,
971 1090 1020 1138 ne
1050 1063 1116 1137 sibi
1147 1063 1339 1166 aliquando

270 1180 433 1255 resistere
453 1196 614 1280 possent,
634 1180 824 1254 destruxit.
844 1181 1056 1255 Guillelmns
1071 1182 1201 1272 etiam,
1224 1206 1341 1256 eomes

270 1297 520 1385 Ebroicensis,
539 1296 583 1370 de
606 1297 785 1398 dangione
800 1299 917 1399 regios
942 1299 1080 1398 expulit
1093 1298 1339 1388 excubitores,

268 1432 306 1488 et
329 1414 543 1497 Guillelmus
566 1414 611 1487 de
635 1414 809 1503 Britolio,
836 1442 877 1489 ac
897 1414 1065 1488 liedulfus
1094 1413 1139 1489 dc
1162 1412 1338 1503 Conclais,

269 1533 401 1634 aliique
422 1556 547 1607 omnes
568 1534 606 1606 in
625 1560 687 1605 sua
706 1532 844 1607 ditione
864 1533 1081 1633 redegerunt
1099 1532 1339 1619 munitiones;

269 1669 310 1726 ut
330 1653 572 1753 unusquisqne
594 1651 708 1725 libere
726 1667 843 1751 posset
860 1669 986 1725 contra
1006 1652 1167 1724 vicinum
1185 1672 1293 1722 snum
1307 1666 1341 1722 et
1440 1719 1444 1724 .

269 1768 553 1843 collimitaneum
581 1791 748 1842 exercere
784 1769 987 1842 inimicitias
1016 1766 1254 1841 damnabiles.
1285 1768 1342 1840 Sic
1359 1806 1436 1859 ζ)

269 1911 436 1986 proceres
461 1886 637 1959 Neustriae
659 1885 704 1959 de
727 1887 990 1960 munitionibus
1010 1886 1081 1958 suis
1100 1910 1228 1959 omnes
1250 1885 1388 1984 regis&
1408 1908 1440 1928 ³

269 2002 430 2077 custodes
456 2005 695 2103 expulerunt,
713 2005 940 2103 patriamque
968 2003 1354 2102 divitiis-opulenta·-
1389 2057 1443 2091 ,1

267 2120 425 2220 propriis
445 2118 583 2194 viribus
603 2118 761 2194 vicissim
782 2120 1067 2218 expoliaverunt.
1086 2118 1180 2218 Opes
1202 2119 1320 2219 itaque
1346 2156 1438 2215 Q

267 2224 354 2339 quas
391 2236 518 2338 Anglis
547 2238 695 2338 aliisque
724 2234 890 2336 gentibus
915 2237 1093 2317 violenter
1123 2229 1443 2343 rapuerunt-‘uss'

267 2357 401 2429 merito
420 2355 619 2428 latrociniis
636 2370 674 2427 et
689 2356 826 2453 rapinis
843 2353 1092 2454 perdiderunt.

230 2531 235 2543 .
315 2471 449 2545 Omnes
470 2470 597 2545 ducem
612 2471 839 2546 Rodbertum
857 2471 1007 2545 mollem
1021 2496 1093 2545 esse
1111 2470 1434 2574 desidemqm,

267 2573 550 2690 cognoscebant,
568 2606 604 2662 et
620 2588 756 2663 idcirco
772 2589 966 2664 facinorosi
981 2592 1064 2663 cum
1077 2584 1310 2687 despicieban·
1321 2610 1425 2685 gt,

265 2723 303 2782 et
330 2734 400 2807 pro
429 2707 535 2781 libitu
561 2734 626 2782 suo
654 2707 796 2781 dolosas
823 2708 994 2781 sactiones
1020 2705 1221 2806 agitabant.
1254 2706 1422 2781 Et-:ut

266 2826 400 2927 quippe
427 2824 521 2898 idem
547 2823 621 2897 dux
643 2804 820 2897 andax'et
843 2822 999 2912 validus,
1026 2824 1214 2932 multaque
1240 2823 1418 2896 lau-dds

251 2937 415 3038 dignus,
429 2940 574 3040 eloquio
584 2938 774 3029 facundus,
790 2938 902 3014 sedin
921 2941 1098 3041 regimine
1111 2941 1166 3015 sui
1179 2965 1415 3015 suorutus

264 3083 336 3156 que
350 3046 654 3146 inconsideratus,
675 3059 711 3131 in
725 3057 911 3159 erogando
925 3056 1118 3157 prodigus,
1137 3058 1176 3130 in
1189 3055 1411 3157 pron-it·

266 3172 376 3248 tendo
401 3173 571 3265 diffusus,
606 3175 651 3249 ad
685 3175 935 3249 mentiendum
968 3176 1055 3248 levis
1088 3191 1125 3248 et
1155 3176 1405 3258 insnum,

267 3290 470 3365 misericors
491 3292 730 3392 supplicibus,
758 3292 802 3366 ad
822 3292 997 3393 justitiam
1014 3286 1272 3395 super'iniquo
1287 3286 1402 3366 :2⁶8-

265 3406 430 3484 ciendam
443 3410 565 3484 mollis
579 3428 616 3484 et
630 3427 848 3499 mansuetus,
867 3411 902 3483 in
919 3408 1129 3484 definitione
1140 3403 1390 3495 mutabissl't

265 3527 304 3600 in
318 3529 590 3601 conuersatione
604 3527 773 3602 omnibus
787 3529 894 3601 nimis
906 3526 1060 3600 blandus
1070 3541 1107 3599 et
1121 3522 1379 3610 tractabilis,

267 3642 417 3747 ideoque
429 3646 606 3743 perversis
616 3660 652 3718 et
665 3641 1151 3742 insipientibusdespicabilis
1160 3671 1172 3733 3
1188 3663 1368 3743 corp-ore

265 3756 1353 3859 autembrevisetgrossus,ideoqueBrevisOcrea(1)apatre

265 3886 318 3944 est
329 3876 618 3972 cognominatus.
633 3875 711 3974 lpse
725 3876 864 3949 cunctis
877 3876 1018 3975 placere
1029 3872 1217 3964 studebat,
1236 3897 1335 3948 cunr

266 3988 495 4090 tisqnequod
515 3991 685 4090 petebant
702 4008 764 4066 aut
780 3992 905 4082 dabat,
927 4008 988 4065 aut
1005 3989 1265 4090 promittebat,
1284 3989 1326 4064 sel

264 4108 495 4182 concedebat.
512 4109 703 4211 Prodigus,
719 4111 922 4186 dominium
938 4127 1084 4209 patrum
1094 4135 1318 4208 suorumque

302 4373 340 4435 (1)
357 4370 580 4425 esurie-Hense.
