2872 4920
187 411 337 485 [inuare
353 407 445 484 soor]
583 403 700 465 irnnn
722 363 859 462 nonus.
1193 401 1254 462 sor

187 544 307 625 testis,
333 537 372 608 in
390 540 455 608 oia
475 533 591 631 gelidi
612 562 637 607 a
654 530 912 608 consodalibus
937 529 1051 603 relicti
1067 545 1162 602 sunt.
1182 530 1255 603 His

187 661 241 728 ita
253 656 434 756 peractis,
454 655 493 724 in
512 655 674 727 tentoriis
697 675 977 753 commoramur,
1001 648 1258 748 auxiliumque

186 789 346 845 cestrum
368 787 403 842 et
420 770 610 843 consilium
631 768 914 871 preestolamur5
932 793 1023 866 quos
1039 764 1162 838 adbuc
1183 791 1258 839 non

186 888 306 962 hostes
312 944 325 977 ,
343 887 412 960 sed
427 887 609 987 legitimos
627 887 802 985 hospites,
824 887 1056 958 arbitramur.

235 1006 321 1080 Haec
335 1020 371 1077 et
388 1005 444 1076 his
460 1006 591 1078 similia
609 1003 742 1078 Tobias
758 1020 798 1077 ut
814 1001 967 1092 audivit,
984 1001 1123 1076 ricinos
1139 1014 1256 1074 astan-

186 1140 239 1195 tes
258 1148 420 1196 seorsum
438 1123 581 1212 ascivit,
600 1138 637 1196 et
653 1122 757 1195 brevi
774 1147 856 1194 usus
880 1120 1080 1220 colloquio,
1100 1118 1257 1192 Francos

186 1242 260 1313 cito
275 1240 437 1338 repetiit.
452 1241 539 1315 Non
556 1240 697 1330 multis,
718 1240 855 1339 inquit,
875 1264 966 1338 opus
982 1254 1035 1310 est
1047 1235 1184 1325 cerbis,
1204 1237 1258 1309 in·

186 1358 274 1455 clyti
285 1358 417 1430 milites
422 1386 435 1445 ,·
447 1359 600 1458 pacifici
611 1385 709 1431 nunc
722 1373 910 1458 expectate
923 1382 988 1428 nos
1001 1354 1078 1445 tic,
1093 1352 1259 1427 obsecra·

185 1501 266 1548 rnus
276 1532 288 1564 ,
323 1491 357 1546 et
386 1502 452 1547 nos
483 1478 521 1547 in
555 1475 641 1547 urbe
671 1490 825 1547 oestrum
853 1475 1034 1571 negotium
1066 1469 1260 1543 salubriter

185 1591 451 1665 exercebimus.
480 1593 543 1664 His
572 1594 619 1664 ita
648 1591 752 1666 dictis
782 1608 819 1665 et
854 1591 1026 1690 utrinque
1059 1587 1256 1679 concessis,

185 1706 292 1804 legati
313 1706 443 1780 urbem
475 1708 723 1796 intraverunt,
748 1723 785 1779 et
809 1706 1034 1781 convicaneis
1058 1704 1148 1792 suis,
1169 1700 1258 1803 quid

183 1821 365 1894 audierint
381 1824 436 1895 vel
463 1824 697 1923 agitaverint,
723 1823 979 1896 disseruerunt.
999 1819 1130 1894 Audita
1153 1845 1258 1892 ccm-

184 1938 343 2009 muniter
367 1937 625 2029 laudaverunt,
642 1956 798 2039 quatuor
813 1939 1004 2038 primarios
1027 1939 1065 2011 in
1083 1937 1256 2036 palatium

182 2053 283 2127 ducis
315 2057 588 2152 praemiserunt,
615 2071 653 2128 et
684 2056 750 2156 ipsi
783 2054 1004 2154 pedetentim
1037 2080 1119 2127 cum
1146 2054 1255 2126 armis

183 2173 365 2268 prosecuti
383 2188 480 2244 sunt.
502 2173 676 2246 Severum
689 2171 836 2260 ducem,
859 2173 896 2244 in
917 2171 997 2245 aula
1010 2171 1182 2270 privatim
1198 2195 1256 2245 se-

182 2287 348 2378 dentem,
373 2290 611 2381 invenerunt‚
638 2316 792 2391 eumque
813 2305 969 2390 quatuor
988 2289 1128 2388 priores
1149 2313 1254 2363 more

182 2406 290 2479 solito
308 2407 520 2498 salutantes,
537 2406 709 2482 dixerunt
729 2412 897 2509 :Ingenti
913 2409 1066 2482 consilio
1080 2434 1179 2481 nunc
1196 2413 1254 2481 irt-

183 2523 350 2620 digemus
358 2583 370 2615 ,
388 2528 478 2624 quia
491 2553 591 2600 nunc
604 2526 724 2600 hostes
736 2526 850 2599 valde
861 2529 1043 2613 timemur,
1058 2553 1147 2626 quos
1160 2525 1253 2600 liac-

183 2653 283 2711 tenus
283 2639 391 2732 fidos
406 2640 595 2741 adjutores
613 2641 822 2714 babuimus.
841 2642 981 2712 Franci
993 2667 1060 2715 nos
1073 2641 1256 2716 audacter

181 2757 368 2847 obsident,
388 2776 422 2830 et
439 2764 661 2859 impugnare
678 2787 745 2834 nos
763 2763 939 2833 atrociter
953 2758 1096 2830 ardent.
1115 2761 1255 2833 Prodi-

181 2891 274 2948 tores
298 2903 366 2949 nos
393 2876 604 2978 appellant,
624 2893 732 2979 atque
747 2876 802 2949 ad
818 2875 1003 2979 judicium
1022 2877 1190 2950 inritant.
1213 2882 1252 2952 A

180 2994 480 3066 commilitonibus
497 2996 594 3082 suis,
613 2994 661 3066 de
678 2993 802 3068 hostili
817 3011 912 3066 terra
926 2992 1017 3065 dum
1030 3010 1251 3087 remearent,

181 3109 311 3181 dicunt
323 3137 363 3183 se
376 3138 453 3184 esse
461 3111 644 3212 proditos,
658 3129 692 3185 et
704 3139 730 3184 a
744 3113 855 3186 sociis
868 3113 1068 3185 immanius
1081 3137 1193 3211 quam
1202 3112 1251 3186 ab

181 3225 342 3300 hostibus
357 3230 482 3302 laesos.
502 3230 606 3302 Unde
618 3231 694 3303 nisi
709 3227 961 3303 rectitudinem
974 3231 1029 3302 eis
1028 3226 1249 3327 fecerimus,

152 3430 155 3435 ι
180 3345 291 3416 minis
304 3371 372 3418 nos
390 3361 523 3418 terrent
538 3345 775 3436 terribilibus,
794 3344 896 3446 quod
911 3363 1037 3418 contra
1048 3371 1116 3419 nos
1129 3345 1250 3418 addu-

181 3478 263 3534 cent
287 3489 409 3537 omnes
436 3466 567 3565 copias
599 3464 794 3538 christiani
819 3465 1011 3536 exercitus.
1045 3463 1254 3536 Prudenter

182 3579 297 3677 igitur
318 3597 352 3653 et
379 3580 514 3654 utiliter
540 3581 776 3654 tractandum
792 3596 865 3669 est,
883 3608 929 3652 ne
945 3606 1165 3680 pereamus,
1182 3607 1254 3659 uec

180 3694 317 3793 injuste
335 3696 373 3767 in
395 3723 460 3768 nos
485 3696 749 3770 intolerabilem
778 3695 1064 3769 Christianorum
1076 3693 1249 3791 furorem

173 3837 427 3910 provocemus.
455 3815 621 3889 Proditio
644 3819 715 3887 ista
742 3814 844 3888 nobis
871 3813 1122 3914 ignorantibus
1130 3811 1249 3914 facta

179 3946 248 4021 est,
274 3932 504 4033 celeriterque
527 3950 667 4007 tantum
686 3932 792 4034 neffas
804 3932 1033 4035 puniendum
1056 3950 1122 4008 est.
1144 3935 1253 4011 Unde

180 4051 367 4121 communi
387 4052 522 4124 aicium
545 4053 724 4133 sententia
742 4067 910 4125 censetur
930 4069 968 4124 ut
989 4051 1094 4152 infidi
1112 4051 1249 4153 prodi·-

182 4182 276 4241 tores
294 4167 498 4242 secundum
512 4172 658 4270 priscas
684 4169 780 4269 leges
803 4171 973 4245 atrociter
980 4174 1195 4272 puniantur,
1214 4185 1248 4246 et
