2888 4934
206 394 245 451 98
482 388 663 449 mstnnn
686 387 989 451 ncctnsnmtci.
1184 392 1268 477 [au]

203 525 312 620 gonis
335 538 444 618 atque
466 521 691 593 Francorum
713 521 811 594 bunc
828 524 946 594 locum
958 520 1127 623 pluribus
1147 522 1265 599 modis

205 637 401 742 affligendo
419 640 561 735 puniit;
575 640 766 739 praecipue
786 640 802 736 (
811 639 912 738 quod
926 666 1037 738 supra
1055 643 1182 713 onmia
1197 640 1264 713 do-

204 757 350 829 lendum
361 756 427 854 est)
438 753 580 827 ossibus
591 752 690 827 beati
699 758 815 853 patris
826 754 971 855 Ebrulst
982 756 1141 856 aliisque
1150 757 1266 831 Sanc·

203 890 317 945 torrem
334 871 494 970 reliquiis
506 897 573 943 nos
584 873 753 971 priuauit.
773 871 889 944 Vobis
906 888 1045 959 autem,
1060 898 1151 973 quos
1162 878 1265 975 sequi

196 990 358 1090 pignora
375 988 495 1086 patris
516 988 633 1058 nostri
651 986 777 1075 uideo,
800 986 867 1059 linc
879 987 1049 1088 plurimis
1065 1014 1136 1088 pro
1152 1014 1263 1063 oocu-

199 1105 363 1180 sionibus
386 1102 572 1205 pmlubere
594 1129 668 1176 non
692 1103 834 1193 audeo,
861 1102 951 1203 quia
979 1121 1054 1177 tota
1082 1104 1164 1179 brea
1179 1107 1261 1205 jum

198 1223 341 1296 deserta
356 1236 410 1293 est
421 1221 540 1320 regio,
559 1237 593 1292 et
608 1224 701 1293 inter
714 1220 925 1293 bellantium
936 1248 1044 1295 arma
1052 1224 1262 1323 principum

199 1345 350 1415 inermes
375 1338 549 1413 cucullati
574 1355 698 1411 carent
721 1341 820 1413 nictu
848 1341 1064 1412 necessario.
1094 1346 1152 1411 Ite
1178 1364 1261 1413 curn

197 1459 267 1531 Dei
284 1456 546 1544 benedictione,
567 1472 600 1526 et
615 1455 771 1554 benigno
782 1458 907 1557 patri,
922 1457 990 1554 qui
1007 1481 1070 1529 uos
1087 1454 1260 1529 hactenus

197 1577 289 1647 aluit
302 1577 340 1646 in
357 1600 428 1646 sua
443 1574 605 1673 regione,
616 1571 935 1671 fideliterservitc,
951 1599 1033 1645 cum
1046 1599 1088 1645 eo
1098 1575 1257 1672 peregri·

195 1709 322 1765 nanus
345 1694 384 1764 in
400 1691 524 1764 aliena
545 1693 704 1788 regione.
728 1693 808 1788 Ego
832 1709 952 1763 utitem
977 1691 1181 1764 Uticensem
1203 1692 1258 1763 lo-

195 1837 278 1882 cum
294 1835 368 1882 non
381 1808 601 1909 relinquam,
618 1809 685 1882 sed
700 1810 777 1896 bic,
798 1809 858 1883 ubi
873 1810 996 1882 multis
1008 1808 1110 1881 bonis
1117 1811 1257 1910 potitus

193 1955 287 2016 sum,
307 1930 472 2000 Creatori
489 1954 567 2000 meo
580 1932 745 2016 serviam,
762 1953 827 2000 nec
840 1928 924 1999 inde
940 1925 1119 2026 quamdiu
1131 1928 1256 2001 uitalis

193 2045 295 2118 calor
306 2047 345 2117 in
358 2072 415 2118 me
417 2043 538 2143 fuerit
543 2102 556 2135 ,
577 2073 648 2117 non
662 2043 843 2118 recedam.
859 2046 944 2117 Scio
957 2045 1058 2143 quod
1067 2044 1185 2117 inulta
1200 2044 1259 2117 tte

192 2161 409 2236 Sanctorum
426 2167 654 2262 requiescunt
665 2188 830 2259 corpora,
843 2180 877 2234 et
890 2162 986 2233 bunc
998 2161 1116 2235 baum
1129 2179 1257 2237 saneto

184 2285 289 2381 patri
310 2279 516 2379 designauit
542 2283 637 2353 ‘nisio
666 2280 858 2376 angelica,
888 2279 954 2351 ubi
975 2306 1016 2351 se
1039 2278 1181 2353 deberet
1205 2279 1259 2353 ud

189 2396 383 2468 multorum
403 2396 686 2497 (edtflcationem
707 2400 745 2468 in
768 2397 951 2496 spirituali
969 2421 1137 2469 exercere
1156 2396 1256 2468 mili·

189 2506 254 2585 tiu.
274 2513 386 2587 Multi
389 2512 523 2614 fideles
538 2513 598 2586 bic
612 2514 798 2586 Altissimo
815 2515 911 2612 Regi
927 2511 1132 2584 obtulerunt
1146 2527 1256 2606 grata

186 2648 328 2705 sancta
355 2632 443 2703 vitre
469 2629 671 2717 libamina,·
695 2657 762 2730 pro
788 2628 918 2728 quibus
936 2630 1022 2729 jam
1047 2631 1086 2700 in
1111 2625 1256 2725 Elysiis

186 2748 334 2823 sedibus
358 2749 526 2822 coronati
544 2765 784 2849 perceperunt
798 2749 969 2846 prumia.
994 2745 1071 2817 Hic
1096 2742 1254 2817 inbono

186 2894 268 2966 spe,
284 2867 388 2940 uobis
406 2866 692 2955 discedentibus,
709 2864 919 2954 remanebo,
936 2863 1255 2962 locuntquesiiues·

185 3001 559 3072 trem,antecessorum
567 3011 722 3083 sequax,
734 2990 772 3056 in
781 2983 1082 3055 nomineDomini
1087 2980 1253 3066 servabo,

183 3096 300 3170 donec
314 3105 520 3197 prosperius
533 3099 638 3172 nobis
652 3115 792 3198 ternpus
804 3099 983 3187 arrideat,
999 3097 1160 3169 donante
1173 3098 1255 3196 ipso

183 3216 449 3288 dominantium
470 3219 641 3291 Domino.

232 3334 296 3406 His
307 3333 425 3423 dictis,
440 3335 561 3407 moesti
574 3334 701 3407 iratres
717 3332 930 3408 abinvicem
943 3333 1045 3406 divisi
1059 3347 1154 3404 eunt.
1178 3330 1253 3403 Uti·

183 3478 303 3527 tenses
321 3453 441 3552 itaque
456 3451 565 3526 modo
581 3469 618 3524 et
633 3455 779 3526 clientes
794 3478 921 3525 eorum
937 3450 1054 3524 tiatale
1070 3475 1132 3520 rus
1147 3446 1252 3521 dese-

183 3587 356 3658 ruerunt,
370 3587 408 3643 et
420 3571 578 3645 associati
597 3568 777 3658 hostibus,
795 3571 978 3668 plorantes
995 3594 1070 3641 ossa
1087 3566 1249 3665 magistri

182 3688 291 3761 secun
308 3704 406 3761 sunt.
427 3688 559 3761 Omnes
577 3689 710 3791 quippe
728 3704 800 3760 tam
817 3685 984 3761 monachi
1003 3710 1111 3786 quam
1127 3682 1250 3757 samnii

182 3828 308 3883 eorum
321 3805 396 3877 lere
409 3829 483 3879 xxx
495 3823 619 3893 erant,
638 3807 701 3907 qui
718 3803 924 3903 conglobati
941 3803 1132 3902 capellanis
1147 3799 1252 3899 pede·

181 3920 312 3995 *arigim
326 3918 570 3995 udhoerebant.
586 3924 702 3995 Porro
718 3924 781 4022 ipsi
797 3921 939 3995 eosdem
955 3920 1047 3992 bene
1061 3942 1254 4017 cognosce-

526 4064 540 4068 ··
573 4039 643 4111 illis
669 4039 946 4113 familiaritatem
973 4033 1252 4136 impendebant,

578 4152 749 4245 sidebant,
772 4173 812 4229 et
835 4182 881 4229 ne
903 4155 1060 4254 pretioso
1082 4152 1252 4226 thesauro
