2888 4934
186 416 293 492 [1108]
559 411 674 472 LIBER
695 411 882 473 OCTAVUS.
1193 415 1253 475 393

185 559 345 643 peccato.
356 548 402 614 In
413 544 512 613 tertio
525 569 535 614 ε
550 543 758 617 Misererem
772 545 818 617 ei.
833 553 878 617 ln
887 560 1017 645 quarto
1029 575 1038 616 z
1051 544 1251 643 Lacrymas.

185 662 330 734 litterae
347 657 493 760 quidem
512 659 828 761 optimejornratce
845 680 948 735 erant
969 662 1023 735 ad
1039 662 1253 762 legendum,

185 793 221 850 et
239 778 387 850 litterati
403 777 549 850 lectores
568 777 727 852 studiose
747 782 988 879 inquisierunt
1005 779 1116 880 luq'us
1133 784 1255 883 scrip-

186 911 279 967 turae
294 920 450 968 sensum.
472 897 523 966 Et
538 901 751 969 necessariis
768 896 1082 970 subauditionibus
1098 897 1254 989 additis,

186 1029 430 1113 exposuerunt
454 1013 652 1085 secundum
677 1041 783 1085 suum
804 1013 1035 1086 intellectum.
1053 998 1126 1086 ’Sic
1144 1017 1256 1085 nimi-

185 1156 268 1202 rum
290 1132 407 1202 visum
427 1147 479 1201 est
497 1130 571 1202 illis
590 1147 629 1202 ut
645 1130 819 1204 dioiru'tus
836 1131 1016 1202 diceretur
1038 1133 1166 1218 Petro,
1192 1133 1259 1230 qui

185 1263 300 1348 caput
318 1265 371 1319 cst
389 1246 502 1337 orbis,
517 1247 639 1349 judee
655 1248 803 1334 saculi,
831 1248 996 1347 claviger
1012 1253 1112 1345 regni
1129 1248 1258 1320 coeles-

184 1369 253 1437 tis:
268 1363 417 1455 Manda‚
431 1366 555 1453 Petne,
575 1366 666 1439 iram
684 1364 728 1438 de
745 1366 859 1451 coeio,
879 1381 919 1435 ut
931 1363 1136 1438 effundatur
1150 1389 1257 1463 super

184 1481 361 1578 populum
375 1481 543 1568 tarisum,
561 1482 668 1553 idest
686 1497 803 1555 totum
821 1478 963 1551 aridum
981 1497 1138 1578 peccato.
1157 1481 1258 1552 Mise-

183 1621 317 1683 rerem,
330 1624 400 1697 pro
410 1598 600 1670 misererer
612 1599 658 1686 ei,
674 1598 701 1669 si
714 1596 886 1695 lacrymas
898 1595 1018 1697 dignae.
1028 1597 1257 1696 poenitentiae

184 1712 272 1785 mihi
291 1714 453 1787 oil'erret.
475 1716 612 1788 Divina
630 1718 764 1816 quippe
782 1716 914 1788 locutio
933 1717 1257 1814 grantrnaticorunt

185 1830 322 1930 regulis
352 1830 519 1932 subjecta
549 1859 622 1904 non
651 1848 724 1919 est,
758 1847 792 1903 et
822 1831 995 1903 lturnanae
1025 1833 1259 1931 loquacitatis

185 1947 323 2022 idioma
344 1952 449 2048 sequi
467 1975 519 2020 erc
535 1954 747 2023 necessitate
763 1953 845 2045 cogi
859 1975 933 2021 non
941 1966 1074 2050 potest.
1095 1949 1167 2020 His
1184 1952 1259 2020 ita-

186 2090 258 2164 que
276 2064 314 2135 in
333 2065 571 2137 Constantino
588 2066 677 2137 uisis
697 2069 809 2135 territi
826 2091 952 2136 sumus
959 2121 972 2153 ,
992 2080 1026 2135 et
1045 2067 1137 2135 inter
1147 2064 1260 2161 pesti·

188 2181 319 2253 lentius
333 2207 379 2253 ac
396 2197 624 2283 tempestates
639 2180 831 2268 bellorum,
850 2208 944 2277 quas
964 2180 1176 2267 toleramus,
1197 2181 1261 2250 im-

186 2301 361 2371 rninentia
374 2299 479 2372 nobis
492 2300 660 2401 pericula
674 2301 868 2388 sentimus,
889 2317 922 2372 et
939 2303 975 2371 in
979 2296 1118 2398 futuro
1135 2298 1261 2371 adlzuc

179 2419 312 2517 pq'ora
317 2414 581 2514 formidamus.

232 2532 319 2606 Haec
336 2531 488 2607 Radulso
510 2534 772 2607 constantiensi
789 2535 958 2633 episcopo
976 2534 1173 2620 referente,
1193 2559 1261 2604 au-

184 2647 323 2722 dientes
354 2651 474 2723 mirati
508 2668 614 2740 sunt,
645 2668 681 2724 et
714 2653 750 2724 in
786 2651 1012 2724 Normannia
1044 2651 1152 2748 paulo
1180 2666 1262 2748 post

184 2768 310 2841 multae
341 2769 558 2842 calamitates
587 2768 770 2842 bellorum
802 2796 843 2842 ac
873 2784 1124 2866 tempestatum
1153 2784 1260 2866 atque

183 2884 288 2958 samis
312 2885 509 2960 subsecuta
532 2903 629 2959 sunt.
656 2886 749 2958 Nam
772 2885 867 2959 idem
887 2885 1019 2984 praesul
1043 2910 1117 2957 non
1142 2885 1261 2957 multo

186 3019 270 3102 post
287 3001 472 3075 defunctus
489 3019 560 3092 est,
584 3020 619 3076 et
637 3001 797 3076 lethifera
817 3002 933 3076 clades
951 3028 1016 3101 per
1034 3017 1146 3076 totam
1162 3001 1262 3076 dioe-

189 3121 298 3194 cesim
314 3123 388 3221 ejus
405 3120 618 3195 debacchata
636 3139 701 3195 est.

238 3237 361 3309 xxss.
394 3239 540 3339 [1089.]
569 3239 679 3313 Anno
704 3239 749 3312 ab
772 3239 1026 3313 incarnatione
1048 3238 1195 3311 Domini
1220 3250 1262 3310 ΜΟ

191 3370 384 3447 txxx⁰1x⁰,
404 3356 601 3431 indictione
619 3369 676 3447 κ’,
701 3357 917 3431 venerabilis
934 3357 1173 3444 Lansrancus,
1192 3356 1264 3428 Do·

190 3471 420 3546 robernensis
432 3471 735 3573 archiepiscopus,
751 3473 937 3546 defunctus
950 3489 1021 3562 est,
1036 3486 1072 3543 et
1086 3471 1264 3543 ecclesias-

191 3590 260 3664 tica
274 3592 467 3690 possessio,
484 3617 565 3692 quae
578 3593 822 3690 metropolitae
835 3588 1081 3689 competebat,
1099 3588 1263 3662 dominio

192 3710 288 3808 regis
306 3734 372 3806 per
391 3709 590 3781 triennium
613 3708 752 3782 subdita
769 3724 833 3781 est.
856 3706 994 3781 Deinde
1013 3733 1111 3781 sacer
1131 3707 1263 3779 Ansel-

192 3851 289 3916 mus,
312 3827 499 3900 Beccensis
518 3825 646 3916 abbas,
667 3826 892 3925 dispensante
908 3827 1003 3914 Deo,
1023 3825 1207 3914 successit,
1229 3840 1265 3897 et

192 4086 268 4157 dire,
282 4088 417 4164 quelques
429 4089 519 4163 lignes
531 4088 595 4164 pius
607 4089 670 4157 bas,
684 4108 740 4164 que
751 4089 791 4144 les
806 4089 971 4145 revelatione
985 4090 1092 4146 divinos
1104 4108 1139 4145 ne
1151 4088 1264 4143 doivent

192 4176 253 4232 titre
265 4177 419 4249 assujetties
432 4177 461 4232 ni
473 4197 526 4233 attx
540 4176 629 4251 riglcs
639 4177 674 4234 de
685 4176 710 4231 ia
722 4178 888 4251 grammaire
901 4179 930 4234 ni
943 4181 958 4232 a
971 4177 1052 4235 celles
1065 4177 1137 4233 dela
1150 4176 1262 4248 langue.
