2888 4934
183 429 577 506 [xv1110-1xv10n0v.1095]
600 425 717 486 LIBER
739 425 873 485 NONUS.
1191 423 1251 485 loo

184 577 303 649 tante,
325 561 382 634 vir
399 562 520 662 magni
542 560 717 649 nominis,
738 557 954 632 N'Aimarus
972 557 1049 655 (1),
1068 553 1252 630 Podiensis

183 679 381 779 episcopus,
389 680 558 769 surrexit,
567 704 690 752 coram
698 675 887 750 cunctisad
894 675 1253 774 Apostolicumrultu

178 796 338 897 jocundo
354 799 517 888 accessit,
538 813 573 870 et
590 822 685 898 genu
700 796 795 870 llexo
808 794 991 869 licentiam
1008 792 1116 867 eundi
1134 810 1172 866 et
1184 792 1253 868 be-

185 912 427 987 nedictionem
439 913 621 1012 poposcit,
640 927 677 986 et
689 908 925 1013 gaudentibus
937 909 1075 982 cunctis
1088 910 1254 1008 impetra-

183 1031 249 1104 rit.
268 1032 420 1130 lnsupcr
435 1033 530 1130 Papa
547 1029 776 1119 mandatum,
796 1045 837 1103 ut
852 1029 885 1103 ei
902 1054 1027 1104 omnes
1042 1025 1252 1119 obedirent,

183 1149 446 1247 promulgavit,
463 1148 651 1249 ipsumque
660 1148 835 1222 vicarium
849 1146 1048 1245 Apostolici
1060 1146 1097 1217 in
1110 1145 1255 1244 expedi·
1330 1204 1337 1219 .

185 1265 283 1340 tione
302 1266 368 1341 Dei
390 1266 589 1341 constituit.
613 1265 705 1338 Erat
727 1265 826 1338 enim
848 1290 999 1337 snmmae
1025 1261 1255 1363 ingenuitatis

182 1396 220 1454 et
231 1408 373 1483 magnae
390 1384 632 1471 strenuitatis,
652 1381 911 1482 industriaeque
926 1379 1129 1481 singularis.

232 1500 355 1600 Legati
369 1525 512 1602 quoque
530 1498 721 1573 Raimundi
738 1499 967 1598 Berengarii,
983 1498 1125 1572 comitis
1138 1497 1256 1570 Tolo-

182 1616 258 1689 sani
273 1618 343 1715 (a),
355 1618 523 1717 protinus
534 1617 732 1707 alluerant,
743 1617 806 1717 qui
818 1616 936 1716 ipsum
947 1642 1030 1688 cum
1040 1613 1164 1688 multis
1178 1614 1257 1686 mil·

185 1730 279 1805 libus
294 1732 339 1806 de
360 1760 425 1807 suo
441 1733 573 1808 ducatu
591 1735 728 1807 iturum
748 1732 855 1832 Papae
873 1732 1096 1820 retulerunt,
1113 1733 1257 1832 jamque

183 1872 331 1922 erucem
346 1848 414 1921 sibi
432 1864 629 1948 coaptasse,
651 1849 689 1922 in
705 1848 862 1922 concilio
884 1849 1001 1921 testati
1025 1862 1120 1921 sunt.
1141 1846 1255 1939 Ecce,

183 1964 261 2039 Deo
277 1966 425 2066 gratias!
444 1966 655 2040 Christianis
672 1967 775 2039 ituris
792 1964 865 2041 duo
881 1966 1040 2041 ultronei
1061 1963 1169 2038 duces
1182 1963 1258 2036 ala·
1328 1988 1330 1993 ·

184 2084 296 2157 criter
328 2098 594 2182 processerunt.
627 2086 720 2157 Ecce
749 2082 988 2157 sacerdotium
1018 2098 1055 2155 et
1082 2106 1256 2182 regnum,

184 2201 360 2274 clericalis
377 2199 468 2275 ordo
489 2217 526 2274 et
542 2201 698 2292 laicalis,
712 2199 756 2273 ad
769 2200 1044 2276 conducendum
1064 2198 1259 2301 phalanges

184 2316 250 2389 Dei
268 2315 502 2390 concordant.
516 2317 716 2416 Episcopus
731 2334 768 2391 et
783 2343 901 2392 comes
913 2317 1075 2415 Moysem
1086 2332 1122 2390 et
1134 2316 1257 2390 Aaron

141 2506 144 2512 .
185 2432 291 2507 nobis
302 2434 602 2535 reimaginantur,
618 2432 749 2534 quibus
760 2434 882 2509 divina
893 2436 1030 2534 pariter
1041 2433 1258 2509 adminicula

221 2703 263 2770 (t)
275 2702 300 2759 Α
314 2700 473 2756 l’iniitation
482 2701 522 2756 du
535 2712 609 2757 texte
621 2700 655 2757 de
667 2701 786 2768 Bandri,
800 2701 827 2756 le
841 2703 994 2757 manuscrit
1004 2701 1040 2757 de
1052 2689 1260 2759 saint-damac

185 2789 294 2864 appelle
312 2801 515 2848 constamment
533 2810 565 2847 ce
582 2790 672 2865 prelat
689 2789 859 2859 Naimarur,
877 2791 946 2865 qu't'l
961 2791 1021 2847 saut
1037 2792 1126 2847 ecrire
1144 2792 1213 2849 dana
1229 2812 1260 2849 oe

186 2896 233 2935 otta
243 2878 432 2954 NAimarus,
446 2880 473 2935 le
486 2880 521 2936 N
530 2880 620 2936 initial
633 2883 711 2935 etant
721 2898 760 2935 un
772 2880 921 2936 diminutis
930 2880 965 2937 de
977 2881 1120 2951 domiuus,
1134 2882 1262 2957 employa

188 2986 225 3023 au
239 2986 340 3041 moyen
353 2969 405 3042 ige
419 2969 487 3024 dans
501 2969 527 3025 le
540 2969 609 3026 midi
625 2970 659 3025 de
674 2971 701 3026 la
712 2971 828 3027 France.
844 2972 922 3027 Nous
934 2990 1017 3028 avons
1030 2993 1082 3029 cru
1094 2973 1189 3030 devoir
1203 2993 1261 3030 res-

188 3068 284 3132 pecter
296 3070 370 3115 cette
384 3060 576 3134 orthographe
588 3061 682 3116 locale.
699 3063 736 3116 Le
749 3062 880 3118 veritable
894 3080 961 3118 nom
973 3063 1008 3119 ‹le
1023 3063 1145 3139 leveque
1157 3064 1197 3118 du
1210 3066 1261 3122 Pui

186 3150 256 3206 ttait
272 3150 432 3219 Adhemar,
450 3164 479 3207 et
495 3171 546 3226 par
562 3153 736 3208 contractiori
752 3175 758 3202 ε
772 3153 871 3209 Aimar
885 3153 920 3209 de
933 3155 1062 3211 Monteil.
1082 3155 1107 3210 ll
1123 3157 1262 3230 patriota

188 3241 349 3315 l'episcopat
361 3261 397 3296 au
408 3243 471 3316 plus
485 3243 548 3298 tarrl
564 3262 623 3300 vers
639 3244 716 3301 108⁰.
732 3243 780 3300 On
794 3245 822 3299 le
836 3245 953 3320 regardo
968 3264 1076 3302 comme
1090 3246 1208 3303 l'auteur
1224 3248 1262 3302 du

192 3331 276 3387 Salve
288 3333 408 3406 Regina.

224 3424 264 3494 (α)
282 3422 436 3492 Raimond‚
459 3426 615 3499 quatrieme
631 3424 671 3479 du
689 3442 770 3491 nom,
790 3425 834 3480 dit
851 3425 886 3480 de
903 3425 1100 3494 saint-uiues,
1118 3426 1264 3483 deurieme

192 3511 235 3566 fils
252 3510 287 3566 de
303 3513 392 3580 Pons,
412 3523 503 3568 comte
521 3513 556 3568 de
573 3513 729 3581 Toulense,
749 3514 794 3568 lut
811 3514 928 3570 d’abord
945 3516 1076 3587 seigneur
1090 3515 1126 3570 de
1143 3527 1223 3573 toute
1239 3519 1264 3574 la

192 3602 306 3675 portion
327 3601 363 3656 de
384 3601 505 3658 l’dveche
523 3602 559 3658 de
579 3603 674 3658 Nimes
694 3602 744 3677 qui
761 3603 883 3657 aroiaine
902 3602 1094 3659 saint-Gilles.
1115 3604 1172 3660 Son
1191 3606 1265 3663 frere

191 3692 354 3748 Guillaume
372 3694 425 3761 IV,
443 3694 493 3768 qui
512 3696 584 3749 avait
599 3697 702 3768 e'pouse
721 3694 833 3761 mma,
855 3693 911 3749 lille
929 3693 964 3748 de
981 3693 1105 3761 Robert,
1123 3707 1214 3754 comte
1230 3700 1266 3756 de

193 3782 332 3852 Mortain,
349 3782 390 3836 lui
407 3782 475 3838 reda
488 3782 515 3837 le
528 3786 620 3838 comte
634 3783 670 3839 de
683 3784 836 3857 Rouergue
851 3801 887 3837 en
903 3781 985 3850 1066,
1003 3785 1065 3857 puis
1078 3785 1104 3840 le
1122 3791 1213 3842 comte
1231 3787 1267 3844 dc

194 3872 337 3928 Toulouse
359 3890 395 3928 en
419 3871 499 3940 1088,
521 3883 550 3927 et
570 3874 657 3945 partit
678 3892 713 3928 en
736 3889 802 3947 ¹09²
823 3889 896 3945 pour
916 3870 941 3926 la
961 3873 1173 3944 Terre-sainte,
1193 3879 1231 3932 ori
1248 3878 1268 3932 il

194 3973 310 4018 mourut
325 3962 431 4017 l'annee
446 3965 580 4018 suivante.
595 3962 735 4019 Raimond
745 3982 873 4020 emmena
883 3967 899 4019 a
910 3963 936 4018 la
948 3965 1074 4020 oroisade
1086 3983 1115 4021 sa
1126 3968 1267 4024 troisiemc

194 4054 313 4121 lemme,
330 4051 435 4120 Elvira,
453 4052 508 4106 ulle
523 4053 660 4109 naturalle
671 4053 814 4110 d'Allonre
829 4055 886 4124 VI,
906 4056 948 4111 roi
962 4055 997 4111 de
1013 4056 1087 4112 Leon
1103 4058 1182 4112 etde
1201 4058 1267 4114 Cas-

194 4143 267 4210 tille,
280 4146 349 4200 ainsi
359 4145 446 4219 qu’un
462 4144 503 4198 srls
515 4163 616 4200 encore
630 4146 738 4209 rulant,
753 4145 821 4219 qn’il
833 4148 905 4202 avait
916 4165 951 4204 cn
964 4147 1057 4213 (Pelle,
1073 4160 1101 4203 et
1110 4147 1181 4204 dont
1192 4148 1268 4203 l’his·

198 4236 268 4290 toirc
282 4237 324 4290 n'a
339 4255 386 4308 pas
400 4238 530 4291 consorve'
544 4235 568 4290 lc
581 4253 655 4290 nom.
