2872 4920
179 420 288 499 [ross]
575 415 851 479 tresuvouns.
1191 417 1253 476 ses

177 565 278 623 sunt.
296 548 398 620 Inter
410 570 501 647 quos
518 547 701 621 Podiensis
714 565 801 621 tunc
816 547 963 646 signiter
979 544 1111 620 occidit
1128 548 1182 644 (1)
1191 601 1202 636 ,
1218 564 1256 621 ct

178 665 250 740 nisi
265 666 369 738 lutere
388 664 600 739 interessent
611 665 781 753 salebrae,
798 690 880 765 quoe
897 665 1078 737 civitatem
1095 689 1114 735 a
1133 665 1256 737 castris

178 781 419 872 dirimebant,
436 800 473 856 et
486 783 677 857 transitum
691 784 852 870 nullum,
868 783 926 855 vel
941 781 1140 872 difficilem,
1157 783 1256 854 sine·

178 898 290 987 bant,
309 900 398 972 laxis
419 897 568 972 habenis
593 900 664 998 ipsa
683 916 914 999 protererent
932 899 1107 986 tentoria,
1133 913 1170 970 et
1190 896 1257 970 de-

178 1014 446 1090 baccharentur
463 1018 499 1088 in
517 1014 809 1089 Christianorum
825 1032 989 1115 gentem,
1006 1040 1088 1115 quae
1103 1015 1176 1113 jam
1192 1013 1257 1085 ali-

179 1133 398 1235 qnantulum
415 1135 647 1231 marcuerat(
675 1135 700 1224 ).

229 1249 475 1341 Buamundus,
490 1249 536 1323 de
550 1251 832 1325 sarracenorum
843 1247 1054 1349 regrediens
1071 1247 1168 1322 bello
1178 1272 1259 1346 per·

140 1423 143 1427 ψ
180 1383 281 1457 acto,
310 1364 372 1440 scd
393 1368 538 1441 modico
564 1367 662 1469 quod
690 1367 961 1467 depraedaretur
988 1366 1157 1452 invento,
1188 1365 1256 1437 alin

180 1484 391 1559 conscendit
409 1502 594 1558 montana.
615 1485 684 1558 Sed
701 1486 737 1557 in
757 1501 894 1557 tantam
911 1500 1007 1557 terra
1021 1486 1095 1584 jam
1115 1482 1256 1556 redacta

180 1603 299 1675 luerat
313 1603 534 1688 vastitatem,
555 1618 595 1674 ut
611 1602 717 1674 multi
736 1603 839 1674 vacui
855 1602 1112 1674 remeaverint.
1134 1600 1258 1672 Incas-

180 1745 263 1792 sum
275 1742 364 1819 ergo
377 1717 643 1807 laboraverant,
656 1719 722 1791 nisi
739 1717 837 1820 quod
851 1719 895 1792 de
907 1719 1036 1790 Turcis
1048 1718 1260 1791 solemniter

181 1834 508 1934 triumphaverant.
527 1835 596 1911 Sed
614 1836 714 1909 nulla
741 1838 888 1910 victoria
907 1836 1038 1909 tamem
1059 1835 1257 1934 extinguit,

180 1952 247 2027 ubi
265 1969 382 2028 totum
392 2009 402 2043 ,
421 1953 521 2055 quod
538 1954 657 2027 mandi
674 1952 819 2046 debeat,
839 1953 971 2027 deficit.
988 1955 1120 2025 Parum
1134 1952 1258 2025 laetitia

181 2069 309 2161 durat,
326 2099 435 2172 quam
448 2090 582 2174 egestas
597 2075 700 2172 panis
714 2073 915 2147 contristat.
936 2071 1084 2144 Reversi
1100 2087 1185 2143 sunt
1199 2097 1260 2142 su·

184 2204 259 2261 tem
269 2186 313 2262 ad
326 2205 456 2279 castra,
473 2216 556 2290 quoe
568 2188 846 2289 perhorrescens
857 2186 1038 2261 sauciabat
1050 2185 1180 2259 inedia.
1192 2185 1260 2257 Ar-

181 2306 297 2379 menii
331 2322 368 2379 et
402 2308 565 2397 Suriani,
605 2308 715 2381 lucris
755 2305 1024 2406 inexplebiliter
1061 2304 1256 2392 inhiantes,

183 2421 406 2498 Christianos
423 2424 567 2499 rediisse
583 2452 714 2500 vacuos
734 2424 919 2513 videntes,
937 2425 982 2497 ad
998 2439 1204 2522 opportuna
1223 2439 1261 2495 et

182 2543 381 2616 remotiora
401 2542 478 2616 loca
489 2542 749 2636 decurrebant,
764 2560 801 2617 et
812 2559 1016 2617 coementes
1029 2540 1163 2615 cibaria
1177 2565 1259 2640 quae

182 2657 428 2758 reperiebant,
445 2661 481 2734 in
493 2679 605 2736 castra
614 2659 835 2750 deserebant,
844 2678 881 2734 et
890 2660 1007 2732 multo
1018 2659 1150 2757 pretio,
1161 2656 1260 2756 quod

182 2777 249 2849 vili
270 2794 477 2877 coemptum
500 2796 599 2867 erat,
622 2776 871 2852 venditabant.
896 2775 1016 2850 Morbi
1043 2776 1119 2848 lues
1145 2789 1258 2847 castra

184 2894 468 2967 contaminabat.
487 2897 643 2970 Ditiorcs
660 2896 773 2971 multa
788 2892 1033 2995 indigentibus
1049 2908 1086 2965 et
1101 2891 1259 2967 ostiatim

182 3012 448 3110 postulantibus
462 3012 611 3087 donaria
630 3013 883 3101 conserebant,
906 3011 966 3086 sed
992 3027 1112 3083 tamen
1136 3008 1259 3082 multis

183 3125 311 3200 diebus
325 3130 499 3203 sustinere
512 3145 568 3204 tot
580 3131 693 3203 millia
708 3155 784 3206 non
799 3146 981 3230 poterant.
1000 3128 1259 3230 Cogitaverunt

218 3399 259 3469 (r)
276 3397 435 3465 Heraclius,
456 3398 689 3470 porte-etendard
705 3400 741 3455 de
758 3399 881 3474 l’eveqne
895 3401 933 3455 dn
949 3401 1016 3467 Pni,
1034 3400 1108 3454 frere
1122 3397 1208 3471 pnlne
1223 3397 1259 3452 de

183 3488 273 3555 Pons,
293 3489 413 3543 vicomte
433 3487 468 3542 de
487 3488 630 3561 Pelignac.
649 3492 699 3545 Les
716 3491 807 3545 ancs
825 3491 1023 3564 s’emparerent
1040 3489 1076 3544 de
1092 3488 1256 3548 l’etendard.

182 3578 302 3635 suivant
317 3577 458 3633 Raimond
474 3577 611 3652 d'Agiles,
627 3598 658 3634 ce
672 3582 803 3654 seigneur
817 3599 852 3636 ne
864 3580 890 3635 le
905 3582 1010 3654 portait
1023 3598 1071 3653 pas
1085 3599 1119 3634 au
1135 3590 1260 3636 moment

182 3671 222 3724 οὺ
238 3668 259 3722 il
276 3679 356 3743 repul
376 3686 412 3724 au
430 3671 521 3743 visage
540 3669 566 3725 le
584 3687 657 3743 coup
673 3670 709 3725 de
727 3671 817 3727 sseche
833 3671 904 3726 dont
920 3670 941 3725 il
959 3679 1088 3736 mourut,
1105 3669 1214 3738 dit-on,
1233 3669 1260 3726 le

181 3777 201 3832 9
210 3759 276 3831 juin
289 3759 406 3814 suivant.

218 3851 260 3921 (a)
269 3848 357 3905 Notre
364 3850 607 3924 autenraneglige
613 3852 649 3907 de
656 3852 748 3926 parler
755 3850 823 3906 d’nn
833 3861 902 3924 pont
911 3850 946 3906 de
956 3850 1082 3920 bateanx,
1094 3851 1142 3925 qni
1154 3849 1257 3907 facilita

182 3938 330 4012 beaucoup
341 3938 381 3994 les
392 3939 552 4014 operatione
561 3939 601 3996 du
613 3942 698 4016 siege,
708 3951 801 4016 etque
810 3940 850 3997 les
862 3940 965 3996 croises
977 3941 1084 3996 avaient
1096 3940 1194 4008 etabli‚
1210 3940 1259 3995 des
1381 3918 1392 3950 '¹

182 4027 224 4082 les
243 4029 380 4101 premiere
393 4030 473 4100 jours
485 4029 523 4085 du
537 4030 626 4105 sie'ge,
643 4050 691 4087 snr
704 4031 847 4099 l’Oronte,
867 4049 902 4086 en
918 4039 1013 4085 nmont
1027 4029 1066 4085 du
1081 4041 1150 4104 pont
1168 4030 1256 4086 d’hn·

182 4118 293 4186 tioche,
309 4121 324 4172 h
344 4138 398 4192 peu
410 4123 473 4194 puts
487 4122 614 4176 vis-h-vis
628 4121 653 4176 la
667 4132 746 4195 porte
761 4122 810 4195 qui
824 4121 881 4195 prit
895 4120 963 4176 dans
981 4120 1005 4175 la
1021 4121 1093 4176 suite
1105 4120 1131 4175 le
1144 4138 1208 4175 nom
1223 4119 1257 4174 dc

183 4217 265 4281 porto
277 4207 315 4273 du
324 4209 392 4262 Duc,
407 4209 429 4262 ll
438 4210 516 4281 s'agit
525 4210 561 4265 ici
571 4209 607 4266 du
618 4212 798 4266 maraissitue
809 4229 845 4266 en
854 4209 1142 4282 avantdelaportedn
1152 4206 1253 4264 Chien.
1352 4264 1357 4275 ,
